15764 25504
1352.0 856.0 976.0 352.0 THE
2664.0 832.0 2368.0 416.0 ENQUIRER

1348.0 1392.0 280.0 124.0 rage

3516.0 1364.0 720.0 124.0 Wednesday.
4284.0 1372.0 268.0 104.0 Wot.
4600.0 1360.0 92.0 120.0 U
4744.0 1364.0 256.0 104.0 1MI

612.0 1828.0 1052.0 328.0 Terror
1776.0 1820.0 216.0 324.0 Is
2096.0 1820.0 300.0 320.0 A
2520.0 1784.0 1856.0 428.0 Two-Edged
4504.0 1784.0 1020.0 336.0 Sword
5880.0 1680.0 212.0 364.0 L

852.0 2324.0 204.0 128.0 AS
1136.0 2320.0 548.0 132.0 NIKITA
1772.0 2316.0 788.0 120.0 Khrushchev
2640.0 2308.0 416.0 120.0 threat-

628.0 2524.0 300.0 124.0 ened
1192.0 2520.0 588.0 148.0 fortnight
1864.0 2548.0 228.0 120.0 tfo
2176.0 2516.0 136.0 120.0 la
2400.0 2516.0 196.0 120.0 his
2688.0 2512.0 364.0 120.0 saber

628.0 2728.0 500.0 124.0 rattlme
1232.0 2724.0 420.0 120.0 neecb
1764.0 2724.0 140.0 116.0 to
2012.0 2720.0 212.0 116.0 the
2344.0 2712.0 764.0 128.0 Oommunlet

3240.0 2468.0 576.0 144.0 DAILY
3904.0 2464.0 964.0 148.0 THOUGHT:

3452.0 2672.0 236.0 116.0 Art
3764.0 2672.0 112.0 116.0 ia
3940.0 2668.0 448.0 148.0 simply
4448.0 2700.0 76.0 88.0 a
4584.0 2664.0 352.0 148.0 right
5004.0 2664.0 488.0 120.0 method
5564.0 2664.0 136.0 148.0 of

1300.0 2932.0 60.0 44.0 ,
1900.0 2924.0 188.0 52.0 ...
2184.0 2920.0 80.0 56.0 o
2440.0 2916.0 20.0 28.0 .
2544.0 2920.0 32.0 28.0 .
2696.0 2916.0 232.0 60.0 TTi
3168.0 2928.0 28.0 40.0 .
3236.0 2840.0 356.0 136.0 doing
3664.0 2840.0 436.0 136.0 things.
4208.0 2840.0 252.0 116.0 The
4532.0 2844.0 236.0 116.0 teat
4840.0 2836.0 148.0 116.0 of
5056.0 2836.0 196.0 120.0 the
5320.0 2836.0 376.0 120.0 artist

624.0 2976.0 352.0 104.0 puxy
2184.0 2976.0 88.0 68.0 "
3584.0 3016.0 224.0 112.0 not
3884.0 3012.0 152.0 112.0 lie
4108.0 3004.0 140.0 124.0 in
4328.0 3008.0 200.0 124.0 ffte
4600.0 3008.0 252.0 120.0 win
4924.0 3008.0 204.0 116.0 wit

620.0 3128.0 516.0 156.0 Monday
1204.0 3124.0 632.0 124.0 cletonated
1900.0 3156.0 76.0 92.0 a
2040.0 3120.0 752.0 152.0 superbomb,
2860.0 3156.0 240.0 84.0 one

616.0 3332.0 292.0 124.0 with
964.0 3364.0 84.0 88.0 a
1112.0 3332.0 336.0 124.0 force
1504.0 3328.0 628.0 148.0 exceeding
2196.0 3324.0 160.0 124.0 50
2420.0 3332.0 672.0 140.0 megatons.

608.0 3540.0 156.0 120.0 2a
828.0 3536.0 364.0 152.0 doing
1260.0 3568.0 172.0 108.0 so,
1496.0 3532.0 216.0 120.0 the
1784.0 3532.0 528.0 124.0 Kremlin
2384.0 3528.0 716.0 124.0 abandoned

612.0 3772.0 248.0 120.0 any
916.0 3736.0 660.0 148.0 remaining
1636.0 3732.0 368.0 124.0 shred
2072.0 3732.0 144.0 124.0 of
2284.0 3732.0 172.0 124.0 ha
2524.0 3728.0 356.0 124.0 claim
2948.0 3736.0 152.0 120.0 of

608.0 3968.0 348.0 128.0 yean
1016.0 3944.0 292.0 152.0 past
1364.0 3940.0 128.0 120.0 to
1552.0 3932.0 156.0 124.0 be
1772.0 3936.0 648.0 120.0 concerned
2480.0 3928.0 300.0 128.0 with
2844.0 3932.0 208.0 124.0 dis-

684.0 4140.0 628.0 144.0 rmameat,
1376.0 4140.0 284.0 124.0 with
1728.0 4140.0 216.0 120.0 the
2008.0 4136.0 548.0 152.0 relaxing
2616.0 4136.0 144.0 124.0 of
2824.0 4140.0 220.0 116.0 ten-

596.0 4348.0 260.0 120.0 sion
984.0 4376.0 148.0 92.0 or
1200.0 4344.0 284.0 120.0 with
1548.0 4340.0 648.0 152.0 legitimate
2268.0 4340.0 244.0 120.0 self
2548.0 4340.0 544.0 124.0 defense.

600.0 4548.0 240.0 120.0 For
896.0 4548.0 208.0 120.0 the
1164.0 4544.0 692.0 124.0 detonation
1908.0 4548.0 136.0 120.0 of
2096.0 4540.0 256.0 124.0 this
2412.0 4544.0 356.0 120.0 bomb
2824.0 4576.0 268.0 88.0 was

596.0 4784.0 172.0 92.0 an
824.0 4756.0 196.0 116.0 act
1080.0 4748.0 152.0 124.0 of
1292.0 4752.0 648.0 140.0 terrorism,
2000.0 4752.0 220.0 120.0 not
2280.0 4752.0 144.0 120.0 of
2484.0 4744.0 608.0 128.0 scientific

592.0 4948.0 1048.0 156.0 experimentation
1700.0 4984.0 156.0 92.0 or
1908.0 4952.0 136.0 124.0 of
2096.0 4948.0 536.0 152.0 military
2692.0 4984.0 348.0 120.0 weap-

592.0 5188.0 228.0 92.0 ons
868.0 5148.0 848.0 164.0 development.

804.0 5416.0 280.0 124.0 Two
1192.0 5412.0 320.0 128.0 facts
1620.0 5412.0 372.0 124.0 about
2100.0 5412.0 256.0 124.0 this
2468.0 5408.0 612.0 156.0 explosion

588.0 5616.0 300.0 124.0 need
936.0 5616.0 636.0 152.0 emphasis.
1712.0 5616.0 352.0 140.0 First,
2120.0 5648.0 84.0 84.0 a
2260.0 5612.0 364.0 124.0 bomb
2680.0 5612.0 136.0 120.0 of
2864.0 5616.0 164.0 120.0 50-

588.0 5824.0 564.0 148.0 megaton
1204.0 5848.0 392.0 124.0 power
1644.0 5812.0 236.0 124.0 has
1928.0 5852.0 156.0 88.0 no
2132.0 5812.0 536.0 156.0 military
2720.0 5816.0 360.0 120.0 value

580.0 6020.0 648.0 148.0 whatever,
1292.0 6016.0 456.0 156.0 beyond
1808.0 6020.0 268.0 120.0 that
2128.0 6016.0 148.0 120.0 of
2332.0 6024.0 256.0 120.0 two
2644.0 6012.0 432.0 132.0 bombs

580.0 6224.0 540.0 128.0 one-half
1200.0 6256.0 148.0 88.0 or
1420.0 6252.0 296.0 92.0 even
1800.0 6216.0 600.0 128.0 one-third
2480.0 6220.0 220.0 124.0 the
2780.0 6224.0 292.0 120.0 size.

580.0 6428.0 532.0 152.0 Military
1204.0 6456.0 256.0 92.0 men
1548.0 6424.0 136.0 128.0 in
1764.0 6424.0 164.0 124.0 all
2008.0 6424.0 616.0 124.0 countries
2712.0 6420.0 364.0 124.0 know

572.0 6632.0 284.0 124.0 that
960.0 6624.0 464.0 128.0 several
1544.0 6628.0 356.0 120.0 much
2020.0 6628.0 492.0 120.0 smaller
2640.0 6628.0 428.0 120.0 bombs

572.0 6828.0 388.0 128.0 would
1020.0 6832.0 160.0 120.0 be
1240.0 6860.0 312.0 96.0 more
1616.0 6828.0 596.0 120.0 effective.
2360.0 6824.0 704.0 152.0 Therefore,

572.0 7036.0 252.0 120.0 this
868.0 7064.0 260.0 92.0 was
1176.0 7036.0 208.0 120.0 not
1428.0 7064.0 76.0 88.0 a
1552.0 7032.0 324.0 124.0 valid
1924.0 7032.0 544.0 148.0 example
2516.0 7036.0 144.0 120.0 of
2708.0 7064.0 304.0 120.0 prov-

568.0 7240.0 212.0 152.0 ing
828.0 7268.0 76.0 92.0 a
960.0 7268.0 276.0 92.0 new
1284.0 7264.0 136.0 92.0 or
1468.0 7232.0 604.0 156.0 improved
2128.0 7264.0 540.0 120.0 weapon.
2732.0 7236.0 332.0 124.0 Such

564.0 7472.0 88.0 92.0 a
716.0 7440.0 352.0 128.0 bomb
1132.0 7468.0 228.0 96.0 can
1420.0 7436.0 308.0 124.0 have
1804.0 7436.0 212.0 120.0 but
2076.0 7468.0 236.0 92.0 one
2380.0 7468.0 532.0 128.0 purpose-

560.0 7648.0 148.0 120.0 to
756.0 7636.0 564.0 132.0 terrorize
1368.0 7640.0 348.0 120.0 other
1764.0 7636.0 512.0 160.0 peoples.

788.0 7900.0 492.0 148.0 Second,
1324.0 7932.0 132.0 88.0 as
1496.0 7896.0 528.0 128.0 Swedish
2064.0 7900.0 628.0 128.0 scientists
2732.0 7900.0 324.0 124.0 have

560.0 8104.0 340.0 124.0 made
944.0 8104.0 356.0 144.0 clear,
1344.0 8104.0 92.0 124.0 It
1472.0 8132.0 260.0 100.0 was
1772.0 8136.0 80.0 92.0 a
1892.0 8100.0 472.0 152.0 "dirty"
2412.0 8104.0 388.0 124.0 bomb.
2924.0 8104.0 128.0 128.0 It

556.0 8304.0 596.0 160.0 produced
1200.0 8300.0 716.0 128.0 radioactive
1960.0 8304.0 632.0 156.0 poisoning
2640.0 8308.0 140.0 120.0 of
2828.0 8312.0 220.0 120.0 the

556.0 8484.0 468.0 124.0 world's
1096.0 8480.0 760.0 156.0 atmosphere
1924.0 8484.0 200.0 120.0 far
2200.0 8488.0 228.0 116.0 out
2496.0 8488.0 144.0 120.0 of
2712.0 8488.0 336.0 120.0 scale

548.0 8692.0 300.0 92.0 eves
908.0 8656.0 304.0 124.0 with
1276.0 8656.0 200.0 120.0 the
1540.0 8664.0 352.0 144.0 great
1952.0 8656.0 612.0 148.0 explosive
2632.0 8692.0 416.0 124.0 power

544.0 8840.0 148.0 116.0 of
744.0 8840.0 200.0 116.0 the
1008.0 8864.0 516.0 120.0 weapon.
1668.0 8836.0 288.0 116.0 This
2012.0 8832.0 268.0 120.0 also
2340.0 8844.0 704.0 140.0 represents

548.0 9044.0 88.0 88.0 a
676.0 9008.0 632.0 124.0 deliberate
1340.0 9040.0 208.0 92.0 use
1588.0 9008.0 144.0 120.0 of
1772.0 9012.0 384.0 120.0 terror
2196.0 9044.0 148.0 88.0 as
2384.0 9044.0 160.0 88.0 an
2584.0 9016.0 400.0 120.0 instru-

544.0 9192.0 324.0 116.0 ment
932.0 9188.0 148.0 120.0 of
1148.0 9184.0 404.0 156.0 policy,
1624.0 9184.0 212.0 120.0 for
1896.0 9184.0 344.0 120.0 there
2312.0 9188.0 116.0 124.0 is
2496.0 9220.0 164.0 92.0 no
2728.0 9192.0 252.0 120.0 mili-

540.0 9372.0 284.0 144.0 tary
908.0 9360.0 672.0 148.0 advantage
1684.0 9356.0 132.0 124.0 in
1908.0 9356.0 544.0 152.0 working
2556.0 9368.0 480.0 148.0 genetic

540.0 9544.0 500.0 140.0 damage
1128.0 9536.0 452.0 120.0 around
1676.0 9536.0 216.0 120.0 the
1976.0 9536.0 588.0 124.0 northern
536.0 9540.0 2444.0 324.0 hemisphere-

1100.0 9712.0 636.0 152.0 especially
1796.0 9708.0 336.0 132.0 when
2196.0 9716.0 220.0 120.0 the
2480.0 9716.0 552.0 120.0 heaviest

536.0 9892.0 216.0 120.0 fall
760.0 9896.0 252.0 116.0 -out
1100.0 9884.0 644.0 156.0 inevitably
1832.0 9884.0 228.0 128.0 will
2148.0 9920.0 364.0 88.0 occur
2600.0 9924.0 428.0 92.0 across

536.0 10068.0 388.0 120.0 Soviet
972.0 10068.0 604.0 152.0 territory.

724.0 10328.0 264.0 124.0 Men
1032.0 10324.0 280.0 128.0 who
1352.0 10320.0 248.0 128.0 rule
1648.0 10324.0 316.0 124.0 their
2004.0 10324.0 480.0 152.0 subject
2532.0 10324.0 492.0 160.0 peoples

532.0 10500.0 168.0 152.0 by
760.0 10512.0 392.0 112.0 terror
1216.0 10532.0 476.0 92.0 assume
1764.0 10500.0 264.0 124.0 that
2092.0 10508.0 412.0 116.0 terror
2564.0 10536.0 228.0 88.0 can
2864.0 10504.0 156.0 120.0 be

532.0 10676.0 612.0 152.0 employed
1224.0 10676.0 248.0 124.0 also
1552.0 10708.0 152.0 88.0 as
1784.0 10712.0 80.0 92.0 a
1936.0 10680.0 252.0 120.0 tool
2268.0 10680.0 140.0 120.0 of
2484.0 10680.0 480.0 120.0 interna-

532.0 10852.0 356.0 124.0 tional
928.0 10852.0 420.0 152.0 policy.
1388.0 10856.0 532.0 152.0 Usually,
1964.0 10856.0 296.0 148.0 they
2296.0 10888.0 216.0 88.0 are
2552.0 10888.0 460.0 120.0 wrong.

4924.0 3008.0 296.0 120.0 with
5292.0 3008.0 404.0 124.0 which

3232.0 3180.0 148.0 116.0 he
3424.0 3212.0 292.0 112.0 goes
3768.0 3188.0 124.0 112.0 to
3932.0 3180.0 372.0 144.0 icork,
4348.0 3180.0 208.0 116.0 but
4596.0 3180.0 128.0 116.0 in
4772.0 3180.0 220.0 120.0 the
5036.0 3184.0 656.0 120.0 excellence

3228.0 3352.0 136.0 144.0 of
3416.0 3352.0 204.0 116.0 the
3676.0 3352.0 332.0 116.0 work
4056.0 3352.0 156.0 120.0 he
4264.0 3352.0 616.0 140.0 produces.

4404.0 3520.0 512.0 124.0 Thomas
4964.0 3520.0 576.0 156.0 Aquinas.

3228.0 3940.0 116.0 124.0 A
3384.0 3944.0 396.0 120.0 Hitler
3820.0 3944.0 332.0 124.0 could
4192.0 3944.0 348.0 124.0 make
4580.0 3980.0 336.0 88.0 some
4960.0 3948.0 340.0 152.0 gains
5348.0 3948.0 296.0 124.0 with-

3224.0 4120.0 212.0 116.0 out
3484.0 4152.0 264.0 84.0 war
3800.0 4120.0 160.0 152.0 by
4008.0 4124.0 692.0 148.0 terrorizing
4756.0 4128.0 468.0 116.0 weaker
5280.0 4124.0 368.0 152.0 neigh-

3228.0 4292.0 300.0 120.0 bors.
3692.0 4288.0 656.0 132.0 Barbarian
4420.0 4332.0 712.0 116.0 conquerors
5200.0 4300.0 140.0 120.0 of
5416.0 4336.0 228.0 88.0 cen-

3216.0 4472.0 376.0 120.0 turies
3684.0 4476.0 276.0 144.0 past
4036.0 4472.0 680.0 120.0 sometimes
4804.0 4504.0 320.0 96.0 were
5200.0 4472.0 272.0 124.0 able
5564.0 4484.0 128.0 112.0 to

3220.0 4644.0 436.0 120.0 extend
3780.0 4644.0 304.0 120.0 their
4192.0 4648.0 500.0 148.0 empires
4816.0 4648.0 172.0 148.0 by
5096.0 4648.0 232.0 128.0 fire
5452.0 4652.0 240.0 120.0 and

3220.0 4820.0 420.0 140.0 sword,
3744.0 4820.0 156.0 148.0 by
3984.0 4824.0 696.0 140.0 terrorizing
4768.0 4820.0 412.0 128.0 victim
5268.0 4824.0 416.0 120.0 tribes.

3216.0 4992.0 240.0 124.0 But
3524.0 4996.0 352.0 124.0 when
3948.0 5000.0 300.0 120.0 such
4328.0 5000.0 424.0 116.0 tactics
4828.0 5004.0 148.0 116.0 of
5048.0 4996.0 640.0 124.0 deliberate

3220.0 5172.0 612.0 116.0 terrorism
3916.0 5172.0 300.0 120.0 have
4308.0 5172.0 284.0 124.0 been
4680.0 5172.0 440.0 124.0 turned
5196.0 5176.0 492.0 144.0 against

3212.0 5348.0 472.0 144.0 equally
3748.0 5344.0 568.0 156.0 powerful
4380.0 5352.0 412.0 140.0 states,
4856.0 5380.0 152.0 88.0 or
5064.0 5348.0 620.0 120.0 coalitions

3216.0 5520.0 136.0 120.0 of
3384.0 5528.0 424.0 132.0 states,
3852.0 5520.0 648.0 128.0 barbarous
4540.0 5524.0 388.0 120.0 rulers
4968.0 5524.0 292.0 120.0 have
5300.0 5524.0 384.0 124.0 found

3212.0 5696.0 268.0 120.0 that
3520.0 5704.0 400.0 112.0 terror
3960.0 5700.0 104.0 120.0 is
4108.0 5732.0 80.0 84.0 a
4232.0 5700.0 748.0 144.0 boomerang.

3424.0 5956.0 192.0 140.0 So,
3720.0 5992.0 176.0 84.0 we
3984.0 5956.0 476.0 140.0 believe,
4556.0 5956.0 788.0 124.0 Khrushchev
5444.0 5956.0 236.0 132.0 will

3208.0 6128.0 252.0 124.0 find
3520.0 6136.0 144.0 116.0 it.
3808.0 6136.0 176.0 144.0 By
4040.0 6136.0 200.0 120.0 his
4308.0 6136.0 824.0 148.0 irresponsible
5192.0 6136.0 248.0 120.0 and
5508.0 6136.0 120.0 120.0 in-

3208.0 6312.0 476.0 116.0 sensate
3728.0 6316.0 224.0 132.0 act,
3988.0 6308.0 152.0 120.0 he
4180.0 6312.0 232.0 116.0 has
4448.0 6316.0 204.0 116.0 not
4688.0 6312.0 408.0 116.0 cowed
5132.0 6312.0 208.0 116.0 the
5384.0 6340.0 244.0 88.0 non-

3204.0 6480.0 732.0 124.0 Communist
3996.0 6484.0 408.0 120.0 world.
4540.0 6484.0 188.0 120.0 On
4792.0 6484.0 228.0 120.0 the
5076.0 6492.0 596.0 140.0 contrary,

3200.0 6656.0 152.0 120.0 he
3420.0 6656.0 232.0 124.0 has
3720.0 6660.0 644.0 124.0 infuriated
4428.0 6660.0 152.0 120.0 its
4648.0 6660.0 476.0 120.0 leaders
5192.0 6660.0 244.0 120.0 and
5508.0 6656.0 168.0 120.0 its

3204.0 6832.0 508.0 148.0 peoples.
3832.0 6832.0 172.0 120.0 He
4048.0 6836.0 232.0 120.0 has
4324.0 6832.0 652.0 152.0 impressed
5020.0 6836.0 316.0 116.0 them
5384.0 6836.0 288.0 148.0 only

3200.0 7008.0 276.0 120.0 with
3544.0 7012.0 204.0 120.0 his
3808.0 7016.0 600.0 144.0 contempt
4468.0 7012.0 200.0 120.0 for
4724.0 7008.0 672.0 148.0 humanity,
5472.0 7012.0 200.0 116.0 for

3196.0 7180.0 148.0 128.0 he
3388.0 7184.0 104.0 116.0 is
3532.0 7184.0 532.0 152.0 working
4108.0 7220.0 168.0 88.0 an
4320.0 7184.0 888.0 124.0 indeterminate
5252.0 7184.0 416.0 148.0 injury

3188.0 7360.0 136.0 116.0 to
3380.0 7360.0 564.0 124.0 mankind
4008.0 7364.0 160.0 148.0 by
4232.0 7396.0 84.0 88.0 a
4376.0 7360.0 340.0 120.0 bomb
4776.0 7364.0 260.0 116.0 test
5092.0 7360.0 272.0 120.0 that
5436.0 7364.0 228.0 112.0 has

3188.0 7568.0 156.0 88.0 no
3404.0 7536.0 524.0 152.0 military
3984.0 7568.0 140.0 92.0 or
4188.0 7536.0 576.0 124.0 scientific
4828.0 7532.0 828.0 156.0 justification.

3404.0 7792.0 508.0 152.0 History
3960.0 7796.0 472.0 120.0 affords
4480.0 7832.0 72.0 88.0 a
4600.0 7792.0 292.0 152.0 long
4944.0 7792.0 196.0 124.0 list
5184.0 7796.0 140.0 120.0 of
5376.0 7828.0 232.0 116.0 ego-

3184.0 7972.0 532.0 120.0 maniacs
3780.0 7976.0 252.0 116.0 who
4092.0 7976.0 444.0 144.0 sought
4596.0 7972.0 376.0 120.0 world
5036.0 8000.0 396.0 120.0 power
5500.0 7972.0 160.0 148.0 by

3176.0 8148.0 596.0 148.0 imposing
3856.0 8184.0 76.0 84.0 a
4016.0 8148.0 344.0 148.0 reign
4452.0 8148.0 132.0 120.0 of
4676.0 8156.0 432.0 132.0 terror,
5204.0 8148.0 168.0 148.0 by
5476.0 8152.0 132.0 112.0 at-

3180.0 8324.0 584.0 148.0 tempting
3836.0 8324.0 128.0 120.0 to
4036.0 8328.0 452.0 120.0 subdue
4560.0 8324.0 488.0 124.0 nations
5116.0 8324.0 536.0 148.0 through

3176.0 8500.0 292.0 124.0 fear.
3620.0 8504.0 348.0 120.0 Some
4028.0 8500.0 144.0 120.0 of
4236.0 8500.0 320.0 120.0 them
4624.0 8528.0 276.0 88.0 won
4968.0 8504.0 684.0 144.0 temporary

3172.0 8672.0 560.0 124.0 victories
3824.0 8676.0 156.0 148.0 by
4068.0 8680.0 348.0 116.0 these
4504.0 8672.0 596.0 124.0 shameful
5188.0 8704.0 452.0 88.0 means.

3172.0 8852.0 332.0 120.0 None
3580.0 8852.0 148.0 124.0 of
3804.0 8852.0 764.0 120.0 themnone
4644.0 8852.0 144.0 120.0 of
4864.0 8852.0 324.0 116.0 them
5340.0 8848.0 308.0 124.0 built

3172.0 9028.0 580.0 148.0 enduring
3832.0 9036.0 552.0 140.0 systems,
4472.0 9028.0 504.0 120.0 because
5060.0 9032.0 396.0 116.0 terror
5540.0 9024.0 104.0 124.0 is

3168.0 9208.0 212.0 116.0 not
3436.0 9204.0 288.0 124.0 that
3776.0 9204.0 300.0 148.0 good
4136.0 9236.0 88.0 88.0 a
4284.0 9204.0 268.0 140.0 tool,
4616.0 9200.0 488.0 148.0 against
5164.0 9236.0 280.0 88.0 men
5508.0 9204.0 136.0 116.0 of

3164.0 9380.0 472.0 148.0 dignity
3756.0 9384.0 224.0 116.0 and
4096.0 9412.0 544.0 116.0 courage.
4764.0 9380.0 436.0 120.0 Terror
5324.0 9376.0 112.0 120.0 is
5560.0 9412.0 80.0 84.0 a

3164.0 9556.0 384.0 116.0 sword
3596.0 9556.0 276.0 120.0 that
3912.0 9560.0 268.0 120.0 cuts
4232.0 9556.0 280.0 124.0 both
4560.0 9584.0 376.0 116.0 ways.

3384.0 9812.0 340.0 124.0 Until
3768.0 9812.0 524.0 128.0 Premier
4332.0 9816.0 780.0 120.0 Khrushchev
5156.0 9812.0 244.0 124.0 and
5448.0 9812.0 188.0 120.0 his

3160.0 9992.0 664.0 148.0 colleagues
3892.0 9992.0 332.0 124.0 learn
4300.0 9992.0 200.0 120.0 the
4568.0 9992.0 472.0 152.0 futility
5100.0 9992.0 136.0 116.0 of
5308.0 9984.0 328.0 124.0 their

3156.0 10196.0 452.0 112.0 course,
3664.0 10200.0 176.0 88.0 we
3888.0 10164.0 120.0 124.0 in
4056.0 10168.0 548.0 120.0 America
4652.0 10168.0 320.0 124.0 have
5020.0 10200.0 144.0 88.0 no
5216.0 10164.0 412.0 120.0 choice

3160.0 10340.0 212.0 120.0 but
3412.0 10344.0 136.0 116.0 to
3592.0 10344.0 344.0 120.0 make
3976.0 10344.0 440.0 148.0 doubly
4456.0 10372.0 272.0 96.0 sure
4772.0 10348.0 132.0 116.0 in
4952.0 10372.0 352.0 116.0 every
5352.0 10372.0 224.0 116.0 pos-

3156.0 10516.0 284.0 124.0 sible
3504.0 10552.0 280.0 116.0 way
3844.0 10516.0 268.0 124.0 that
4180.0 10552.0 180.0 88.0 we
4424.0 10552.0 200.0 88.0 are
4692.0 10524.0 556.0 140.0 stronger
5316.0 10520.0 308.0 116.0 than

3152.0 10692.0 208.0 120.0 the
3416.0 10692.0 396.0 124.0 USSR
3868.0 10696.0 124.0 124.0 in
4052.0 10692.0 224.0 120.0 the
4340.0 10696.0 264.0 148.0 only
4672.0 10692.0 292.0 124.0 kind
5024.0 10696.0 132.0 120.0 of
5216.0 10720.0 408.0 128.0 power

3152.0 10868.0 268.0 124.0 that
3472.0 10872.0 404.0 124.0 Soviet
3916.0 10872.0 468.0 120.0 leaders
4432.0 10868.0 636.0 152.0 recognize.

5880.0 912.0 476.0 124.0 tr
7488.0 892.0 60.0 52.0 '
7720.0 888.0 44.0 92.0 f
10088.0 864.0 24.0 44.0 '
10620.0 848.0 336.0 172.0 7f

5880.0 2248.0 368.0 488.0 f
7664.0 2248.0 1128.0 496.0 Am
9792.0 2248.0 888.0 552.0 &.'i
10848.0 2248.0 576.0 312.0 m

6368.0 2960.0 448.0 528.0 It'
7400.0 2952.0 3728.0 536.0 SQFLMfcvPK

11724.0 1008.0 828.0 136.0 tnsscest
12676.0 984.0 916.0 168.0 lyataader

11708.0 1348.0 960.0 232.0 Ollie
12868.0 1352.0 332.0 220.0 M.
13432.0 1336.0 1212.0 228.0 JAMES
14764.0 1264.0 288.0 284.0 W

11064.0 1972.0 48.0 116.0 C
11628.0 1916.0 956.0 172.0 Wednesday
12672.0 1908.0 764.0 164.0 Whatnoti

11048.0 2088.0 152.0 136.0 It
11732.0 2176.0 28.0 48.0 ,
12064.0 2148.0 380.0 76.0 inrw
12536.0 2136.0 300.0 88.0 at.t.
12888.0 2140.0 52.0 84.0 t
13152.0 2124.0 260.0 100.0 tAlk
13472.0 2120.0 368.0 104.0 about
13900.0 2144.0 80.0 80.0 a
14036.0 2108.0 688.0 116.0 nooulation
14776.0 2104.0 636.0 120.0 exolosfon.

11628.0 2340.0 180.0 84.0 we
11852.0 2336.0 224.0 84.0 are
12120.0 2300.0 396.0 132.0 happy
12556.0 2296.0 140.0 108.0 to
12736.0 2292.0 408.0 136.0 report
13188.0 2308.0 80.0 84.0 a
13312.0 2268.0 432.0 144.0 turkey
13796.0 2256.0 608.0 148.0 explosion
14568.0 2248.0 372.0 120.0 which
14992.0 2256.0 424.0 124.0 should

11628.0 2452.0 148.0 116.0 be
11856.0 2444.0 364.0 120.0 much
12292.0 2432.0 392.0 124.0 easier
12764.0 2432.0 140.0 112.0 to
12980.0 2420.0 260.0 120.0 deal
13324.0 2416.0 316.0 112.0 with.
13812.0 2412.0 220.0 112.0 We
14112.0 2404.0 200.0 120.0 kid
14400.0 2404.0 288.0 116.0 thee
14764.0 2408.0 248.0 108.0 not
15172.0 2404.0 244.0 124.0 The

11628.0 2592.0 576.0 128.0 National
12276.0 2576.0 768.0 128.0 Association
13112.0 2568.0 140.0 120.0 of
13328.0 2560.0 480.0 144.0 Turkey
13888.0 2552.0 560.0 116.0 Growers
14528.0 2548.0 112.0 120.0 is
14716.0 2548.0 356.0 116.0 much
15148.0 2580.0 216.0 88.0 con-

11628.0 2744.0 444.0 120.0 cerned
12132.0 2760.0 288.0 92.0 over
12480.0 2760.0 88.0 84.0 a
12632.0 2724.0 332.0 140.0 large
13024.0 2716.0 532.0 116.0 increase
13620.0 2708.0 128.0 116.0 in
13820.0 2704.0 224.0 116.0 the
14104.0 2700.0 448.0 144.0 turkey
14620.0 2720.0 312.0 120.0 crop,
15004.0 2696.0 236.0 120.0 and
15304.0 2700.0 112.0 116.0 is

11620.0 2888.0 420.0 124.0 urging
12080.0 2880.0 188.0 108.0 the
12308.0 2880.0 560.0 100.0 Kennedy
12908.0 2880.0 380.0 92.0 ramuj
13344.0 2880.0 124.0 76.0 w

12524.0 3032.0 184.0 76.0 lOf
12788.0 3032.0 196.0 68.0 U1B
13064.0 3032.0 396.0 60.0 nauuu

11624.0 3028.0 180.0 76.0 wt
11880.0 3020.0 216.0 84.0 the
12168.0 3028.0 276.0 76.0 nice

11624.0 3156.0 144.0 120.0 by
11848.0 3148.0 584.0 108.0 featuring"
12512.0 3132.0 408.0 112.0 turkey
13000.0 3120.0 464.0 104.0 dinners

11620.0 3288.0 128.0 104.0 In
11848.0 3284.0 212.0 100.0 the
12156.0 3276.0 356.0 100.0 White
12612.0 3268.0 376.0 100.0 House
13084.0 3252.0 376.0 100.0 before

11616.0 3408.0 880.0 120.0 Thanksgiving.

11740.0 3548.0 252.0 104.0 The
12092.0 3544.0 392.0 116.0 slogan
12584.0 3544.0 264.0 96.0 may
12944.0 3520.0 140.0 100.0 be
13172.0 3512.0 292.0 100.0 "two

11616.0 3684.0 480.0 116.0 turkeys
12140.0 3676.0 120.0 104.0 In
12312.0 3680.0 332.0 100.0 every
12696.0 3656.0 288.0 124.0 pot"
13060.0 3648.0 404.0 108.0 Unless

11612.0 3804.0 624.0 124.0 somebody
12352.0 3788.0 688.0 116.0 remembers
13156.0 3776.0 308.0 100.0 what

11616.0 3952.0 708.0 116.0 happens
12444.0 3932.0 432.0 96.0 when
12996.0 3908.0 472.0 108.0 Herbest

11616.0 4088.0 452.0 96.0 Hoover
12140.0 4088.0 204.0 88.0 ran
12420.0 4084.0 164.0 80.0 on
12660.0 4060.0 200.0 100.0 the
12936.0 4040.0 524.0 132.0 promise:

11656.0 4216.0 300.0 100.0 Two
12024.0 4200.0 540.0 108.0 chickens
12632.0 4188.0 124.0 104.0 to
12832.0 4196.0 328.0 100.0 every
13232.0 4172.0 232.0 120.0 pot,

11616.0 4348.0 228.0 100.0 two
11892.0 4360.0 256.0 84.0 cars
12192.0 4336.0 116.0 100.0 In
12356.0 4344.0 336.0 96.0 every
12736.0 4312.0 496.0 136.0 garage."
13280.0 4308.0 180.0 96.0 On

11616.0 4472.0 436.0 108.0 second
12176.0 4456.0 524.0 124.0 thought,
12828.0 4444.0 308.0 108.0 what
13268.0 4432.0 188.0 104.0 did

11616.0 4600.0 532.0 132.0 happen?

11740.0 4796.0 200.0 100.0 We
11984.0 4784.0 332.0 136.0 Ugnk
12352.0 4772.0 312.0 108.0 what
12704.0 4768.0 196.0 104.0 the
12944.0 4752.0 516.0 116.0 National

11616.0 4888.0 704.0 144.0 AMOcUtaon
12392.0 4912.0 128.0 100.0 ef
12584.0 4904.0 444.0 112.0 Turkey
13092.0 4896.0 324.0 96.0 Grow-

11620.0 5084.0 192.0 84.0 ers
11880.0 5052.0 352.0 120.0 really
12296.0 5040.0 416.0 108.0 sheuld
12784.0 5036.0 152.0 96.0 do
13004.0 5024.0 100.0 104.0 is
13172.0 5016.0 292.0 108.0 start

11616.0 5220.0 76.0 76.0 a
11728.0 5204.0 400.0 92.0 rumor
12160.0 5180.0 256.0 108.0 that
12448.0 5172.0 468.0 112.0 turkeys
12952.0 5176.0 188.0 88.0 sre
13180.0 5172.0 240.0 84.0 non-

11616.0 5320.0 608.0 120.0 fattening,
12268.0 5304.0 356.0 112.0 sinful
12672.0 5300.0 232.0 104.0 and
12952.0 5288.0 216.0 100.0 will
13216.0 5308.0 204.0 96.0 pro-

11612.0 5460.0 244.0 100.0 tect
11944.0 5472.0 220.0 104.0 you
12252.0 5440.0 452.0 120.0 against
12788.0 5416.0 672.0 112.0 radioactive

11616.0 5588.0 456.0 104.0 fallout.
12172.0 5580.0 104.0 100.0 If
12348.0 5568.0 380.0 108.0 THAT
12804.0 5556.0 432.0 108.0 doesn't
13312.0 5552.0 152.0 92.0 do

11616.0 5724.0 128.0 112.0 ft,
11876.0 5716.0 408.0 116.0 maybe
12416.0 5704.0 380.0 112.0 they
12920.0 5708.0 216.0 84.0 can
13272.0 5680.0 192.0 124.0 get

11612.0 5848.0 756.0 108.0 Khrushchev
12524.0 5836.0 128.0 100.0 to
12804.0 5824.0 424.0 104.0 make
13392.0 5832.0 68.0 80.0 a

11612.0 5988.0 432.0 120.0 speech
12172.0 5960.0 720.0 120.0 denouncing
13020.0 5948.0 400.0 116.0 turkey-

11804.0 6376.0 280.0 80.0 nvK
12176.0 6368.0 176.0 88.0 of
12444.0 6376.0 216.0 80.0 our
12748.0 6360.0 448.0 92.0 readers
13292.0 6360.0 168.0 76.0 re-

13584.0 2932.0 332.0 116.0 book,
14076.0 2924.0 464.0 120.0 "Lady
14696.0 2920.0 724.0 124.0 Chatteriey's

13576.0 3056.0 1052.0 120.0 Oroundskeeper,"
14776.0 3052.0 296.0 104.0 and
15220.0 3056.0 200.0 108.0 the

13584.0 3200.0 300.0 96.0 book
13972.0 3216.0 152.0 80.0 on
14204.0 3184.0 676.0 128.0 geography,
14968.0 3184.0 472.0 116.0 "Tropici

13576.0 3332.0 124.0 100.0 of
13820.0 3324.0 524.0 108.0 Cancer."
14496.0 3324.0 192.0 92.0 we
14792.0 3316.0 568.0 104.0 remembe

13580.0 3460.0 308.0 100.0 from
14000.0 3448.0 416.0 112.0 school,
14528.0 3452.0 536.0 112.0 however,
15168.0 3452.0 252.0 104.0 that

13576.0 3592.0 336.0 100.0 there
13996.0 3588.0 128.0 100.0 IS
14204.0 3608.0 72.0 80.0 a
14356.0 3580.0 404.0 124.0 Tropic
14840.0 3584.0 128.0 100.0 of
15048.0 3580.0 324.0 128.0 Capri-

13576.0 3740.0 288.0 88.0 corn
13924.0 3720.0 212.0 100.0 too.
15108.0 3728.0 32.0 56.0 '

13716.0 3904.0 336.0 96.0 What
14100.0 3920.0 156.0 80.0 we
14308.0 3900.0 288.0 116.0 plan
14648.0 3896.0 112.0 96.0 to
14808.0 3896.0 152.0 100.0 do
15008.0 3896.0 104.0 100.0 is
15156.0 3904.0 260.0 96.0 watt

13580.0 4036.0 188.0 120.0 for
13820.0 4036.0 204.0 96.0 the
14072.0 4032.0 476.0 120.0 picture.
14596.0 4028.0 248.0 100.0 And
14888.0 4048.0 196.0 76.0 see
15132.0 4028.0 88.0 100.0 it
15264.0 4052.0 152.0 80.0 on

13584.0 4168.0 200.0 96.0 the
13856.0 4168.0 264.0 108.0 late,
14180.0 4164.0 236.0 96.0 late
14488.0 4160.0 356.0 100.0 movie
14904.0 4160.0 132.0 104.0 20
15100.0 4180.0 316.0 104.0 years

13580.0 4300.0 308.0 116.0 from
13980.0 4316.0 268.0 76.0 now.

14624.0 4448.0 16.0 8.0 -
14996.0 4424.0 20.0 28.0 '

13700.0 4560.0 180.0 100.0 AS
13932.0 4560.0 96.0 100.0 A
14076.0 4552.0 776.0 112.0 DETECTIVE,
14904.0 4572.0 168.0 84.0 we
15108.0 4560.0 308.0 100.0 cant

13580.0 4712.0 320.0 84.0 seem
13948.0 4696.0 120.0 96.0 to
14108.0 4688.0 248.0 104.0 find
14408.0 4708.0 72.0 80.0 a
14528.0 4688.0 292.0 100.0 dime
14868.0 4680.0 124.0 104.0 in
15040.0 4704.0 72.0 80.0 a
15152.0 4688.0 220.0 100.0 tele-

13584.0 4828.0 392.0 112.0 phone
14016.0 4820.0 332.0 100.0 booth
14360.0 4820.0 268.0 140.0 Jut
14660.0 4836.0 156.0 80.0 we
14860.0 4832.0 192.0 80.0 are
15088.0 4816.0 288.0 100.0 clear-

13580.0 4940.0 200.0 136.0 ing
13884.0 4972.0 160.0 100.0 up
14136.0 4948.0 116.0 108.0 in
14352.0 4948.0 400.0 108.0 iecord
14844.0 4948.0 284.0 100.0 time
15216.0 4952.0 196.0 100.0 the

13580.0 5084.0 528.0 124.0 question
14200.0 5084.0 128.0 100.0 of
14432.0 5084.0 308.0 96.0 what
14836.0 5080.0 580.0 104.0 Scotsmen

13576.0 5236.0 308.0 84.0 wear
13984.0 5216.0 356.0 100.0 under
14444.0 5212.0 300.0 104.0 their
14836.0 5208.0 296.0 104.0 kilts.
15260.0 5216.0 156.0 100.0 As

13576.0 5348.0 632.0 124.0 previously
14356.0 5340.0 552.0 124.0 reported,
15064.0 5340.0 352.0 124.0 they

13584.0 5504.0 304.0 80.0 wear
14024.0 5476.0 380.0 104.0 tartan
14552.0 5476.0 400.0 112.0 shorts,
15096.0 5476.0 324.0 108.0 when

13576.0 5616.0 504.0 116.0 dancing
14152.0 5612.0 196.0 100.0 the
14424.0 5600.0 572.0 124.0 Highland
15072.0 5608.0 340.0 120.0 Fling.

13576.0 5744.0 652.0 108.0 Otherwise,
14276.0 5740.0 100.0 100.0 It
14424.0 5736.0 104.0 108.0 Is
14576.0 5736.0 608.0 104.0 otherwise.

13696.0 5880.0 148.0 100.0 In
13944.0 5872.0 488.0 100.0 Scottish
14528.0 5868.0 632.0 120.0 regiments,
15248.0 5888.0 168.0 84.0 we

13576.0 6028.0 196.0 80.0 are
13920.0 6004.0 452.0 100.0 advised
14512.0 6000.0 144.0 116.0 by
14776.0 6000.0 388.0 100.0 James
15288.0 6000.0 128.0 104.0 R.

13580.0 6140.0 508.0 108.0 Stewart,
14132.0 6136.0 264.0 120.0 past
14440.0 6128.0 576.0 124.0 president
15056.0 6132.0 120.0 100.0 of
15216.0 6128.0 200.0 104.0 the

13584.0 6272.0 692.0 100.0 Caledonian
14328.0 6264.0 440.0 112.0 Society
14808.0 6264.0 128.0 96.0 of
14984.0 6260.0 384.0 100.0 Cincin

13576.0 6400.0 288.0 116.0 nati,
13912.0 6400.0 484.0 112.0 nothing
14440.0 6412.0 228.0 84.0 was
14708.0 6412.0 308.0 80.0 worn
15060.0 6392.0 360.0 100.0 under

11612.0 6516.0 324.0 120.0 ports
11996.0 6508.0 204.0 100.0 she
12256.0 6504.0 220.0 100.0 has
12532.0 6488.0 244.0 124.0 Just
12828.0 6480.0 632.0 116.0 completed
13572.0 6540.0 204.0 96.0 the
13844.0 6532.0 212.0 100.0 Wlt
14108.0 6532.0 432.0 112.0 durmg,
14596.0 6524.0 360.0 100.0 World
15020.0 6528.0 248.0 96.0 Var
15328.0 6528.0 72.0 96.0 I.

5940.0 7840.0 232.0 140.0 'IT
6268.0 7840.0 672.0 144.0 WOULD
7016.0 7832.0 252.0 156.0 BE
7344.0 7840.0 424.0 152.0 NICE
7852.0 7840.0 164.0 148.0 IF
8112.0 7840.0 496.0 148.0 THEY
8688.0 7832.0 884.0 148.0 LEARNED
9640.0 7824.0 1080.0 148.0 SOMETHING
10804.0 7812.0 544.0 148.0 NEWl'

5784.0 8184.0 568.0 208.0 After
6464.0 8188.0 820.0 204.0 German
7404.0 8184.0 760.0 212.0 Election

11616.0 6672.0 72.0 80.0 a
11752.0 6640.0 340.0 108.0 novel
12160.0 6636.0 124.0 104.0 to
12348.0 6628.0 144.0 96.0 be
12560.0 6612.0 472.0 108.0 entitled
13096.0 6604.0 364.0 112.0 "Lady

11620.0 6764.0 740.0 120.0 Chatteriey's
12400.0 6740.0 644.0 120.0 Milkman."
13080.0 6740.0 192.0 96.0 We
13308.0 6732.0 148.0 96.0 do

11612.0 6912.0 212.0 104.0 not
11904.0 6912.0 324.0 96.0 know
12300.0 6896.0 208.0 96.0 the
12580.0 6884.0 268.0 120.0 plot,
12924.0 6872.0 204.0 100.0 but
13204.0 6868.0 88.0 100.0 if
13372.0 6868.0 88.0 96.0 it

11612.0 7044.0 224.0 104.0 will
11896.0 7040.0 264.0 116.0 help
12212.0 7024.0 508.0 128.0 promote
12776.0 6996.0 680.0 116.0 buttermilk,

11612.0 7200.0 164.0 80.0 we
11844.0 7176.0 300.0 116.0 hope
12200.0 7168.0 92.0 96.0 it
12352.0 7156.0 296.0 104.0 sells.
12964.0 7272.0 24.0 16.0 .

11800.0 7308.0 200.0 96.0 We
12096.0 7300.0 280.0 104.0 have
12468.0 7304.0 132.0 84.0 so
12692.0 7272.0 348.0 112.0 much
13128.0 7268.0 332.0 100.0 other

11612.0 7440.0 300.0 108.0 stuff
12000.0 7436.0 124.0 100.0 to
12200.0 7420.0 308.0 112.0 read,
12592.0 7432.0 168.0 80.0 we
12844.0 7420.0 340.0 88.0 never
13276.0 7388.0 184.0 124.0 get

11616.0 7564.0 452.0 112.0 around
12140.0 7564.0 116.0 100.0 to
12332.0 7568.0 232.0 100.0 any
12636.0 7540.0 124.0 108.0 of
12836.0 7540.0 200.0 100.0 the
13108.0 7532.0 348.0 100.0 books

11612.0 7708.0 268.0 100.0 that
11952.0 7692.0 392.0 128.0 people
12424.0 7700.0 192.0 88.0 are
12696.0 7672.0 408.0 112.0 always
13176.0 7656.0 236.0 104.0 talk-

11612.0 7840.0 204.0 120.0 ing
11940.0 7824.0 368.0 112.0 about.
12456.0 7812.0 264.0 108.0 Like
12836.0 7800.0 252.0 104.0 that
13200.0 7784.0 256.0 108.0 first

6032.0 8536.0 1508.0 408.0 Kennedy,
7716.0 8532.0 1636.0 340.0 Adenauer
9536.0 8536.0 792.0 324.0 Must
10492.0 8496.0 1008.0 352.0 Reach
11652.0 8456.0 1284.0 372.0 Accord

10992.0 8980.0 320.0 12.0 ...
12064.0 8960.0 36.0 32.0 a.
12200.0 8956.0 56.0 36.0 J
12408.0 8948.0 32.0 44.0 1
12748.0 8940.0 148.0 52.0 Via

532.0 11320.0 1180.0 340.0 Record
1912.0 11332.0 1564.0 428.0 Spending

736.0 11836.0 172.0 120.0 IN
984.0 11836.0 328.0 120.0 THE
1388.0 11832.0 736.0 128.0 CURRENT
2216.0 11840.0 356.0 128.0 fiscal
2656.0 11872.0 340.0 120.0 year,

516.0 12040.0 428.0 144.0 ending
988.0 12044.0 296.0 116.0 next
1324.0 12036.0 300.0 124.0 June
1672.0 12036.0 184.0 144.0 30,
1896.0 12040.0 208.0 124.0 the
2152.0 12040.0 504.0 124.0 Federal
2700.0 12076.0 244.0 116.0 gov-

508.0 12252.0 544.0 116.0 ernment
1128.0 12240.0 700.0 156.0 anticipates
1896.0 12276.0 76.0 88.0 a
2044.0 12244.0 316.0 128.0 total
2436.0 12252.0 508.0 144.0 expendi-

512.0 12452.0 276.0 120.0 ture
820.0 12448.0 136.0 120.0 of
992.0 12444.0 232.0 144.0 $89
1264.0 12448.0 420.0 144.0 billion,
1724.0 12444.0 372.0 124.0 which
2136.0 12452.0 240.0 120.0 will
2412.0 12448.0 152.0 124.0 be
2604.0 12484.0 76.0 88.0 a
2720.0 12484.0 276.0 88.0 new

504.0 12652.0 292.0 152.0 high
872.0 12652.0 424.0 124.0 record
1372.0 12652.0 204.0 120.0 for
1656.0 12652.0 680.0 148.0 peacetime.
2496.0 12652.0 292.0 124.0 This
2872.0 12656.0 120.0 128.0 is

508.0 12860.0 212.0 120.0 the
780.0 12852.0 288.0 124.0 kind
1128.0 12860.0 140.0 120.0 of
1324.0 12852.0 412.0 124.0 record
1800.0 12852.0 468.0 152.0 nobody
2328.0 12856.0 660.0 124.0 welcomes.

504.0 13060.0 248.0 124.0 But
796.0 13060.0 212.0 120.0 the
1052.0 13056.0 876.0 156.0 responsibility
1976.0 13060.0 208.0 120.0 for
2232.0 13060.0 108.0 120.0 it
2388.0 13060.0 112.0 120.0 is
2556.0 13056.0 436.0 152.0 widely

500.0 13264.0 464.0 120.0 shared.
1148.0 13264.0 236.0 120.0 The
1476.0 13264.0 328.0 116.0 chief
1896.0 13264.0 740.0 120.0 contributor
2728.0 13296.0 260.0 84.0 was

500.0 13476.0 220.0 116.0 not
768.0 13500.0 148.0 88.0 an
968.0 13464.0 628.0 124.0 American
1652.0 13464.0 216.0 120.0 but
1916.0 13496.0 76.0 88.0 a
2044.0 13464.0 556.0 120.0 Russian.
2736.0 13468.0 256.0 116.0 For

492.0 13672.0 108.0 120.0 it
656.0 13704.0 236.0 88.0 was
948.0 13672.0 216.0 120.0 the
1220.0 13668.0 392.0 120.0 Soviet
1668.0 13664.0 604.0 136.0 premier's
2328.0 13668.0 656.0 120.0 deliberate

488.0 13872.0 520.0 124.0 decision
1076.0 13880.0 140.0 112.0 to
1280.0 13880.0 396.0 112.0 create
1748.0 13872.0 364.0 148.0 rising
2188.0 13868.0 472.0 124.0 tension
2732.0 13872.0 248.0 124.0 and

492.0 14112.0 84.0 88.0 a
636.0 14076.0 328.0 124.0 crisis
1024.0 14076.0 760.0 152.0 atmosphere
1832.0 14076.0 272.0 120.0 that
2160.0 14072.0 420.0 128.0 forced
2636.0 14072.0 344.0 152.0 large

492.0 14312.0 260.0 92.0 new
792.0 14284.0 488.0 144.0 outlays
1324.0 14288.0 128.0 116.0 at
1500.0 14280.0 828.0 148.0 Washington.

716.0 14544.0 404.0 120.0 Soviet
1208.0 14540.0 376.0 156.0 policy
1672.0 14540.0 188.0 120.0 led
1944.0 14536.0 624.0 124.0 President
2656.0 14540.0 260.0 116.0 Ken-

484.0 14748.0 312.0 148.0 nedy
864.0 14752.0 136.0 112.0 to
1080.0 14748.0 224.0 116.0 ask
1372.0 14744.0 204.0 120.0 for
1656.0 14740.0 148.0 140.0 $6
1880.0 14740.0 400.0 124.0 billion
2360.0 14776.0 324.0 84.0 more
2764.0 14744.0 212.0 120.0 for

484.0 14952.0 484.0 120.0 defense
1056.0 14980.0 304.0 88.0 uses.
1520.0 14948.0 260.0 120.0 The
1860.0 14980.0 332.0 88.0 same
2276.0 14944.0 412.0 120.0 threat
2776.0 14948.0 200.0 120.0 led

484.0 15156.0 596.0 144.0 Congress
1184.0 15160.0 128.0 112.0 to
1408.0 15152.0 396.0 120.0 throw
1896.0 15148.0 124.0 120.0 in
2116.0 15144.0 308.0 144.0 $800
2524.0 15148.0 448.0 124.0 million

484.0 15356.0 680.0 120.0 additional.
1368.0 15356.0 620.0 144.0 Together,
2136.0 15352.0 356.0 120.0 those
2628.0 15384.0 344.0 84.0 sums

480.0 15564.0 364.0 116.0 about
936.0 15564.0 352.0 144.0 equal
1376.0 15560.0 208.0 116.0 the
1688.0 15556.0 404.0 120.0 deficit
2192.0 15552.0 776.0 152.0 anticipated.

484.0 15768.0 532.0 120.0 Without
1068.0 15768.0 208.0 116.0 the
1320.0 15760.0 744.0 152.0 provocative
2112.0 15788.0 420.0 88.0 moves
2576.0 15756.0 124.0 124.0 in
2752.0 15760.0 216.0 116.0 the

480.0 15972.0 568.0 136.0 Kremlin,
1172.0 15964.0 624.0 136.0 therefore,
1908.0 15964.0 208.0 116.0 the
2240.0 15960.0 732.0 124.0 Federal

480.0 16176.0 440.0 148.0 budget
976.0 16172.0 384.0 120.0 would
1416.0 16172.0 312.0 116.0 have
1788.0 16168.0 284.0 120.0 been
2132.0 16168.0 332.0 148.0 quite
2524.0 16160.0 444.0 148.0 closely

476.0 16352.0 132.0 120.0 in
664.0 16352.0 524.0 120.0 balance.

700.0 16612.0 240.0 124.0 But
1012.0 16608.0 112.0 120.0 it
1188.0 16608.0 104.0 116.0 is
1356.0 16608.0 256.0 116.0 also
1680.0 16612.0 260.0 112.0 true
2008.0 16600.0 284.0 124.0 that
2360.0 16600.0 216.0 120.0 the
2644.0 16604.0 324.0 120.0 total

472.0 16792.0 412.0 140.0 outlay
992.0 16784.0 236.0 120.0 and
1328.0 16784.0 208.0 116.0 the
1644.0 16776.0 404.0 124.0 deficit
2152.0 16776.0 396.0 152.0 might
2648.0 16776.0 316.0 120.0 have

3136.0 11848.0 288.0 124.0 been
3464.0 11848.0 280.0 124.0 held
3784.0 11848.0 364.0 120.0 down.
4196.0 11852.0 592.0 144.0 Congress
4832.0 11852.0 776.0 152.0 persistently

3132.0 12024.0 484.0 148.0 ignored
3716.0 12024.0 200.0 124.0 the
4004.0 12024.0 720.0 124.0 President's
4828.0 12032.0 476.0 144.0 request
5408.0 12032.0 200.0 116.0 for

3132.0 12200.0 416.0 148.0 higher
3608.0 12200.0 384.0 156.0 postal
4048.0 12208.0 368.0 136.0 rates,
4476.0 12208.0 128.0 116.0 to
4664.0 12196.0 316.0 160.0 wipe
5032.0 12208.0 208.0 116.0 out
5300.0 12200.0 304.0 144.0 $800

3128.0 12380.0 436.0 120.0 million
3640.0 12376.0 140.0 124.0 of
3852.0 12380.0 204.0 120.0 the
4136.0 12380.0 384.0 152.0 postal
4596.0 12380.0 428.0 120.0 deficit
5144.0 12412.0 92.0 88.0 a
5324.0 12384.0 228.0 116.0 sub-

3124.0 12556.0 264.0 148.0 sidy
3432.0 12560.0 144.0 116.0 to
3624.0 12552.0 668.0 128.0 mail-users
4336.0 12556.0 152.0 148.0 by
4536.0 12560.0 684.0 152.0 taxpayers.
5272.0 12560.0 332.0 120.0 Both

3124.0 12732.0 204.0 120.0 the
3472.0 12732.0 648.0 120.0 Executive
4272.0 12736.0 224.0 116.0 and
4644.0 12732.0 220.0 124.0 the
5008.0 12736.0 592.0 144.0 Congress

3128.0 12908.0 432.0 120.0 missed
3628.0 12904.0 848.0 156.0 opportunities
4536.0 12908.0 136.0 120.0 to
4736.0 12912.0 296.0 116.0 trim
5084.0 12912.0 136.0 120.0 at
5288.0 12908.0 268.0 120.0 vari-

3124.0 13116.0 216.0 84.0 ous
3384.0 13084.0 400.0 148.0 places
3828.0 13088.0 116.0 120.0 in
3992.0 13084.0 524.0 120.0 nonvital
4564.0 13084.0 548.0 120.0 services.

3340.0 13344.0 488.0 120.0 Instead
3868.0 13344.0 128.0 120.0 of
4032.0 13340.0 460.0 152.0 cutting
4532.0 13344.0 308.0 120.0 back
4884.0 13348.0 188.0 116.0 aid
5112.0 13352.0 128.0 112.0 to
5284.0 13344.0 268.0 148.0 agri-

3120.0 13520.0 488.0 144.0 culture,
3720.0 13520.0 276.0 152.0 they
4116.0 13524.0 520.0 148.0 actually
4760.0 13532.0 348.0 136.0 spent
5224.0 13556.0 368.0 88.0 more.

3116.0 13696.0 600.0 148.0 Congress
3772.0 13700.0 824.0 152.0 appropriated
4664.0 13696.0 436.0 124.0 almost
5168.0 13696.0 148.0 140.0 $1
5384.0 13696.0 164.0 120.0 bil-

3116.0 13872.0 236.0 124.0 lion
3432.0 13904.0 344.0 92.0 more
3860.0 13876.0 196.0 116.0 for
4144.0 13876.0 504.0 120.0 manned
4748.0 13876.0 484.0 116.0 bomber
5324.0 13904.0 224.0 120.0 pro-

3112.0 14080.0 404.0 116.0 grams
3572.0 14052.0 300.0 120.0 than
3920.0 14052.0 216.0 120.0 the
4196.0 14052.0 616.0 120.0 President
4876.0 14052.0 228.0 120.0 and
5160.0 14052.0 384.0 124.0 Penta-

3112.0 14256.0 228.0 116.0 gon
3396.0 14228.0 376.0 116.0 asked
3920.0 14260.0 152.0 88.0 an
4128.0 14228.0 404.0 148.0 outlay
4588.0 14228.0 392.0 116.0 which
5028.0 14228.0 208.0 124.0 the
5296.0 14232.0 248.0 116.0 Pen-

3112.0 14412.0 364.0 136.0 tagon
3532.0 14404.0 576.0 148.0 probably
4160.0 14400.0 236.0 120.0 will
4448.0 14412.0 208.0 108.0 not
4712.0 14404.0 400.0 148.0 spend.

3328.0 14664.0 332.0 120.0 With
3720.0 14664.0 368.0 144.0 rising
4156.0 14664.0 544.0 156.0 personal
4772.0 14664.0 512.0 124.0 incomes
5356.0 14664.0 232.0 124.0 and

3108.0 14844.0 620.0 144.0 corporate
3808.0 14840.0 476.0 148.0 profits,
4364.0 14844.0 344.0 116.0 there
4796.0 14844.0 112.0 116.0 is
4984.0 14876.0 76.0 88.0 a
5136.0 14844.0 452.0 120.0 chance

3108.0 15016.0 196.0 116.0 for
3364.0 15048.0 76.0 88.0 a
3512.0 15016.0 560.0 120.0 balanced
4144.0 15016.0 440.0 148.0 budget
4644.0 15020.0 132.0 116.0 in
4844.0 15020.0 204.0 116.0 the
5108.0 15016.0 480.0 152.0 coming

3112.0 15196.0 340.0 116.0 fiscal
3540.0 15224.0 324.0 116.0 year,
3944.0 15192.0 220.0 120.0 the
4252.0 15228.0 216.0 84.0 one
4552.0 15192.0 448.0 152.0 ending
5072.0 15192.0 124.0 124.0 in
5288.0 15192.0 248.0 124.0 mid-

3112.0 15368.0 320.0 140.0 1963,
3508.0 15368.0 496.0 120.0 without
4076.0 15404.0 248.0 112.0 any
4388.0 15372.0 540.0 120.0 increase
4996.0 15368.0 128.0 120.0 of
5192.0 15376.0 388.0 116.0 taxes.

3112.0 15548.0 228.0 116.0 But
3380.0 15576.0 188.0 84.0 we
3612.0 15544.0 412.0 120.0 should
4068.0 15548.0 164.0 116.0 do
4272.0 15548.0 380.0 116.0 better
4696.0 15548.0 300.0 116.0 than
5036.0 15548.0 312.0 120.0 that
5396.0 15552.0 188.0 144.0 By

3108.0 15720.0 840.0 148.0 re-examining
4024.0 15724.0 168.0 116.0 all
4268.0 15728.0 576.0 148.0 spending
4920.0 15752.0 656.0 120.0 programs,

3108.0 15896.0 400.0 144.0 firmly
3568.0 15892.0 412.0 152.0 paring
4036.0 15900.0 812.0 116.0 nonessential
4904.0 15900.0 376.0 140.0 items,
5348.0 15900.0 232.0 120.0 and

3104.0 16072.0 396.0 140.0 acting
3576.0 16076.0 592.0 148.0 promptly
4240.0 16108.0 144.0 84.0 on
4456.0 16076.0 404.0 148.0 postal
4932.0 16080.0 356.0 132.0 rates,
5372.0 16076.0 208.0 116.0 the

3104.0 16252.0 772.0 140.0 government
3952.0 16248.0 428.0 120.0 should
4456.0 16252.0 144.0 116.0 be
4688.0 16252.0 268.0 116.0 able
5028.0 16260.0 136.0 112.0 to
5240.0 16252.0 340.0 120.0 show

3104.0 16460.0 156.0 88.0 an
3360.0 16424.0 684.0 152.0 impressive
4152.0 16428.0 468.0 148.0 surplus
4784.0 16460.0 168.0 104.0 or,
5060.0 16428.0 464.0 120.0 alterna-

3100.0 16600.0 396.0 148.0 tively,
3560.0 16600.0 340.0 124.0 make
3956.0 16636.0 332.0 88.0 some
4344.0 16608.0 712.0 116.0 substantial
5116.0 16612.0 280.0 112.0 cuts
5452.0 16604.0 120.0 124.0 in

3100.0 16780.0 480.0 144.0 present
3636.0 16784.0 372.0 112.0 taxes.

500.0 17272.0 1216.0 404.0 Peiping
1892.0 17260.0 524.0 320.0 Via
2604.0 17236.0 1280.0 340.0 Albania

688.0 17772.0 108.0 120.0 A
860.0 17768.0 428.0 124.0 GOOD
1348.0 17764.0 464.0 124.0 MANY
1868.0 17756.0 1080.0 152.0 Kremlinologists,

460.0 17976.0 512.0 144.0 burning
1008.0 17972.0 216.0 120.0 the
1256.0 17968.0 572.0 148.0 midnight
1868.0 17968.0 144.0 116.0 oil
2052.0 17968.0 132.0 128.0 in
2224.0 17996.0 156.0 88.0 an
2416.0 17968.0 536.0 148.0 attempt

456.0 18188.0 140.0 112.0 to
688.0 18176.0 556.0 152.0 decipher
1324.0 18168.0 416.0 128.0 Nikita
1824.0 18168.0 116.0 124.0 S.
2040.0 18164.0 908.0 128.0 Khrushchev's

456.0 18384.0 556.0 144.0 strategy
1140.0 18384.0 132.0 116.0 at
1396.0 18376.0 220.0 120.0 the
1748.0 18372.0 304.0 120.0 22nd
2192.0 18372.0 756.0 124.0 Communist

452.0 18592.0 376.0 144.0 Party
868.0 18584.0 772.0 132.0 Conference,
1700.0 18580.0 460.0 152.0 profess
2212.0 18576.0 732.0 120.0 themselves

452.0 18788.0 556.0 148.0 stumped
1104.0 18784.0 164.0 152.0 by
1348.0 18780.0 192.0 120.0 his
1632.0 18784.0 420.0 116.0 motive
2224.0 18780.0 124.0 120.0 in
2444.0 18776.0 500.0 148.0 making

452.0 18996.0 296.0 116.0 such
832.0 19024.0 80.0 84.0 a
1012.0 18984.0 208.0 152.0 big
1304.0 18984.0 348.0 148.0 thing
1740.0 18980.0 132.0 124.0 of
1956.0 18984.0 272.0 144.0 tiny
2320.0 18980.0 624.0 124.0 Albania's

452.0 19192.0 576.0 124.0 heretical
1068.0 19192.0 732.0 116.0 attachment
1836.0 19196.0 128.0 116.0 to
2008.0 19184.0 528.0 152.0 Peiping.
2580.0 19184.0 356.0 148.0 Why,

444.0 19400.0 296.0 148.0 they
792.0 19396.0 272.0 140.0 ask,
1124.0 19392.0 416.0 120.0 should
1596.0 19420.0 352.0 116.0 many
2004.0 19392.0 312.0 144.0 days
2368.0 19388.0 152.0 120.0 be
2576.0 19384.0 364.0 148.0 given

440.0 19612.0 144.0 112.0 to
676.0 19600.0 692.0 152.0 repetitious
1472.0 19592.0 904.0 120.0 denunciations
2480.0 19592.0 140.0 120.0 of
2712.0 19592.0 228.0 120.0 the

444.0 19804.0 592.0 124.0 Albanian
1080.0 19800.0 580.0 152.0 gauleiter
1704.0 19800.0 392.0 120.0 Enver
2136.0 19792.0 520.0 124.0 Hoxha?

668.0 20068.0 252.0 120.0 One
992.0 20064.0 396.0 120.0 school
1456.0 20060.0 152.0 120.0 of
1668.0 20060.0 524.0 116.0 Kremlin
2260.0 20052.0 680.0 152.0 specialists

436.0 20268.0 616.0 136.0 surmises,
1192.0 20264.0 316.0 148.0 quite
1652.0 20256.0 868.0 156.0 plausibly,
2648.0 20260.0 296.0 120.0 that

392.0 20560.0 24.0 24.0 .
440.0 20444.0 788.0 124.0 Khrushchev
1264.0 20436.0 388.0 124.0 would
1696.0 20444.0 204.0 116.0 not
1936.0 20440.0 384.0 116.0 waste
2360.0 20436.0 288.0 120.0 shot
2688.0 20432.0 252.0 124.0 and

436.0 20624.0 304.0 120.0 shell
780.0 20656.0 160.0 84.0 on
984.0 20620.0 292.0 120.0 such
1320.0 20616.0 352.0 120.0 small
1720.0 20648.0 336.0 112.0 game
2100.0 20608.0 248.0 120.0 had
2388.0 20612.0 152.0 116.0 be
2584.0 20620.0 220.0 108.0 not
2848.0 20644.0 92.0 84.0 a

436.0 20800.0 484.0 120.0 further
968.0 20828.0 440.0 116.0 quarry
1460.0 20792.0 128.0 120.0 in
1640.0 20792.0 320.0 120.0 view.
2056.0 20788.0 328.0 120.0 That
2432.0 20812.0 504.0 124.0 quarry.

432.0 21004.0 112.0 120.0 It
604.0 21004.0 104.0 120.0 is
768.0 21000.0 324.0 132.0 held,
1156.0 21000.0 104.0 116.0 is
1316.0 20996.0 260.0 120.0 Red
1640.0 20996.0 408.0 120.0 China.
2148.0 20992.0 484.0 124.0 Certain
2700.0 20992.0 184.0 120.0 cir-

428.0 21212.0 788.0 124.0 cumstances,
1304.0 21200.0 296.0 116.0 such
1696.0 21232.0 136.0 84.0 as
1920.0 21196.0 344.0 120.0 Chou
2356.0 21192.0 576.0 120.0 En-Lai's

428.0 21416.0 468.0 148.0 protest
984.0 21408.0 316.0 116.0 from
1388.0 21404.0 216.0 120.0 the
1688.0 21432.0 564.0 116.0 congress
2340.0 21396.0 592.0 152.0 platform

424.0 21644.0 296.0 92.0 over
784.0 21612.0 224.0 116.0 the
1084.0 21608.0 584.0 120.0 Albanian
1744.0 21604.0 564.0 148.0 lynching
2380.0 21604.0 220.0 116.0 bee
2680.0 21604.0 252.0 116.0 and

424.0 21820.0 196.0 120.0 his
696.0 21812.0 888.0 148.0 mid-Congress
1664.0 21812.0 632.0 144.0 departure
2380.0 21808.0 208.0 120.0 for
2664.0 21804.0 212.0 124.0 Pei-

420.0 22024.0 324.0 152.0 ping,
816.0 22016.0 512.0 124.0 indicate
1396.0 22016.0 292.0 116.0 that
1756.0 22012.0 148.0 116.0 he
1976.0 22020.0 136.0 112.0 at
2188.0 22012.0 312.0 120.0 least
2572.0 22008.0 360.0 120.0 knew

420.0 22228.0 332.0 116.0 what
808.0 22256.0 264.0 84.0 was
1128.0 22220.0 192.0 116.0 the
1380.0 22220.0 440.0 144.0 target

424.0 22632.0 432.0 160.0 Voice
972.0 22620.0 220.0 164.0 Of
1276.0 22632.0 272.0 160.0 The
1664.0 22628.0 872.0 180.0 ENQUIRER

580.0 22848.0 740.0 124.0 Overheardi

520.0 23028.0 424.0 132.0 But,
1084.0 23060.0 244.0 104.0 my

508.0 23232.0 240.0 100.0 ear,
808.0 23200.0 220.0 112.0 the
1088.0 23224.0 240.0 92.0 tree

416.0 23380.0 140.0 108.0 ia
652.0 23372.0 320.0 112.0 their
1076.0 23364.0 212.0 124.0 sub-

416.0 23544.0 512.0 112.0 division
984.0 23544.0 104.0 112.0 is
1128.0 23536.0 196.0 144.0 big

408.0 23716.0 696.0 144.0 enough
1196.0 23752.0 124.0 72.0 so

416.0 23892.0 272.0 140.0 they
744.0 23928.0 236.0 76.0 can
1052.0 23884.0 264.0 152.0 pick

416.0 24068.0 904.0 120.0 souvenir

404.0 24236.0 492.0 116.0 leave
1096.0 24236.0 220.0 116.0 this

412.0 24380.0 340.0 116.0 fall."

1472.0 23488.0 1344.0 896.0 W

1448.0 24444.0 1052.0 120.0 MifcMilBiJMiiJ
2776.0 24512.0 12.0 48.0 i

3308.0 17760.0 700.0 148.0 Significant
4068.0 17764.0 260.0 116.0 also
4384.0 17796.0 244.0 84.0 was
4688.0 17760.0 220.0 120.0 the
4968.0 17764.0 248.0 124.0 fact
5280.0 17768.0 276.0 120.0 that

3084.0 17968.0 204.0 120.0 the
3400.0 17968.0 288.0 148.0 only
3812.0 17968.0 576.0 116.0 fraternal
4508.0 17964.0 736.0 152.0 delegations
5376.0 18004.0 140.0 84.0 re-

3084.0 18168.0 404.0 152.0 fusing
3532.0 18172.0 136.0 116.0 to
3704.0 18168.0 236.0 148.0 join
3988.0 18172.0 216.0 116.0 the
4248.0 18172.0 564.0 120.0 vendetta
4856.0 18208.0 296.0 84.0 were
5196.0 18176.0 356.0 120.0 those

3076.0 18376.0 140.0 116.0 of
3276.0 18376.0 396.0 116.0 North
3744.0 18372.0 424.0 140.0 Korea,
4236.0 18376.0 372.0 120.0 North
4684.0 18376.0 552.0 124.0 Vietnam
5312.0 18384.0 236.0 120.0 and

3080.0 18580.0 204.0 116.0 the
3332.0 18580.0 992.0 144.0 representatives
4368.0 18580.0 128.0 120.0 of
4544.0 18584.0 220.0 116.0 the
4816.0 18584.0 736.0 120.0 Communist

3080.0 18784.0 344.0 148.0 party
3468.0 18780.0 144.0 116.0 of
3648.0 18780.0 408.0 152.0 Japan.
4176.0 18784.0 240.0 116.0 The
4456.0 18784.0 384.0 120.0 Outer
4876.0 18788.0 672.0 148.0 Mongolian

3076.0 18984.0 664.0 148.0 delegation
3856.0 18984.0 336.0 120.0 aided
4308.0 18984.0 280.0 120.0 with
4720.0 18988.0 824.0 140.0 Khrushchev,

3072.0 19188.0 380.0 120.0 which
3512.0 19220.0 280.0 116.0 may
3844.0 19192.0 140.0 116.0 be
4040.0 19192.0 360.0 120.0 taken
4452.0 19224.0 144.0 84.0 as
4652.0 19192.0 552.0 120.0 evidence
5268.0 19200.0 280.0 116.0 that

3076.0 19392.0 608.0 124.0 Moscow's
3796.0 19388.0 812.0 132.0 encirclement
4724.0 19404.0 140.0 116.0 of
4976.0 19400.0 200.0 116.0 the
5292.0 19400.0 256.0 116.0 Red

3072.0 19568.0 504.0 120.0 Chinese
3688.0 19572.0 500.0 116.0 fiefdom
4296.0 19572.0 152.0 148.0 by
4560.0 19580.0 708.0 144.0 estranging
5388.0 19572.0 160.0 120.0 its

3072.0 19744.0 628.0 144.0 neighbors
3784.0 19744.0 216.0 124.0 has
4088.0 19752.0 216.0 116.0 not
4380.0 19756.0 208.0 140.0 yet
4672.0 19748.0 524.0 148.0 brought
5280.0 19784.0 216.0 84.0 suc-

3076.0 19956.0 284.0 80.0 cess.
3288.0 20180.0 256.0 116.0 The
3668.0 20180.0 748.0 120.0 deviousness
4536.0 20184.0 144.0 116.0 of
4812.0 20184.0 732.0 124.0 Communist

3072.0 20360.0 828.0 140.0 maneuvering
3952.0 20356.0 352.0 144.0 being
4352.0 20356.0 328.0 120.0 what
4736.0 20360.0 104.0 120.0 it
4888.0 20364.0 128.0 132.0 is,
5072.0 20364.0 468.0 120.0 outside

3068.0 20528.0 624.0 120.0 observers
3740.0 20564.0 356.0 84.0 never
4148.0 20568.0 208.0 84.0 can
4404.0 20540.0 144.0 112.0 be
4600.0 20536.0 436.0 144.0 wholly
5080.0 20540.0 460.0 120.0 certain

3068.0 20704.0 140.0 120.0 of
3252.0 20708.0 208.0 116.0 the
3520.0 20708.0 364.0 116.0 result
3936.0 20712.0 472.0 140.0 sought
4536.0 20712.0 256.0 116.0 Yet
4852.0 20716.0 96.0 120.0 it
4996.0 20712.0 108.0 116.0 is
5160.0 20748.0 80.0 84.0 a
5300.0 20712.0 248.0 120.0 fair

3072.0 20916.0 352.0 116.0 guess
3472.0 20888.0 276.0 116.0 that
3784.0 20884.0 812.0 140.0 Khrushchev,
4648.0 20892.0 512.0 144.0 perhaps
5208.0 20924.0 288.0 80.0 over-

3068.0 21060.0 756.0 144.0 confidently,
3872.0 21060.0 544.0 120.0 intended
4460.0 21064.0 136.0 120.0 to
4644.0 21064.0 608.0 120.0 humiliate
5300.0 21068.0 240.0 120.0 and

3068.0 21236.0 420.0 144.0 totally
3564.0 21236.0 412.0 116.0 Isolate
4052.0 21240.0 216.0 116.0 the
4336.0 21240.0 268.0 120.0 Mao
4680.0 21240.0 580.0 144.0 Tse-tung
5332.0 21244.0 160.0 144.0 dy-

3064.0 21416.0 356.0 140.0 nasty
3572.0 21412.0 120.0 116.0 in
3836.0 21408.0 700.0 124.0 association
4696.0 21416.0 288.0 116.0 with
5140.0 21420.0 404.0 116.0 Enver

3064.0 21592.0 428.0 112.0 Hoxha
3600.0 21588.0 196.0 116.0 for
3880.0 21588.0 220.0 116.0 the
4208.0 21620.0 508.0 116.0 purpose
4824.0 21592.0 132.0 112.0 of
5048.0 21592.0 492.0 148.0 gaining

3060.0 21768.0 540.0 112.0 absolute
3656.0 21772.0 616.0 108.0 command
4328.0 21768.0 132.0 116.0 of
4520.0 21768.0 220.0 116.0 the
4808.0 21772.0 732.0 120.0 Communist

3060.0 21940.0 708.0 116.0 world-wide
3820.0 21948.0 648.0 140.0 apparatus
4524.0 21944.0 412.0 120.0 before
4992.0 21952.0 496.0 144.0 proceed-

3064.0 22120.0 196.0 140.0 ing
3332.0 22120.0 480.0 112.0 further
3884.0 22116.0 308.0 120.0 with
4264.0 22124.0 196.0 112.0 the
4540.0 22124.0 468.0 112.0 assault
5080.0 22156.0 164.0 80.0 on
5332.0 22128.0 204.0 112.0 the

3056.0 22292.0 536.0 116.0 Atlantic
3656.0 22324.0 456.0 116.0 powers
4172.0 22324.0 276.0 84.0 over
4504.0 22296.0 444.0 120.0 Berlin.
5044.0 22304.0 180.0 116.0 To
5296.0 22304.0 240.0 116.0 him

3060.0 22472.0 604.0 116.0 Albania's
3792.0 22472.0 624.0 116.0 alienation
4552.0 22476.0 332.0 112.0 from
5016.0 22476.0 524.0 116.0 Moscow

3060.0 22648.0 444.0 116.0 needed
3588.0 22656.0 124.0 108.0 to
3792.0 22648.0 144.0 116.0 be
4016.0 22648.0 696.0 144.0 effectively
4796.0 22652.0 516.0 120.0 rebuked
5400.0 22688.0 132.0 88.0 as

3060.0 22860.0 148.0 84.0 an
3252.0 22824.0 404.0 148.0 object
3704.0 22824.0 388.0 124.0 lesson
4140.0 22832.0 124.0 112.0 to
4308.0 22824.0 528.0 148.0 Peiping.

3268.0 23084.0 120.0 116.0 If
3512.0 23084.0 288.0 116.0 such
3908.0 23116.0 224.0 84.0 are
4248.0 23088.0 200.0 116.0 the
4564.0 23088.0 960.0 140.0 circumstances,

3052.0 23260.0 284.0 144.0 they
3452.0 23260.0 408.0 120.0 afford
3968.0 23288.0 168.0 88.0 no
4244.0 23264.0 504.0 140.0 genuine
4860.0 23296.0 352.0 88.0 cause
5336.0 23268.0 196.0 116.0 for

3052.0 23436.0 576.0 148.0 rejoicing
3696.0 23432.0 112.0 124.0 in
3880.0 23436.0 216.0 116.0 the
4168.0 23436.0 352.0 120.0 West.
4676.0 23440.0 496.0 124.0 Thieves
5252.0 23476.0 276.0 112.0 may

3052.0 23616.0 208.0 116.0 fall
3324.0 23624.0 224.0 104.0 out
3616.0 23616.0 304.0 116.0 from
3992.0 23616.0 288.0 116.0 time
4352.0 23624.0 124.0 108.0 to
4544.0 23612.0 336.0 144.0 time,
4948.0 23628.0 208.0 136.0 yet
5236.0 23624.0 292.0 144.0 they

3048.0 23824.0 356.0 80.0 never
3464.0 23788.0 248.0 116.0 lose
3768.0 23788.0 332.0 148.0 sight
4156.0 23792.0 132.0 120.0 of
4336.0 23792.0 420.0 120.0 future
4820.0 23828.0 352.0 112.0 swag.
5276.0 23800.0 248.0 116.0 The

3048.0 23996.0 324.0 116.0 swag
3456.0 23964.0 128.0 120.0 in
3668.0 23968.0 236.0 120.0 this
3992.0 24000.0 280.0 84.0 case
4348.0 23972.0 104.0 112.0 is
4540.0 23972.0 376.0 120.0 world
4996.0 23976.0 476.0 112.0 domina-

3048.0 24144.0 236.0 116.0 tion
3384.0 24144.0 292.0 116.0 with
3764.0 24144.0 148.0 116.0 all
4012.0 24148.0 212.0 116.0 the
4304.0 24144.0 236.0 124.0 loot
4640.0 24152.0 244.0 112.0 and
4968.0 24152.0 552.0 144.0 personal

3040.0 24320.0 868.0 140.0 gratifications
3984.0 24324.0 924.0 144.0 accompanying
4968.0 24360.0 552.0 116.0 supreme

3044.0 24508.0 600.0 132.0 conquest

5908.0 9012.0 192.0 100.0 BY
6160.0 9012.0 572.0 104.0 WALTER
6792.0 9012.0 684.0 104.0 LIPPMANN

5904.0 9188.0 404.0 96.0 WHEN
6348.0 9188.0 228.0 100.0 DR.
6620.0 9188.0 740.0 100.0 ADENAUER
7396.0 9184.0 204.0 108.0 has

5772.0 9340.0 300.0 108.0 been
6116.0 9348.0 600.0 104.0 re-elected
6756.0 9348.0 672.0 116.0 chancellor,
7468.0 9368.0 128.0 84.0 as

5768.0 9524.0 180.0 84.0 we
6024.0 9508.0 308.0 100.0 must
6408.0 9508.0 304.0 120.0 hope
6788.0 9508.0 148.0 100.0 he
7012.0 9528.0 292.0 84.0 soon
7380.0 9508.0 212.0 100.0 will

5772.0 9664.0 176.0 116.0 be,
6004.0 9664.0 148.0 104.0 he
6204.0 9668.0 232.0 100.0 and
6492.0 9668.0 208.0 104.0 the
6748.0 9668.0 584.0 104.0 President
7380.0 9668.0 212.0 100.0 will

5768.0 9828.0 316.0 100.0 want
6124.0 9824.0 124.0 100.0 to
6292.0 9844.0 324.0 84.0 come
6660.0 9828.0 124.0 100.0 to
6824.0 9844.0 68.0 84.0 a
6936.0 9828.0 216.0 104.0 full
7196.0 9828.0 356.0 100.0 under-

5764.0 9984.0 572.0 124.0 standing.
6424.0 9984.0 112.0 104.0 It
6592.0 9980.0 100.0 108.0 Is
6744.0 9984.0 332.0 124.0 badly
7128.0 9984.0 460.0 108.0 needed.

5760.0 10144.0 228.0 104.0 For
6028.0 10144.0 320.0 108.0 there
6392.0 10144.0 100.0 104.0 is
6544.0 10148.0 124.0 100.0 at
6704.0 10148.0 460.0 120.0 present
7208.0 10164.0 76.0 84.0 a
7324.0 10148.0 216.0 100.0 dan-

5760.0 10324.0 408.0 100.0 gerous
6204.0 10304.0 256.0 108.0 lack
6500.0 10308.0 132.0 100.0 of
6668.0 10308.0 916.0 120.0 understanding;,

5760.0 10484.0 136.0 84.0 as
5952.0 10464.0 452.0 104.0 witness
6456.0 10468.0 204.0 104.0 the
6712.0 10468.0 488.0 100.0 outcries
7252.0 10468.0 332.0 100.0 about

5752.0 10624.0 512.0 120.0 betrayal
6380.0 10624.0 296.0 104.0 and
6784.0 10628.0 800.0 120.0 appeasement

5748.0 10784.0 824.0 120.0 accompanied
6616.0 10784.0 148.0 124.0 by
6808.0 10788.0 772.0 120.0 warnings

5744.0 10944.0 248.0 104.0 and
6100.0 10948.0 448.0 100.0 threats
6648.0 10944.0 260.0 108.0 that
7004.0 10948.0 276.0 108.0 the.
7324.0 10952.0 216.0 100.0 Ger-

5744.0 11124.0 348.0 88.0 mans
6156.0 11104.0 376.0 124.0 might
6596.0 11108.0 316.0 104.0 leave
6976.0 11108.0 212.0 104.0 the
7248.0 11112.0 288.0 100.0 West-

5744.0 11284.0 220.0 84.0 ern
6036.0 11264.0 484.0 104.0 alliance
6588.0 11268.0 128.0 104.0 to
6780.0 11268.0 340.0 108.0 make
7192.0 11288.0 76.0 84.0 a
7332.0 11268.0 240.0 104.0 deal

5744.0 11428.0 284.0 104.0 with
6080.0 11424.0 200.0 108.0 the
6332.0 11428.0 388.0 100.0 Soviet
6764.0 11428.0 404.0 104.0 Union.

5864.0 11628.0 104.0 96.0 A
6040.0 11628.0 724.0 120.0 satisfactory
6836.0 11632.0 696.0 104.0 understand-

5736.0 11780.0 212.0 128.0 ing
5988.0 11788.0 220.0 100.0 will
6248.0 11788.0 300.0 104.0 need
6592.0 11796.0 124.0 96.0 to
6760.0 11788.0 132.0 104.0 be
6932.0 11792.0 640.0 120.0 something

5732.0 11960.0 332.0 88.0 more
6228.0 11948.0 296.0 100.0 than
6692.0 11968.0 76.0 80.0 a
6924.0 11948.0 648.0 124.0 superficial

5740.0 12108.0 664.0 116.0 agreement
6480.0 12128.0 160.0 84.0 on
6712.0 12104.0 304.0 108.0 what
7088.0 12128.0 276.0 104.0 may
7432.0 12108.0 140.0 108.0 be

5736.0 12264.0 668.0 104.0 mentioned
6444.0 12264.0 244.0 108.0 and
6724.0 12268.0 304.0 104.0 what
7068.0 12288.0 272.0 104.0 may
7372.0 12272.0 200.0 104.0 not

5732.0 12420.0 156.0 108.0 be
5968.0 12424.0 664.0 104.0 mentioned
6712.0 12420.0 132.0 108.0 in
6924.0 12444.0 76.0 84.0 a
7076.0 12432.0 448.0 120.0 negotia-

5736.0 12580.0 256.0 108.0 tion
6028.0 12584.0 276.0 104.0 with
6340.0 12584.0 208.0 104.0 the
6584.0 12584.0 380.0 108.0 Soviet
7000.0 12584.0 404.0 112.0 Union.
7468.0 12592.0 100.0 100.0 A

5732.0 12744.0 268.0 104.0 true
6048.0 12744.0 908.0 128.0 understanding
7004.0 12748.0 232.0 108.0 will
7288.0 12752.0 276.0 104.0 have

5732.0 12904.0 136.0 100.0 to
5924.0 12924.0 144.0 104.0 go
6120.0 12904.0 188.0 104.0 far
6356.0 12904.0 448.0 124.0 beyond
6860.0 12912.0 200.0 104.0 the
7116.0 12908.0 448.0 108.0 tactical

5728.0 13064.0 576.0 124.0 problems
6360.0 13068.0 128.0 100.0 of
6544.0 13064.0 708.0 124.0 negotiation
7308.0 13072.0 260.0 104.0 with

5732.0 13228.0 212.0 100.0 the
6004.0 13228.0 800.0 100.0 Communists.
6892.0 13232.0 96.0 96.0 A
7044.0 13232.0 264.0 104.0 true
7364.0 13248.0 152.0 84.0 un-

5732.0 13384.0 748.0 124.0 derstanding
6560.0 13388.0 224.0 108.0 will
6856.0 13388.0 296.0 108.0 have
7228.0 13392.0 124.0 116.0 to
7420.0 13392.0 140.0 104.0 be

5728.0 13544.0 368.0 108.0 found
6140.0 13548.0 124.0 100.0 at
6304.0 13548.0 204.0 112.0 the
6552.0 13544.0 280.0 112.0 level
6864.0 13552.0 120.0 104.0 of
7012.0 13552.0 208.0 104.0 the
7252.0 13552.0 260.0 124.0 high-

5728.0 13708.0 188.0 100.0 est
5964.0 13704.0 392.0 124.0 policy,
6408.0 13708.0 236.0 104.0 and
6692.0 13708.0 96.0 104.0 it
6828.0 13712.0 220.0 104.0 will
7100.0 13712.0 292.0 112.0 have
7436.0 13712.0 120.0 108.0 to

5724.0 13868.0 272.0 104.0 deal
6056.0 13868.0 276.0 104.0 with
6392.0 13872.0 208.0 104.0 the
6660.0 13872.0 384.0 108.0 future
7108.0 13872.0 132.0 104.0 of
7296.0 13880.0 216.0 100.0 Ger-

5724.0 14044.0 360.0 104.0 many
6148.0 14028.0 232.0 104.0 and
6448.0 14032.0 208.0 100.0 the
6720.0 14032.0 388.0 104.0 future
7172.0 14032.0 132.0 104.0 of
7360.0 14036.0 192.0 104.0 the

5724.0 14184.0 416.0 108.0 United
6216.0 14188.0 384.0 104.0 States
6672.0 14188.0 120.0 108.0 in
6864.0 14196.0 236.0 104.0 this
7172.0 14192.0 376.0 128.0 period

5720.0 14348.0 136.0 100.0 of
5908.0 14348.0 344.0 104.0 world
6304.0 14348.0 464.0 124.0 history.

5720.0 14600.0 624.0 140.0 Decisions
6428.0 14600.0 388.0 144.0 Were
6904.0 14600.0 396.0 152.0 Made

5848.0 14816.0 496.0 124.0 Looking
6404.0 14816.0 328.0 120.0 back,
6792.0 14836.0 164.0 88.0 we
7016.0 14840.0 228.0 84.0 can
7308.0 14840.0 240.0 88.0 now

5716.0 14992.0 204.0 84.0 see
6040.0 14976.0 260.0 104.0 that
6352.0 15024.0 32.0 28.0 -
6424.0 14980.0 204.0 100.0 the
6752.0 14984.0 320.0 116.0 great
7200.0 14980.0 348.0 108.0 issues

5716.0 15132.0 376.0 108.0 which
6132.0 15132.0 540.0 108.0 confront
6712.0 15156.0 132.0 84.0 us
6884.0 15140.0 348.0 116.0 today
7272.0 15160.0 276.0 88.0 were

5720.0 15296.0 612.0 116.0 generated
6412.0 15296.0 500.0 104.0 between
7000.0 15300.0 248.0 100.0 1949
7324.0 15300.0 224.0 108.0 and

5720.0 15428.0 252.0 100.0 1954
6096.0 15428.0 508.0 100.0 between
6672.0 15432.0 196.0 100.0 the
6932.0 15432.0 616.0 108.0 formation

5712.0 15560.0 136.0 96.0 of
5896.0 15560.0 200.0 104.0 the
6140.0 15560.0 252.0 104.0 coal
6444.0 15560.0 236.0 104.0 and
6724.0 15568.0 276.0 100.0 steel
7052.0 15588.0 448.0 84.0 commu-

5716.0 15688.0 256.0 116.0 nity
6068.0 15696.0 232.0 96.0 and
6404.0 15696.0 208.0 100.0 the
6716.0 15700.0 612.0 100.0 admission
7424.0 15704.0 124.0 96.0 of

5716.0 15820.0 308.0 100.0 West
6084.0 15828.0 580.0 116.0 Germany
6732.0 15832.0 116.0 96.0 to
6908.0 15832.0 208.0 100.0 the
7180.0 15836.0 364.0 100.0 NATO

5716.0 15956.0 512.0 100.0 alliance.
6340.0 15960.0 440.0 116.0 During
6884.0 15960.0 336.0 104.0 those
7328.0 15968.0 216.0 100.0 five

5712.0 16104.0 332.0 100.0 years
6132.0 16108.0 136.0 84.0 or
6356.0 16112.0 168.0 92.0 so,
6616.0 16092.0 564.0 108.0 decisions
7268.0 16112.0 272.0 88.0 were

5712.0 16220.0 352.0 108.0 taken
6108.0 16220.0 124.0 100.0 to
6272.0 16216.0 556.0 124.0 Integrate
6876.0 16248.0 64.0 80.0 a
6984.0 16232.0 556.0 104.0 re-armed

5712.0 16352.0 512.0 100.0 Western
6284.0 16360.0 576.0 116.0 Germany
6916.0 16360.0 128.0 104.0 In
7104.0 16364.0 204.0 100.0 the
7356.0 16384.0 140.0 100.0 po-

5708.0 16480.0 388.0 116.0 litical,
6144.0 16484.0 500.0 120.0 military
6688.0 16492.0 228.0 100.0 and
6964.0 16500.0 576.0 100.0 economic

5708.0 16624.0 712.0 116.0 community
6480.0 16624.0 132.0 96.0 of
6676.0 16624.0 192.0 104.0 the
6932.0 16628.0 332.0 100.0 West
7356.0 16632.0 180.0 104.0 Dr.

5704.0 16748.0 612.0 100.0 Adenauer
6412.0 16756.0 404.0 116.0 played
6920.0 16776.0 68.0 80.0 a
7092.0 16760.0 444.0 124.0 leading

5704.0 16884.0 272.0 108.0 part
6024.0 16880.0 116.0 100.0 In
6192.0 16884.0 336.0 100.0 these
6572.0 16888.0 588.0 104.0 decisions.
7240.0 16896.0 296.0 116.0 They

5700.0 17012.0 304.0 96.0 have
6056.0 17012.0 232.0 104.0 had
6344.0 17016.0 228.0 100.0 two
6624.0 17040.0 612.0 88.0 enormous
7284.0 17048.0 200.0 80.0 con-

5700.0 17160.0 656.0 104.0 sequences,
6504.0 17148.0 272.0 104.0 both
6908.0 17156.0 132.0 100.0 of
7176.0 17160.0 356.0 108.0 which

5696.0 17272.0 300.0 104.0 have
6072.0 17296.0 328.0 80.0 come
6476.0 17280.0 124.0 100.0 to
6680.0 17284.0 276.0 100.0 fruit
7032.0 17288.0 456.0 104.0 simulta-

5696.0 17408.0 480.0 116.0 neously
6316.0 17412.0 128.0 100.0 in
6588.0 17416.0 200.0 104.0 the
6920.0 17428.0 272.0 112.0 past
7324.0 17428.0 208.0 100.0 few

5696.0 17540.0 504.0 104.0 months.

5808.0 17712.0 256.0 100.0 One
6168.0 17716.0 100.0 104.0 Is
6368.0 17720.0 204.0 104.0 the
6672.0 17728.0 860.0 108.0 movement

5684.0 17840.0 496.0 112.0 towards
6224.0 17852.0 500.0 104.0 Western
6768.0 17856.0 364.0 120.0 unity,
7168.0 17864.0 360.0 104.0 which

5680.0 17976.0 280.0 100.0 took
6064.0 18000.0 68.0 80.0 a
6240.0 17984.0 480.0 104.0 decisive
6820.0 17988.0 276.0 104.0 turn
7204.0 17996.0 324.0 108.0 when

5680.0 18108.0 360.0 104.0 Great
6108.0 18116.0 440.0 100.0 Britain
6624.0 18124.0 396.0 100.0 moved
7096.0 18124.0 128.0 104.0 to
7288.0 18128.0 236.0 120.0 Join

5676.0 18240.0 216.0 100.0 the
5952.0 18248.0 628.0 100.0 continent
6644.0 18252.0 268.0 104.0 This
6972.0 18260.0 108.0 100.0 Is
7148.0 18260.0 368.0 104.0 bound

5680.0 18372.0 128.0 104.0 to
5880.0 18376.0 140.0 100.0 be
6088.0 18376.0 524.0 104.0 followed
6684.0 18384.0 140.0 116.0 by
6892.0 18404.0 68.0 80.0 a
7032.0 18388.0 300.0 104.0 train
7396.0 18396.0 128.0 96.0 of

5676.0 18508.0 404.0 100.0 events
6160.0 18508.0 376.0 104.0 which
6616.0 18516.0 212.0 96.0 will
6912.0 18516.0 340.0 124.0 bring
7324.0 18524.0 196.0 100.0 the

5676.0 18636.0 420.0 104.0 United
6196.0 18644.0 380.0 100.0 States
6672.0 18644.0 236.0 104.0 Into
7012.0 18668.0 72.0 80.0 a
7184.0 18656.0 332.0 96.0 much

5676.0 18768.0 372.0 108.0 closer
6132.0 18776.0 740.0 120.0 relationship
6960.0 18780.0 280.0 100.0 with
7324.0 18788.0 192.0 92.0 the

5676.0 18900.0 492.0 100.0 whole
6288.0 18904.0 128.0 100.0 of
6536.0 18912.0 980.0 104.0 non-Communist

5676.0 19032.0 472.0 120.0 Europe.

5804.0 19204.0 240.0 100.0 The
6124.0 19208.0 340.0 100.0 other
6544.0 19228.0 776.0 104.0 consequence
7392.0 19216.0 128.0 100.0 of

5676.0 19332.0 212.0 104.0 the
5952.0 19340.0 372.0 96.0 action
6396.0 19340.0 132.0 96.0 of
6600.0 19344.0 264.0 108.0 1954,
6936.0 19348.0 156.0 112.0 by
7164.0 19344.0 352.0 100.0 which

5676.0 19468.0 308.0 96.0 West
6040.0 19472.0 580.0 116.0 Germany
6676.0 19472.0 384.0 116.0 Joined
7124.0 19476.0 392.0 116.0 NATO,

5680.0 19596.0 104.0 100.0 Is
5824.0 19600.0 256.0 96.0 that
6116.0 19604.0 484.0 96.0 reunion
6640.0 19604.0 264.0 100.0 with
6948.0 19612.0 276.0 92.0 East
7256.0 19612.0 216.0 96.0 Ger-

5672.0 19748.0 356.0 96.0 many
6136.0 19732.0 408.0 100.0 ceased
6656.0 19736.0 176.0 96.0 for
6936.0 19736.0 204.0 100.0 the
7248.0 19740.0 264.0 100.0 time

5676.0 19856.0 344.0 124.0 being
6072.0 19860.0 124.0 100.0 to
6256.0 19864.0 136.0 96.0 be
6452.0 19868.0 536.0 116.0 practical
7044.0 19868.0 464.0 120.0 politics.

5676.0 20068.0 380.0 144.0 Need
6144.0 20076.0 200.0 136.0 for
6436.0 20076.0 972.0 180.0 Understanding

5796.0 20288.0 244.0 96.0 The
6172.0 20292.0 588.0 100.0 President
6892.0 20296.0 300.0 100.0 and
7320.0 20300.0 188.0 96.0 the

5672.0 20420.0 660.0 100.0 chancellor
6384.0 20424.0 224.0 100.0 will
6668.0 20428.0 292.0 96.0 need
7020.0 20432.0 128.0 92.0 to
7200.0 20448.0 312.0 84.0 come

5672.0 20552.0 272.0 100.0 first
6000.0 20556.0 116.0 96.0 to
6184.0 20572.0 152.0 84.0 an
6400.0 20544.0 900.0 132.0 Understanding
7352.0 20576.0 156.0 84.0 on

5668.0 20680.0 268.0 100.0 how
6000.0 20684.0 272.0 116.0 they
6340.0 20704.0 228.0 80.0 can
6632.0 20692.0 296.0 96.0 work
6996.0 20692.0 516.0 116.0 together

5676.0 20832.0 132.0 80.0 as
5900.0 20812.0 292.0 116.0 loyal
6284.0 20816.0 236.0 100.0 and
6608.0 20820.0 528.0 96.0 effective
7224.0 20828.0 252.0 112.0 part-

5672.0 20960.0 276.0 80.0 ners
6032.0 20948.0 120.0 92.0 In
6240.0 20948.0 204.0 108.0 the
6532.0 20952.0 764.0 96.0 construction
7384.0 20956.0 128.0 96.0 of

5668.0 21076.0 212.0 92.0 the
5912.0 21072.0 492.0 112.0 Atlantic
6444.0 21084.0 728.0 116.0 community.
7212.0 21084.0 296.0 116.0 They

5668.0 21204.0 232.0 100.0 will
6020.0 21204.0 276.0 100.0 then
6424.0 21212.0 292.0 96.0 need
6836.0 21232.0 148.0 76.0 an
7116.0 21216.0 348.0 96.0 under

5672.0 21336.0 540.0 120.0 standing
6292.0 21360.0 156.0 76.0 on
6532.0 21344.0 248.0 96.0 how
6904.0 21344.0 332.0 116.0 given
7312.0 21348.0 192.0 96.0 the

5668.0 21472.0 248.0 100.0 fact
5972.0 21472.0 124.0 96.0 of
6152.0 21472.0 504.0 96.0 German
6720.0 21476.0 780.0 116.0 participation

5804.0 21604.0 296.0 96.0 West
6232.0 21604.0 576.0 116.0 Germany
6940.0 21612.0 244.0 96.0 and
7308.0 21612.0 196.0 96.0 the

5668.0 21736.0 508.0 96.0 Western
6252.0 21732.0 480.0 100.0 alliance
6800.0 21756.0 196.0 80.0 are
7064.0 21744.0 128.0 92.0 to
7252.0 21740.0 248.0 96.0 deal

5664.0 21864.0 372.0 96.0 with
6172.0 21868.0 272.0 92.0 East
6572.0 21868.0 576.0 120.0 Germany
7280.0 21868.0 220.0 100.0 and

5668.0 21996.0 476.0 100.0 Eastern
6196.0 22000.0 472.0 116.0 Europe.

5796.0 22168.0 136.0 96.0 In
5996.0 22164.0 332.0 100.0 order
6392.0 22164.0 124.0 104.0 to
6576.0 22176.0 468.0 96.0 reach
7112.0 22188.0 68.0 84.0 a
5660.0 22176.0 1796.0 220.0 German-American

6764.0 22304.0 688.0 100.0 understand-

5664.0 22428.0 208.0 116.0 ing
5960.0 22428.0 92.0 100.0 It
6144.0 22432.0 220.0 96.0 will
6464.0 22436.0 140.0 92.0 be
6696.0 22452.0 596.0 100.0 necessary
7380.0 22440.0 116.0 96.0 to

5664.0 22568.0 312.0 88.0 clear
6048.0 22580.0 312.0 100.0 away
6436.0 22564.0 200.0 96.0 the
6708.0 22568.0 372.0 96.0 debris
7156.0 22568.0 124.0 100.0 of
7348.0 22588.0 148.0 80.0 an

5664.0 22692.0 196.0 96.0 old
5916.0 22696.0 360.0 116.0 policy
6332.0 22692.0 260.0 100.0 that
6644.0 22692.0 204.0 104.0 has
6900.0 22696.0 592.0 120.0 collapsed.

5660.0 22828.0 248.0 104.0 The
5952.0 22824.0 360.0 120.0 policy
6360.0 22824.0 560.0 104.0 consisted
6968.0 22832.0 128.0 96.0 In
7144.0 22844.0 304.0 104.0 prom-

5664.0 22956.0 840.0 112.0 isingalways
6604.0 22968.0 292.0 92.0 most
7008.0 22960.0 436.0 116.0 ambigu-

5656.0 23088.0 708.0 112.0 ouslythat
6504.0 23088.0 180.0 96.0 Dr.
6812.0 23088.0 680.0 104.0 Adenauer's

5664.0 23220.0 772.0 116.0 government
6536.0 23220.0 420.0 100.0 backed
7064.0 23224.0 148.0 112.0 by
7296.0 23228.0 192.0 96.0 the

5656.0 23348.0 376.0 116.0 might
6108.0 23352.0 124.0 96.0 of
6316.0 23352.0 200.0 100.0 the
6600.0 23352.0 408.0 96.0 United
7096.0 23356.0 392.0 108.0 States,

5660.0 23484.0 368.0 92.0 would
6076.0 23484.0 568.0 96.0 somehow
6688.0 23504.0 336.0 80.0 cause
7068.0 23488.0 196.0 96.0 the
7308.0 23488.0 136.0 92.0 So-

5656.0 23612.0 236.0 96.0 viet
5952.0 23612.0 364.0 96.0 Union
6388.0 23620.0 116.0 88.0 to
6568.0 23616.0 608.0 100.0 surrender
7232.0 23616.0 252.0 96.0 East

5656.0 23748.0 600.0 108.0 Germany.
6320.0 23744.0 272.0 96.0 This
6652.0 23748.0 364.0 112.0 policy
7076.0 23748.0 224.0 96.0 had
7360.0 23768.0 124.0 76.0 as

5652.0 23876.0 156.0 96.0 Its
5896.0 23872.0 484.0 100.0 formula
6468.0 23876.0 792.0 100.0 reunification
7340.0 23876.0 144.0 116.0 by

5648.0 24008.0 340.0 96.0 free
6064.0 24008.0 572.0 96.0 elections.
6772.0 24008.0 104.0 96.0 It
6952.0 24008.0 224.0 100.0 has
7252.0 24008.0 232.0 100.0 also

5652.0 24136.0 296.0 100.0 been
5996.0 24140.0 396.0 112.0 widely
6440.0 24140.0 628.0 96.0 advertised
7124.0 24160.0 120.0 80.0 as
7288.0 24144.0 192.0 96.0 the

5652.0 24268.0 368.0 116.0 policy
6064.0 24268.0 124.0 96.0 of
6236.0 24272.0 200.0 96.0 the
6488.0 24272.0 584.0 96.0 liberation
7120.0 24272.0 124.0 96.0 of
7284.0 24272.0 192.0 96.0 the

5648.0 24400.0 444.0 112.0 captive
6148.0 24404.0 488.0 96.0 nations

5776.0 24552.0 236.0 100.0 Tre
6076.0 24552.0 368.0 120.0 policy
6500.0 24572.0 224.0 84.0 was
6784.0 24576.0 352.0 80.0 never
7192.0 24556.0 288.0 120.0 truly

7728.0 9012.0 452.0 104.0 serious.
8256.0 9012.0 108.0 104.0 It
8428.0 9032.0 208.0 80.0 was
8708.0 9028.0 348.0 88.0 never
9116.0 9004.0 120.0 104.0 In
9304.0 9000.0 244.0 104.0 fact

7744.0 9148.0 464.0 96.0 sincere.
8392.0 9144.0 192.0 96.0 For
8756.0 9140.0 212.0 100.0 the
9132.0 9136.0 412.0 100.0 United

7728.0 9276.0 368.0 96.0 States
8196.0 9276.0 228.0 96.0 and
8508.0 9272.0 196.0 100.0 the
8800.0 9264.0 492.0 108.0 Western
9392.0 9264.0 108.0 100.0 al-

7728.0 9404.0 228.0 112.0 lies,
8056.0 9404.0 240.0 100.0 and
8392.0 9404.0 496.0 96.0 Western
8984.0 9404.0 564.0 108.0 Germany

7724.0 9552.0 156.0 80.0 no
7940.0 9532.0 256.0 112.0 less,
8268.0 9532.0 272.0 100.0 have
8608.0 9548.0 360.0 84.0 never
9024.0 9532.0 220.0 100.0 had
9316.0 9540.0 232.0 100.0 any

7724.0 9660.0 568.0 104.0 intention
8384.0 9664.0 112.0 100.0 of
8572.0 9660.0 496.0 116.0 fighting
9152.0 9680.0 68.0 80.0 a
9308.0 9676.0 236.0 80.0 war

7720.0 9796.0 124.0 96.0 to
7948.0 9792.0 456.0 120.0 reunify
8504.0 9792.0 568.0 116.0 Germany
9176.0 9804.0 132.0 84.0 or
9428.0 9788.0 116.0 96.0 to

7720.0 9920.0 468.0 104.0 liberate
8256.0 9920.0 452.0 104.0 Eastern
8780.0 9924.0 452.0 116.0 Europe.
9300.0 9920.0 244.0 96.0 The

7728.0 10052.0 348.0 96.0 whole
8116.0 10052.0 364.0 120.0 policy
8520.0 10052.0 208.0 104.0 has
8776.0 10052.0 284.0 100.0 been
9100.0 10072.0 64.0 76.0 a
9204.0 10048.0 300.0 104.0 shab-

7716.0 10180.0 148.0 116.0 by
7972.0 10184.0 340.0 96.0 hoax.
8420.0 10184.0 360.0 100.0 Three
8900.0 10180.0 316.0 100.0 times
9340.0 10180.0 200.0 96.0 the

7716.0 10308.0 356.0 120.0 policy
8140.0 10312.0 224.0 104.0 has
8424.0 10312.0 280.0 100.0 been
8780.0 10312.0 408.0 116.0 proved
9256.0 10308.0 244.0 120.0 pub-

7716.0 10440.0 252.0 120.0 licly
8008.0 10444.0 244.0 100.0 and
8292.0 10444.0 796.0 112.0 spectacularly
9128.0 10460.0 60.0 80.0 a
9232.0 10440.0 304.0 96.0 hoax

7840.0 10572.0 328.0 100.0 when
8296.0 10572.0 184.0 96.0 the
8592.0 10576.0 284.0 92.0 East
8992.0 10576.0 544.0 96.0 Germans

7716.0 10700.0 488.0 100.0 rebelled
8272.0 10700.0 216.0 100.0 and
8536.0 10720.0 164.0 84.0 we
8768.0 10700.0 196.0 100.0 did
9016.0 10704.0 192.0 96.0 not
9264.0 10700.0 272.0 116.0 help

7708.0 10832.0 344.0 108.0 them,
8136.0 10832.0 328.0 96.0 when
8536.0 10832.0 208.0 100.0 the
8832.0 10832.0 704.0 112.0 Hungarians

7712.0 10960.0 492.0 100.0 rebelled
8268.0 10960.0 216.0 100.0 and
8532.0 10980.0 168.0 80.0 we
8764.0 10964.0 196.0 96.0 did
9012.0 10964.0 192.0 96.0 not
9256.0 10960.0 276.0 116.0 help

7708.0 11092.0 340.0 108.0 them,
8144.0 11096.0 324.0 96.0 when
8548.0 11092.0 392.0 100.0 Berlin
9028.0 11108.0 216.0 84.0 was
9336.0 11092.0 200.0 96.0 cut

7708.0 11220.0 124.0 104.0 In
7904.0 11224.0 220.0 96.0 two
8208.0 11224.0 148.0 116.0 by
8428.0 11224.0 180.0 96.0 the
8688.0 11220.0 488.0 100.0 erection
9256.0 11220.0 128.0 100.0 of
9468.0 11240.0 64.0 80.0 a

7712.0 11348.0 240.0 100.0 wall
8016.0 11352.0 240.0 96.0 and
8324.0 11368.0 148.0 84.0 we
8528.0 11348.0 680.0 120.0 acquiesced.

7828.0 11484.0 232.0 96.0 The
8132.0 11484.0 848.0 100.0 demonstrated
9048.0 11480.0 316.0 100.0 truth
9440.0 11476.0 96.0 104.0 Is

7704.0 11612.0 252.0 100.0 that
8040.0 11612.0 216.0 100.0 the
8348.0 11612.0 292.0 100.0 satus
8736.0 11632.0 232.0 96.0 quo
9056.0 11612.0 112.0 100.0 in
9260.0 11616.0 232.0 92.0 Ger-

7700.0 11760.0 340.0 100.0 many
8124.0 11744.0 108.0 96.0 Is
8312.0 11740.0 568.0 124.0 partition,
8960.0 11744.0 216.0 100.0 and
9252.0 11740.0 100.0 100.0 It
9432.0 11744.0 100.0 96.0 Is

7716.0 12044.0 656.0 212.0 Hoods
8480.0 12048.0 312.0 204.0 On
8920.0 12048.0 544.0 204.0 Move

9668.0 9024.0 144.0 80.0 on
9884.0 8992.0 260.0 108.0 that
10208.0 8988.0 232.0 108.0 fact
10508.0 8984.0 272.0 108.0 that
10848.0 8980.0 360.0 124.0 policy
11276.0 8980.0 220.0 100.0 has

9664.0 9144.0 248.0 88.0 now
10012.0 9132.0 120.0 92.0 to
10224.0 9128.0 136.0 96.0 be
10456.0 9120.0 472.0 100.0 formed.
11024.0 9120.0 280.0 92.0 This
11400.0 9120.0 96.0 92.0 is

9664.0 9256.0 692.0 124.0 regrettable.
10424.0 9252.0 232.0 100.0 But
10724.0 9248.0 92.0 104.0 if
10888.0 9260.0 444.0 104.0 anyone
11400.0 9244.0 96.0 96.0 is

9668.0 9396.0 112.0 96.0 to
9884.0 9392.0 140.0 96.0 be
10128.0 9384.0 476.0 104.0 blamed.
10712.0 9380.0 96.0 96.0 It
10900.0 9376.0 100.0 100.0 is
11104.0 9368.0 392.0 112.0 Hitler,

9668.0 9524.0 244.0 96.0 who
10036.0 9512.0 420.0 108.0 started
10580.0 9508.0 208.0 104.0 the
10900.0 9524.0 236.0 80.0 war
11260.0 9496.0 232.0 104.0 and

9660.0 9652.0 216.0 104.0 lost
9944.0 9648.0 124.0 100.0 It.

9780.0 9784.0 108.0 100.0 If
9940.0 9800.0 168.0 80.0 we
10160.0 9772.0 220.0 104.0 and
10432.0 9772.0 200.0 100.0 the
10692.0 9772.0 552.0 100.0 Germans
11296.0 9780.0 192.0 84.0 are

9668.0 9912.0 112.0 100.0 to
9900.0 9932.0 136.0 96.0 go
10148.0 9900.0 484.0 108.0 forward
10748.0 9896.0 544.0 116.0 together,
11400.0 9892.0 96.0 100.0 It

9664.0 10040.0 212.0 100.0 will
9984.0 10044.0 136.0 92.0 be
10220.0 10056.0 128.0 80.0 as
10440.0 10032.0 520.0 120.0 partners
11060.0 10024.0 128.0 104.0 In
11292.0 10020.0 196.0 100.0 the

9656.0 10168.0 492.0 108.0 Atlantic
10236.0 10160.0 720.0 116.0 community,
11036.0 10152.0 460.0 104.0 neither

9664.0 10300.0 704.0 120.0 questioning
10412.0 10296.0 204.0 96.0 the
10664.0 10288.0 404.0 116.0 loyalty
11112.0 10288.0 132.0 96.0 of
11292.0 10284.0 196.0 100.0 the

9656.0 10436.0 356.0 108.0 other,
10124.0 10428.0 444.0 100.0 neither
10684.0 10416.0 484.0 116.0 treating
11292.0 10408.0 196.0 104.0 the

9660.0 10556.0 708.0 128.0 partnership
10492.0 10572.0 132.0 84.0 as
10740.0 10544.0 392.0 124.0 fragile
11256.0 10540.0 232.0 104.0 and

9656.0 10692.0 440.0 112.0 subject
10156.0 10692.0 116.0 96.0 to
10328.0 10684.0 492.0 120.0 operatic
10876.0 10680.0 608.0 100.0 tantrums.

9772.0 10828.0 244.0 96.0 The
10132.0 10816.0 504.0 112.0 building
10748.0 10808.0 120.0 100.0 of
10980.0 10808.0 204.0 100.0 the
11300.0 10804.0 148.0 100.0 At-

9660.0 10952.0 348.0 104.0 lrntic
10060.0 10940.0 696.0 120.0 community
10804.0 10940.0 96.0 100.0 Is
10960.0 10956.0 148.0 84.0 an
11160.0 10948.0 288.0 84.0 enor-

9656.0 11104.0 328.0 80.0 mous
10080.0 11076.0 780.0 112.0 undertaking,
10952.0 11068.0 236.0 100.0 and
11288.0 11064.0 196.0 100.0 the

9652.0 11220.0 500.0 96.0 Western
10232.0 11208.0 308.0 100.0 allies
10620.0 11200.0 420.0 104.0 cannot
11116.0 11192.0 368.0 124.0 spend

9656.0 11348.0 144.0 96.0 all
9872.0 11348.0 124.0 96.0 of
10060.0 11340.0 296.0 100.0 their
10416.0 11340.0 284.0 100.0 time
10768.0 11328.0 224.0 100.0 and
11056.0 11340.0 428.0 104.0 energy

9656.0 11476.0 384.0 112.0 crying
10156.0 11468.0 196.0 100.0 out
10472.0 11464.0 348.0 100.0 about
10936.0 11460.0 204.0 100.0 the
11264.0 11456.0 172.0 100.0 col-

9652.0 11604.0 388.0 120.0 lapsed
10124.0 11596.0 504.0 104.0 Illusions
10708.0 11592.0 124.0 100.0 of
10912.0 11592.0 272.0 100.0 1954.
11272.0 11588.0 216.0 100.0 For

9656.0 11756.0 204.0 80.0 our
9916.0 11736.0 260.0 124.0 part
10228.0 11748.0 156.0 84.0 we
10440.0 11724.0 304.0 104.0 shall
10804.0 11720.0 288.0 104.0 have
11148.0 11720.0 128.0 100.0 to
11336.0 11720.0 148.0 96.0 do

11624.0 8992.0 68.0 84.0 a
11788.0 8976.0 324.0 112.0 great
12188.0 8976.0 260.0 80.0 aeai
12540.0 8976.0 116.0 68.0 m
12748.0 8976.0 288.0 64.0 iiaru
13228.0 8976.0 64.0 44.0 "

11616.0 9104.0 192.0 100.0 We
11892.0 9088.0 288.0 112.0 shall
12260.0 9088.0 292.0 96.0 have
12632.0 9076.0 120.0 96.0 to
12832.0 9076.0 424.0 104.0 engage
13336.0 9052.0 120.0 100.0 In

11620.0 9216.0 616.0 128.0 prolonged
12336.0 9204.0 412.0 108.0 debate
12848.0 9204.0 120.0 96.0 to
13072.0 9184.0 384.0 104.0 decide

11620.0 9364.0 260.0 76.0 hnw
11940.0 9376.0 168.0 64.0 we
12164.0 9344.0 220.0 96.0 will
12452.0 9332.0 388.0 108.0 adjust
12896.0 9320.0 560.0 108.0 ourselves

11616.0 9496.0 124.0 96.0 to
11804.0 9488.0 212.0 100.0 the
12076.0 9472.0 828.0 112.0 revolutionary
12964.0 9456.0 496.0 108.0 changes

11616.0 9616.0 388.0 104.0 which
12096.0 9612.0 196.0 100.0 the
12400.0 9596.0 432.0 124.0 greatly
12928.0 9572.0 528.0 120.0 enlarged

11620.0 9764.0 536.0 88.0 common
12252.0 9732.0 456.0 108.0 market
12804.0 9728.0 96.0 96.0 is
13000.0 9712.0 420.0 124.0 precipi-

11616.0 9880.0 412.0 120.0 tating.
11740.0 10012.0 156.0 96.0 So
11976.0 10004.0 92.0 100.0 It
12140.0 9996.0 100.0 104.0 is
12316.0 9988.0 216.0 108.0 not
12608.0 9968.0 848.0 120.0 unreasonable,

11612.0 10160.0 224.0 84.0 nor
11916.0 10136.0 104.0 100.0 Is
12096.0 10128.0 92.0 108.0 It
12268.0 10144.0 68.0 80.0 a
12424.0 10120.0 432.0 104.0 rebirth
12932.0 10108.0 120.0 100.0 of
13132.0 10104.0 276.0 96.0 Isola-

11616.0 10264.0 504.0 112.0 tionism,
12224.0 10256.0 216.0 100.0 but
12552.0 10244.0 268.0 116.0 only
12936.0 10248.0 516.0 92.0 common

11628.0 10420.0 344.0 88.0 sense
12084.0 10388.0 224.0 104.0 and
12428.0 10372.0 532.0 132.0 practical
13076.0 10380.0 336.0 88.0 neces-

11616.0 10536.0 260.0 112.0 sity,
11968.0 10524.0 92.0 100.0 lf
12144.0 10540.0 164.0 80.0 we
12400.0 10532.0 204.0 96.0 say
12692.0 10508.0 124.0 96.0 to
12904.0 10504.0 176.0 100.0 Dr.
13176.0 10492.0 236.0 104.0 Ade-

11612.0 10680.0 404.0 92.0 nauer,
12092.0 10672.0 124.0 84.0 as
12292.0 10636.0 416.0 112.0 indeed
12784.0 10652.0 164.0 80.0 we
13032.0 10644.0 188.0 88.0 are
13300.0 10620.0 108.0 104.0 al-

11612.0 10792.0 356.0 120.0 ready
12052.0 10780.0 424.0 120.0 saying,
12564.0 10768.0 260.0 104.0 that
12904.0 10760.0 196.0 104.0 the
13188.0 10752.0 220.0 104.0 Fed-

11612.0 10924.0 244.0 104.0 eral
11984.0 10908.0 492.0 132.0 republic
12596.0 10900.0 220.0 100.0 will
12932.0 10896.0 284.0 96.0 have
13332.0 10888.0 120.0 92.0 to

11608.0 11056.0 276.0 120.0 play
11952.0 11068.0 152.0 80.0 an
12172.0 11040.0 324.0 104.0 adult
12560.0 11032.0 260.0 120.0 part
12888.0 11024.0 228.0 104.0 and
13184.0 11016.0 260.0 100.0 take

11608.0 11204.0 328.0 84.0 more
12044.0 11160.0 820.0 132.0 responsibility
12972.0 11156.0 280.0 96.0 than
13360.0 11144.0 88.0 100.0 It

11608.0 11316.0 336.0 104.0 takes
12020.0 11308.0 336.0 108.0 today
12432.0 11300.0 180.0 96.0 for
12684.0 11284.0 492.0 116.0 working
13252.0 11276.0 196.0 100.0 out

11608.0 11444.0 420.0 104.0 livable
12128.0 11428.0 540.0 112.0 relations
12776.0 11416.0 264.0 100.0 with
13148.0 11408.0 260.0 100.0 East-

11612.0 11596.0 212.0 84.0 ern
11952.0 11576.0 568.0 104.0 Germany
12640.0 11552.0 232.0 104.0 and
12984.0 11544.0 460.0 104.0 Eastern

11608.0 11712.0 476.0 112.0 Europe.

13576.0 6668.0 304.0 100.0 That
13968.0 6664.0 120.0 116.0 Is,
14172.0 6684.0 168.0 96.0 up
14432.0 6664.0 128.0 100.0 to
14640.0 6660.0 188.0 100.0 the
14920.0 6656.0 284.0 100.0 rank
15292.0 6660.0 124.0 96.0 of

13576.0 6796.0 404.0 108.0 major.
14144.0 6792.0 432.0 112.0 Majors
14704.0 6784.0 232.0 108.0 and
15072.0 6784.0 344.0 104.0 above

13572.0 6928.0 344.0 104.0 could
13980.0 6944.0 288.0 80.0 wear
14324.0 6916.0 408.0 108.0 shorts.

13696.0 7056.0 704.0 120.0 Apparently
14452.0 7060.0 312.0 96.0 there
14820.0 7068.0 232.0 80.0 was
15104.0 7072.0 308.0 84.0 some

13572.0 7212.0 416.0 80.0 reason
14088.0 7188.0 180.0 100.0 for
14372.0 7184.0 132.0 112.0 It,
14604.0 7180.0 508.0 124.0 explains
15208.0 7184.0 236.0 96.0 Mr..

13572.0 7320.0 512.0 112.0 Stewart,
14120.0 7320.0 256.0 96.0 who
14420.0 7336.0 224.0 80.0 was
14680.0 7336.0 68.0 80.0 a
14784.0 7312.0 640.0 100.0 lieutenant

13572.0 7456.0 444.0 100.0 colonel
14080.0 7448.0 112.0 108.0 in
14256.0 7444.0 380.0 104.0 World
14696.0 7448.0 256.0 100.0 War
15008.0 7444.0 80.0 100.0 L
15176.0 7444.0 236.0 104.0 The

13572.0 7584.0 492.0 104.0 enlisted
14112.0 7600.0 272.0 84.0 men
14448.0 7576.0 228.0 104.0 and
14724.0 7576.0 456.0 100.0 officers
15232.0 7572.0 140.0 104.0 be-

13572.0 7716.0 216.0 104.0 low
13840.0 7716.0 200.0 100.0 the
14092.0 7716.0 292.0 100.0 rank
14432.0 7712.0 128.0 100.0 of
14608.0 7708.0 364.0 116.0 major
15016.0 7704.0 224.0 104.0 had
15288.0 7708.0 128.0 100.0 to

13568.0 7848.0 352.0 104.0 make
13996.0 7844.0 452.0 104.0 reveille
14532.0 7836.0 276.0 108.0 first!

13700.0 7984.0 248.0 92.0 Bob
14048.0 7972.0 504.0 116.0 (Scottie)
14652.0 7968.0 536.0 100.0 Kirkland
15292.0 7972.0 124.0 100.0 of

13572.0 8112.0 508.0 100.0 Madeira
14120.0 8108.0 240.0 100.0 also
14400.0 8100.0 260.0 104.0 sent
14696.0 8124.0 136.0 80.0 us
14872.0 8124.0 72.0 76.0 a
14988.0 8100.0 428.0 120.0 picture

13572.0 8248.0 124.0 96.0 to
13748.0 8260.0 336.0 100.0 prove
14132.0 8240.0 116.0 104.0 It.
14332.0 8240.0 116.0 96.0 It
14492.0 8256.0 220.0 80.0 was
14760.0 8252.0 68.0 84.0 a
14880.0 8232.0 532.0 116.0 fireplace

13572.0 8376.0 284.0 96.0 view
13912.0 8376.0 120.0 100.0 of
14084.0 8392.0 64.0 80.0 a
14200.0 8368.0 512.0 104.0 member
14756.0 8364.0 124.0 104.0 of
14936.0 8384.0 72.0 80.0 a
15064.0 8372.0 300.0 92.0 Cana-

13568.0 8508.0 284.0 100.0 dian
13972.0 8500.0 708.0 108.0 Scottish
14792.0 8492.0 624.0 120.0 Regiment

13572.0 8636.0 516.0 120.0 snapped
14160.0 8636.0 120.0 96.0 in
14368.0 8632.0 272.0 104.0 1939,
14712.0 8628.0 228.0 100.0 and
15012.0 8648.0 204.0 80.0 ran
15284.0 8624.0 128.0 104.0 In

13568.0 8772.0 244.0 100.0 Life
13892.0 8764.0 604.0 120.0 Magazine.
14596.0 8764.0 156.0 96.0 He
14820.0 8760.0 592.0 116.0 explained

13572.0 8900.0 268.0 104.0 that
13956.0 8900.0 188.0 100.0 the
14256.0 8896.0 328.0 100.0 dress
14688.0 8912.0 232.0 80.0 was
15036.0 8888.0 376.0 120.0 dandy

13572.0 9032.0 444.0 104.0 around
14120.0 9048.0 344.0 96.0 camp
14568.0 9024.0 260.0 100.0 fires
14960.0 9024.0 220.0 96.0 and
15284.0 9024.0 128.0 100.0 In

13572.0 9168.0 252.0 96.0 fact
13876.0 9184.0 220.0 80.0 was
14148.0 9164.0 420.0 96.0 known
14624.0 9176.0 120.0 80.0 as
14796.0 9156.0 200.0 96.0 the
15052.0 9156.0 316.0 96.0 "Scot-

13576.0 9300.0 236.0 100.0 tish
13860.0 9292.0 444.0 104.0 Central
14356.0 9288.0 480.0 120.0 Heating
14880.0 9280.0 532.0 124.0 System."

13608.0 10776.0 12.0 16.0 .
13700.0 10688.0 488.0 96.0 RUSSIA
14240.0 10680.0 96.0 104.0 is
14396.0 10680.0 324.0 120.0 going
14768.0 10680.0 116.0 96.0 to
14940.0 10676.0 460.0 116.0 develop

13568.0 10824.0 204.0 96.0 the
13852.0 10816.0 672.0 100.0 wastelands
14592.0 10812.0 112.0 96.0 of
14776.0 10808.0 416.0 96.0 Siberia
15268.0 10828.0 132.0 80.0 as

13572.0 10972.0 64.0 80.0 a
13680.0 10968.0 252.0 80.0 new
13976.0 10944.0 752.0 104.0 breadbasket
14772.0 10940.0 216.0 100.0 For
15020.0 10940.0 380.0 100.0 frozen

13572.0 11084.0 336.0 100.0 food?

13696.0 11268.0 244.0 100.0 The
14028.0 11260.0 360.0 100.0 entire
14488.0 11252.0 504.0 116.0 wedding
15076.0 11252.0 320.0 120.0 party

13576.0 11404.0 120.0 92.0 at
13748.0 11424.0 152.0 72.0 an
13956.0 11396.0 620.0 96.0 Oklahoma
14624.0 11388.0 504.0 112.0 wedding
15168.0 11404.0 232.0 76.0 was

13568.0 11552.0 152.0 72.0 on
13792.0 11524.0 652.0 100.0 horseback.
14512.0 11524.0 248.0 112.0 Gee,
14824.0 11540.0 192.0 76.0 are
15080.0 11516.0 312.0 100.0 there

13568.0 11664.0 264.0 96.0 that
13900.0 11680.0 332.0 92.0 many
14300.0 11656.0 392.0 96.0 horses
14752.0 11644.0 272.0 104.0 left?

7936.0 12408.0 632.0 328.0 U.S.
8744.0 12416.0 1040.0 360.0 Juries,
9984.0 12392.0 744.0 328.0 New
10896.0 12384.0 792.0 328.0 Laws
11888.0 12368.0 1112.0 400.0 Worry
13184.0 12304.0 1840.0 352.0 Racketeers

7952.0 12872.0 192.0 96.0 BY
8220.0 12868.0 496.0 104.0 VICTOR
8796.0 12872.0 456.0 100.0 RIESEL

7816.0 13028.0 640.0 116.0 PHOENIX,
8536.0 13028.0 336.0 104.0 Ariz.:
8964.0 13036.0 88.0 92.0 A
9136.0 13020.0 332.0 104.0 televi-

7692.0 13184.0 244.0 108.0 sion
8056.0 13188.0 340.0 100.0 feller
8500.0 13188.0 252.0 100.0 said
8880.0 13188.0 184.0 100.0 the
9180.0 13184.0 332.0 100.0 other

7692.0 13344.0 320.0 120.0 night
8128.0 13348.0 260.0 96.0 that
8488.0 13348.0 352.0 100.0 crime
8952.0 13364.0 256.0 104.0 pays
9324.0 13344.0 144.0 96.0 be-

7636.0 13524.0 380.0 80.0 cause
8088.0 13504.0 192.0 100.0 It's
8344.0 13528.0 64.0 80.0 a
8468.0 13508.0 436.0 116.0 growth
8968.0 13504.0 536.0 116.0 industry.

7688.0 13664.0 292.0 116.0 Well,
8048.0 13664.0 252.0 100.0 Bob
8364.0 13664.0 548.0 116.0 Kennedy
8972.0 13660.0 88.0 104.0 is
9128.0 13660.0 328.0 120.0 begin-

7680.0 13820.0 276.0 128.0 ning
8052.0 13824.0 132.0 100.0 to
8284.0 13824.0 304.0 100.0 stunt
8688.0 13824.0 264.0 100.0 that
9044.0 13824.0 456.0 120.0 growth.

7680.0 13984.0 136.0 100.0 In
7936.0 13984.0 336.0 100.0 these
8392.0 13984.0 332.0 100.0 latest
8852.0 13984.0 396.0 100.0 travels
9380.0 13980.0 124.0 100.0 of

7680.0 14140.0 332.0 116.0 mine,
8096.0 14144.0 232.0 100.0 I've
8400.0 14140.0 352.0 104.0 heard
8832.0 14144.0 124.0 100.0 of
9028.0 14144.0 116.0 100.0 26
9224.0 14140.0 232.0 100.0 Fed-

7688.0 14300.0 232.0 104.0 eral
8028.0 14300.0 368.0 120.0 grand
8488.0 14300.0 512.0 120.0 Juries
9104.0 14300.0 400.0 120.0 sitting

7684.0 14460.0 432.0 100.0 around
8180.0 14464.0 196.0 100.0 the
8432.0 14460.0 732.0 120.0 countryside.
9228.0 14460.0 268.0 100.0 Like

7680.0 14620.0 196.0 104.0 the
7932.0 14640.0 228.0 84.0 one
8232.0 14620.0 124.0 104.0 in
8416.0 14620.0 492.0 120.0 Chicago
8972.0 14620.0 360.0 100.0 which
9400.0 14620.0 100.0 100.0 is

7680.0 14776.0 452.0 124.0 looking
8236.0 14776.0 232.0 108.0 into
8560.0 14800.0 72.0 80.0 a
8740.0 14784.0 296.0 116.0 chap
9128.0 14776.0 368.0 104.0 called

7676.0 14936.0 516.0 104.0 Dominic
8296.0 14940.0 596.0 116.0 Senese,
8988.0 14940.0 508.0 100.0 business

7684.0 15096.0 332.0 116.0 agent
8152.0 15096.0 132.0 104.0 of
8404.0 15100.0 632.0 100.0 Teamsters
9160.0 15100.0 336.0 100.0 Local

7680.0 15256.0 212.0 112.0 703,
8028.0 15256.0 452.0 124.0 Poultry
8620.0 15260.0 248.0 100.0 and
9000.0 15256.0 496.0 108.0 Produce

7676.0 15416.0 444.0 104.0 Drivers
8196.0 15408.0 408.0 108.0 Union."

7680.0 15656.0 280.0 148.0 Told
8048.0 15660.0 160.0 144.0 of
8288.0 15660.0 484.0 148.0 Assault

7800.0 15884.0 484.0 100.0 Brother
8400.0 15888.0 416.0 96.0 Senese
8936.0 15876.0 552.0 128.0 intrigued

7676.0 16012.0 196.0 100.0 the
7952.0 16016.0 520.0 100.0 Federals
8552.0 16016.0 348.0 100.0 when
8984.0 16016.0 188.0 100.0 the
9268.0 16020.0 176.0 92.0 Mc-

7672.0 16144.0 428.0 100.0 Clellan
8200.0 16144.0 668.0 104.0 Committee
8948.0 16164.0 212.0 84.0 was
9252.0 16144.0 240.0 100.0 told

7672.0 16280.0 152.0 96.0 he
7880.0 16276.0 280.0 104.0 held
8232.0 16280.0 188.0 100.0 the
8480.0 16296.0 320.0 84.0 arms
8868.0 16280.0 120.0 96.0 of
9052.0 16300.0 64.0 80.0 a
9184.0 16280.0 304.0 112.0 chap

7672.0 16404.0 124.0 104.0 in
7924.0 16408.0 488.0 120.0 Chicago
8536.0 16412.0 348.0 96.0 while
9012.0 16412.0 480.0 96.0 another

7676.0 16536.0 520.0 104.0 business
8256.0 16544.0 320.0 116.0 agent
8632.0 16544.0 188.0 96.0 hit
8872.0 16540.0 188.0 104.0 the
9116.0 16544.0 376.0 96.0 fellow

7668.0 16688.0 152.0 80.0 on
7908.0 16672.0 208.0 100.0 the
8208.0 16668.0 276.0 104.0 head
8576.0 16672.0 292.0 100.0 with
8956.0 16692.0 64.0 80.0 a
9108.0 16676.0 336.0 112.0 quart-

7672.0 16800.0 292.0 100.0 sized
8012.0 16804.0 384.0 108.0 bottle,
8436.0 16804.0 352.0 100.0 broke
8832.0 16804.0 244.0 116.0 part
9120.0 16804.0 120.0 96.0 of
9284.0 16804.0 200.0 96.0 the

7672.0 16932.0 472.0 104.0 victim's
8256.0 16936.0 264.0 96.0 head
8636.0 16936.0 244.0 96.0 and
8976.0 16932.0 508.0 100.0 knocked

7668.0 17064.0 172.0 100.0 off
7892.0 17064.0 184.0 100.0 his
8144.0 17064.0 432.0 116.0 glasses,
8640.0 17068.0 236.0 96.0 too.

7788.0 17224.0 488.0 96.0 Brother
8404.0 17228.0 416.0 96.0 Senese
8956.0 17224.0 180.0 100.0 did
9276.0 17224.0 212.0 96.0 not

7664.0 17352.0 356.0 116.0 spend
8092.0 17352.0 152.0 100.0 all
8312.0 17352.0 160.0 100.0 his
8536.0 17356.0 288.0 96.0 time
8888.0 17352.0 108.0 100.0 in
9056.0 17356.0 388.0 100.0 restau-

7664.0 17488.0 312.0 100.0 rants
8080.0 17484.0 452.0 116.0 holding
8632.0 17488.0 396.0 116.0 people
9120.0 17488.0 360.0 96.0 down.

7664.0 17616.0 160.0 96.0 He
7892.0 17616.0 240.0 96.0 had
8208.0 17636.0 144.0 80.0 an
8416.0 17636.0 192.0 92.0 eye
8688.0 17620.0 188.0 96.0 for
8944.0 17620.0 532.0 96.0 business.

7660.0 17748.0 348.0 116.0 Being
8100.0 17764.0 76.0 84.0 a
8264.0 17748.0 508.0 100.0 business
8860.0 17752.0 324.0 112.0 agent
9268.0 17752.0 216.0 96.0 left

7680.0 18048.0 836.0 212.0 Readers'
8640.0 18056.0 552.0 200.0 Views

9640.0 12856.0 240.0 104.0 him
9972.0 12876.0 308.0 80.0 some
10368.0 12848.0 412.0 104.0 leisure
10864.0 12840.0 604.0 108.0 moments.

9640.0 12996.0 156.0 96.0 He
9892.0 13004.0 224.0 84.0 was
10208.0 12984.0 116.0 100.0 In
10412.0 12988.0 204.0 96.0 the
10708.0 12980.0 316.0 100.0 sheet
11112.0 12972.0 356.0 104.0 metal

9636.0 13120.0 512.0 100.0 business
10260.0 13116.0 256.0 108.0 and,
10636.0 13104.0 600.0 120.0 according
11344.0 13108.0 120.0 96.0 to

9640.0 13260.0 192.0 92.0 the
9920.0 13248.0 448.0 100.0 Federal
10456.0 13244.0 476.0 108.0 records,
11020.0 13252.0 196.0 104.0 got
11304.0 13256.0 124.0 80.0 or-

9640.0 13388.0 252.0 92.0 ders
9952.0 13384.0 180.0 96.0 for
10188.0 13400.0 308.0 76.0 some
10560.0 13380.0 124.0 92.0 60
10864.0 13372.0 120.0 96.0 of
11048.0 13372.0 152.0 96.0 all
11264.0 13368.0 200.0 96.0 the

9632.0 13516.0 268.0 96.0 Nike
9952.0 13512.0 412.0 100.0 missile
10416.0 13504.0 276.0 104.0 sites
10740.0 13496.0 716.0 108.0 constructed

9640.0 13644.0 432.0 100.0 around
10140.0 13640.0 508.0 116.0 Chicago.

9752.0 13804.0 168.0 96.0 He
9968.0 13800.0 312.0 100.0 must
10324.0 13800.0 288.0 96.0 have
10668.0 13792.0 284.0 104.0 done
11000.0 13788.0 256.0 104.0 well
11308.0 13804.0 152.0 88.0 on

9632.0 13936.0 272.0 96.0 both
9952.0 13932.0 292.0 100.0 sides
10288.0 13932.0 120.0 96.0 of
10452.0 13932.0 204.0 96.0 the
10700.0 13928.0 348.0 96.0 fence.
11096.0 13924.0 364.0 100.0 When

11604.0 12832.0 548.0 124.0 vestlgate
12280.0 12824.0 212.0 100.0 the
12620.0 12808.0 820.0 124.0 opportunities

11600.0 12976.0 188.0 96.0 for
11852.0 12988.0 76.0 80.0 a
11984.0 12952.0 532.0 112.0 uranium
12576.0 12944.0 320.0 108.0 stock
12952.0 12936.0 484.0 104.0 scheme.

11600.0 13108.0 168.0 100.0 He
11868.0 13096.0 208.0 100.0 left
12156.0 13080.0 456.0 128.0 quickly
12700.0 13072.0 228.0 100.0 and
13020.0 13064.0 420.0 128.0 quietly

11600.0 13256.0 132.0 80.0 or
11816.0 13232.0 208.0 96.0 the
12104.0 13216.0 512.0 128.0 police
12700.0 13200.0 364.0 104.0 would
13152.0 13200.0 280.0 96.0 have

11600.0 13364.0 348.0 104.0 made
12008.0 13376.0 60.0 80.0 a
12124.0 13340.0 664.0 136.0 production
12848.0 13336.0 120.0 100.0 of
13020.0 13332.0 180.0 100.0 his
13256.0 13328.0 132.0 96.0 de-

11596.0 13496.0 496.0 116.0 parture.
11724.0 13628.0 236.0 96.0 But
12060.0 13640.0 60.0 80.0 a
12224.0 13612.0 168.0 100.0 lot
12492.0 13604.0 120.0 104.0 of
12716.0 13600.0 192.0 100.0 the
13008.0 13592.0 424.0 100.0 fellows

11592.0 13764.0 316.0 96.0 from
12012.0 13752.0 192.0 100.0 Mr,
12312.0 13744.0 188.0 100.0 A's
12604.0 13728.0 340.0 108.0 social
13048.0 13720.0 384.0 108.0 milieu

11592.0 13896.0 300.0 100.0 have
11952.0 13884.0 220.0 100.0 hot
12240.0 13868.0 552.0 128.0 departed
12864.0 13860.0 196.0 104.0 the
13140.0 13856.0 296.0 96.0 West

12640.0 14000.0 120.0 32.0 mi
12920.0 14012.0 32.0 20.0 .
13020.0 13988.0 148.0 44.0 in.
13316.0 13984.0 28.0 48.0 i

9628.0 14060.0 736.0 128.0 government
10424.0 14076.0 80.0 100.0 p
10540.0 14076.0 68.0 80.0 e
10640.0 14056.0 240.0 120.0 op!
10916.0 14076.0 64.0 80.0 e
11052.0 14048.0 412.0 108.0 looked
11512.0 14128.0 24.0 20.0 .

9628.0 14200.0 236.0 96.0 into
9948.0 14196.0 192.0 100.0 the
10220.0 14192.0 324.0 100.0 value
10624.0 14192.0 124.0 100.0 of
10820.0 14184.0 176.0 104.0 his
11076.0 14188.0 380.0 108.0 home,

9628.0 14332.0 268.0 108.0 they
10004.0 14320.0 596.0 104.0 estimated
10712.0 14316.0 88.0 104.0 it
10908.0 14316.0 120.0 100.0 at
11136.0 14332.0 324.0 88.0 some

9624.0 14456.0 404.0 112.0 $70,000
10112.0 14456.0 116.0 96.0 to
10312.0 14456.0 436.0 112.0 $80,000.
10832.0 14444.0 256.0 108.0 And
11184.0 14444.0 272.0 100.0 with

9624.0 14584.0 660.0 116.0 Interesting
10340.0 14584.0 632.0 112.0 neighbors,
11040.0 14580.0 228.0 104.0 too,
11336.0 14576.0 124.0 100.0 at

9628.0 14724.0 196.0 96.0 the
9876.0 14720.0 300.0 96.0 time.
10228.0 14716.0 240.0 100.0 One
10520.0 14732.0 232.0 80.0 was
10800.0 14716.0 272.0 108.0 Joey
11116.0 14704.0 300.0 120.0 Alup-

9624.0 14868.0 168.0 100.0 pa,
9856.0 14848.0 252.0 100.0 who
10164.0 14844.0 480.0 100.0 dabbled
10704.0 14844.0 112.0 96.0 in
10876.0 14844.0 200.0 96.0 the
11136.0 14836.0 312.0 104.0 hotel

9624.0 14980.0 224.0 96.0 and
9936.0 14976.0 644.0 104.0 restaurant
10664.0 14976.0 312.0 96.0 labor
11056.0 14968.0 396.0 100.0 racket

9624.0 15116.0 348.0 92.0 there.
10020.0 15112.0 196.0 96.0 Mr.
10272.0 15104.0 548.0 116.0 Kennedy
10868.0 15100.0 348.0 104.0 noted
11268.0 15100.0 144.0 96.0 be-

9624.0 15248.0 232.0 92.0 fore
9908.0 15240.0 196.0 100.0 the
10144.0 15236.0 616.0 104.0 McClellan
10800.0 15228.0 652.0 104.0 committee

9620.0 15376.0 248.0 96.0 that
9964.0 15376.0 204.0 96.0 Mr.
10268.0 15368.0 444.0 116.0 Aiuppa
10808.0 15380.0 280.0 84.0 once
11188.0 15380.0 220.0 96.0 sup-

9620.0 15504.0 296.0 116.0 plied
10024.0 15504.0 132.0 96.0 Al
10268.0 15504.0 460.0 112.0 Capone
10828.0 15492.0 276.0 100.0 with
11212.0 15512.0 192.0 80.0 ma-

9620.0 15636.0 332.0 96.0 chine
10012.0 15652.0 288.0 96.0 guns
10352.0 15628.0 236.0 100.0 and
10644.0 15620.0 424.0 108.0 carried
11128.0 15640.0 320.0 84.0 same

9620.0 15768.0 176.0 96.0 for
9868.0 15784.0 68.0 80.0 a
10008.0 15764.0 364.0 100.0 fellow
10436.0 15760.0 368.0 100.0 called
10868.0 15752.0 580.0 116.0 Dllllnger.

9748.0 15924.0 176.0 96.0 All
10040.0 15924.0 312.0 96.0 these
10476.0 15936.0 192.0 80.0 are
10780.0 15908.0 668.0 124.0 Interesting

9620.0 16056.0 660.0 96.0 businesses.
10412.0 16052.0 236.0 96.0 But
10772.0 16048.0 192.0 96.0 the
11100.0 16048.0 344.0 100.0 home

9620.0 16184.0 488.0 116.0 grounds
10184.0 16200.0 188.0 80.0 are
10448.0 16196.0 316.0 96.0 away
10832.0 16196.0 156.0 100.0 up
11060.0 16176.0 380.0 100.0 north.

9616.0 16320.0 328.0 96.0 Some
10008.0 16316.0 128.0 96.0 of
10196.0 16312.0 196.0 100.0 the
10456.0 16312.0 276.0 116.0 boys
10796.0 16312.0 252.0 96.0 who
11112.0 16324.0 332.0 84.0 move

9616.0 16448.0 272.0 96.0 with
9936.0 16444.0 196.0 100.0 the
10184.0 16444.0 328.0 96.0 times
10564.0 16444.0 288.0 96.0 have
10900.0 16436.0 336.0 120.0 given
11288.0 16456.0 156.0 100.0 up

9616.0 16576.0 664.0 96.0 moonshine
10372.0 16576.0 184.0 96.0 for
10648.0 16564.0 792.0 108.0 sunshine.

9612.0 16708.0 472.0 112.0 They've
10192.0 16700.0 528.0 108.0 moved
10820.0 16700.0 276.0 100.0 west
11212.0 16696.0 228.0 104.0 and

9612.0 16836.0 636.0 104.0 southwest

9732.0 16968.0 272.0 100.0 This
10148.0 16964.0 560.0 116.0 Intrigued
10848.0 16984.0 184.0 80.0 me
11180.0 16980.0 264.0 80.0 ever

9612.0 17100.0 308.0 100.0 since
9988.0 17100.0 60.0 96.0 I
10112.0 17096.0 456.0 100.0 learned
10644.0 17096.0 116.0 100.0 in
10828.0 17092.0 240.0 104.0 Salt
11140.0 17092.0 300.0 100.0 Lake

9612.0 17232.0 244.0 112.0 City
9960.0 17228.0 220.0 104.0 last
10276.0 17232.0 408.0 96.0 month
10784.0 17228.0 256.0 96.0 that
11140.0 17228.0 260.0 96.0 Mur-

9612.0 17364.0 228.0 108.0 der,
9932.0 17364.0 344.0 108.0 Inc's,
10368.0 17364.0 208.0 96.0 Mr.
10668.0 17360.0 312.0 108.0 Doto,
11076.0 17372.0 320.0 84.0 some-

9608.0 17496.0 332.0 100.0 times
10024.0 17492.0 404.0 96.0 known
10516.0 17508.0 128.0 88.0 as
10724.0 17492.0 196.0 96.0 Joe
11004.0 17484.0 432.0 100.0 Adonis

9612.0 17624.0 296.0 104.0 ("Mr.
10000.0 17628.0 216.0 104.0 A"),
10304.0 17640.0 288.0 84.0 once
10680.0 17620.0 220.0 100.0 had
10988.0 17612.0 444.0 124.0 slipped

9608.0 17752.0 240.0 100.0 Into
9924.0 17756.0 192.0 100.0 the
10188.0 17756.0 516.0 96.0 Mormon
10772.0 17752.0 224.0 116.0 city
11068.0 17752.0 128.0 100.0 to
11268.0 17744.0 172.0 104.0 ln-

11592.0 14280.0 464.0 112.0 cilmate
12136.0 14272.0 232.0 108.0 and
12456.0 14268.0 148.0 100.0 Its
12684.0 14256.0 424.0 120.0 growth
13192.0 14268.0 204.0 104.0 pos-

11592.0 14416.0 540.0 108.0 sibilities.
12200.0 14408.0 312.0 108.0 They
12576.0 14400.0 328.0 100.0 know
12968.0 14408.0 68.0 80.0 a
13096.0 14384.0 332.0 104.0 boom

11596.0 14568.0 276.0 92.0 area
11928.0 14548.0 320.0 96.0 when
12308.0 14540.0 276.0 108.0 they
12640.0 14548.0 188.0 80.0 see
12884.0 14520.0 116.0 104.0 it.

11720.0 14684.0 340.0 96.0 Some
12104.0 14672.0 120.0 100.0 of
12268.0 14668.0 324.0 100.0 them
12640.0 14664.0 288.0 96.0 have
12976.0 14652.0 284.0 96.0 been
13308.0 14640.0 124.0 104.0 in

11588.0 14820.0 208.0 100.0 the
11904.0 14808.0 396.0 120.0 golden
12408.0 14796.0 300.0 96.0 West
12800.0 14792.0 180.0 96.0 for
13076.0 14796.0 348.0 104.0 years.

11592.0 14956.0 344.0 92.0 Some
12012.0 14932.0 352.0 104.0 travel
12444.0 14924.0 288.0 100.0 back
12812.0 14912.0 224.0 108.0 and
13120.0 14908.0 304.0 100.0 forth

11584.0 15084.0 312.0 96.0 from
12016.0 15064.0 560.0 112.0 Brooklyn
12692.0 15056.0 116.0 96.0 to
12924.0 15044.0 500.0 108.0 Arizona,

11588.0 15216.0 184.0 100.0 for
11832.0 15196.0 544.0 120.0 example.
12436.0 15192.0 308.0 96.0 More
12800.0 15176.0 224.0 108.0 and
13084.0 15192.0 340.0 88.0 more,

11584.0 15340.0 244.0 104.0 Boh
11924.0 15324.0 548.0 116.0 Kennedy
12564.0 15320.0 212.0 96.0 has
12864.0 15312.0 236.0 116.0 Just
13188.0 15300.0 236.0 104.0 told

11584.0 15472.0 188.0 104.0 his
11864.0 15464.0 308.0 108.0 staff,
12264.0 15476.0 200.0 80.0 are
12556.0 15444.0 452.0 112.0 moving
13096.0 15436.0 328.0 96.0 down

11584.0 15608.0 312.0 100.0 from
11956.0 15592.0 484.0 116.0 Chicago
12504.0 15580.0 228.0 100.0 and
12792.0 15564.0 628.0 112.0 Cleveland.

11712.0 15756.0 448.0 104.0 There's
12264.0 15768.0 68.0 80.0 a
12436.0 15740.0 352.0 116.0 tough
12884.0 15752.0 216.0 80.0 one
13204.0 15724.0 216.0 104.0 like

11580.0 15896.0 276.0 100.0 Pete
11944.0 15876.0 476.0 108.0 Llcavoll
12500.0 15872.0 120.0 100.0 of
12704.0 15864.0 460.0 104.0 Detroit
13248.0 15860.0 176.0 96.0 for

11580.0 16016.0 552.0 120.0 example.
12220.0 16012.0 172.0 96.0 He
12484.0 16000.0 192.0 100.0 did
12772.0 16020.0 68.0 80.0 a
12928.0 15992.0 284.0 104.0 stmt
13300.0 15988.0 116.0 100.0 in

11576.0 16156.0 476.0 104.0 Atlanta
12124.0 16144.0 184.0 104.0 for
12384.0 16136.0 448.0 104.0 income
12904.0 16128.0 200.0 96.0 tax
13180.0 16120.0 196.0 116.0 Jug-

11584.0 16288.0 344.0 120.0 gling.
11992.0 16284.0 156.0 96.0 He
12216.0 16276.0 200.0 116.0 got
12472.0 16268.0 204.0 100.0 out
12736.0 16264.0 124.0 96.0 in
12924.0 16256.0 452.0 116.0 Septem-

11580.0 16428.0 208.0 92.0 ber
11844.0 16416.0 224.0 100.0 last
12120.0 16424.0 300.0 104.0 year,
12480.0 16392.0 436.0 108.0 headed
12976.0 16392.0 184.0 96.0 for
13212.0 16384.0 164.0 100.0 De-

11576.0 16548.0 284.0 104.0 troit
11988.0 16540.0 220.0 100.0 and
12340.0 16532.0 244.0 104.0 told
12708.0 16520.0 436.0 104.0 friends
13272.0 16516.0 140.0 96.0 he

11576.0 16672.0 380.0 108.0 would
12032.0 16676.0 312.0 100.0 leave
12424.0 16660.0 416.0 104.0 almost
12908.0 16644.0 464.0 108.0 Immedi-

11576.0 16812.0 312.0 116.0 ately
11976.0 16808.0 172.0 100.0 for
12232.0 16804.0 484.0 96.0 Tucson,
12808.0 16788.0 368.0 100.0 where
13272.0 16784.0 136.0 96.0 he

11572.0 16944.0 256.0 108.0 said
11904.0 16936.0 144.0 104.0 he
12116.0 16932.0 236.0 104.0 had
12428.0 16924.0 576.0 104.0 "business
13076.0 16916.0 296.0 100.0 Inter-

11572.0 17072.0 344.0 112.0 ests."
11700.0 17204.0 452.0 104.0 There's
12232.0 17196.0 208.0 100.0 Joe
12524.0 17184.0 604.0 112.0 (Bananas)
13212.0 17180.0 160.0 96.0 Bo-

11568.0 17360.0 356.0 88.0 nano,
12024.0 17320.0 756.0 120.0 formerly
12880.0 17316.0 120.0 100.0 of
13104.0 17316.0 304.0 108.0 Long

11568.0 17464.0 428.0 116.0 Island,
12052.0 17468.0 124.0 100.0 N.
12236.0 17464.0 128.0 96.0 Y.
12432.0 17460.0 160.0 96.0 He
12656.0 17452.0 212.0 100.0 has
12932.0 17440.0 472.0 108.0 dabbled

11568.0 17608.0 124.0 100.0 In
11792.0 17604.0 304.0 112.0 large
12192.0 17592.0 388.0 100.0 cotton
12684.0 17580.0 268.0 104.0 land
13044.0 17584.0 320.0 92.0 trans-

11568.0 17732.0 448.0 108.0 actions
12108.0 17724.0 124.0 104.0 in
12336.0 17724.0 200.0 100.0 the
12636.0 17716.0 460.0 100.0 Cortero
13196.0 17712.0 208.0 96.0 dls-

7884.0 18416.0 880.0 324.0 'Basis
8960.0 18420.0 532.0 316.0 For
9660.0 18416.0 736.0 324.0 New
10596.0 18388.0 2280.0 436.0 Organization1

7768.0 18880.0 336.0 104.0 From
8196.0 18900.0 184.0 100.0 my
8460.0 18880.0 476.0 120.0 reading
9020.0 18888.0 116.0 92.0 ef
9232.0 18884.0 240.0 92.0 The

7648.0 19016.0 548.0 120.0 Enquirer
8256.0 19016.0 396.0 120.0 during
8720.0 19020.0 196.0 96.0 the
8976.0 19012.0 212.0 100.0 last
9256.0 19016.0 220.0 92.0 few

7644.0 19164.0 344.0 100.0 years,
8104.0 19148.0 64.0 100.0 I
8272.0 19152.0 540.0 96.0 conclude
8920.0 19148.0 240.0 96.0 that
9268.0 19148.0 204.0 96.0 the

7648.0 19276.0 288.0 104.0 basis
7996.0 19276.0 228.0 104.0 has
8280.0 19280.0 264.0 100.0 been
8608.0 19280.0 492.0 116.0 forming
9160.0 19280.0 188.0 96.0 for
9404.0 19300.0 64.0 76.0 a

7644.0 19424.0 240.0 80.0 new
7996.0 19408.0 984.0 120.0 organization,
9092.0 19416.0 120.0 92.0 to
9336.0 19412.0 132.0 96.0 be

7648.0 19540.0 400.0 100.0 known
8112.0 19560.0 136.0 80.0 as
8296.0 19544.0 620.0 108.0 COCAINE,
8968.0 19560.0 124.0 80.0 or
9144.0 19544.0 280.0 96.0 Com-

7644.0 19676.0 380.0 96.0 mittee
8112.0 19676.0 128.0 96.0 to
8308.0 19676.0 544.0 112.0 Organize
8920.0 19672.0 548.0 100.0 Crusades

7640.0 19804.0 472.0 116.0 Against
8296.0 19808.0 496.0 100.0 Irksome
8964.0 19804.0 460.0 100.0 Noncon-

7644.0 19936.0 444.0 96.0 formist
8148.0 19936.0 596.0 100.0 Elements.

7624.0 20084.0 28.0 48.0 '
7756.0 20096.0 272.0 100.0 This
8132.0 20096.0 644.0 100.0 committee
8872.0 20092.0 352.0 100.0 would
9328.0 20092.0 136.0 96.0 be

9592.0 18888.0 172.0 96.0 ter
9816.0 18904.0 316.0 84.0 some
10184.0 18888.0 388.0 96.0 rather
10624.0 18876.0 356.0 108.0 ribald
11036.0 18872.0 396.0 120.0 things

9592.0 19020.0 344.0 96.0 about
10028.0 19016.0 296.0 100.0 John
10424.0 19012.0 364.0 104.0 Birch.
10920.0 19012.0 508.0 96.0 Because

9592.0 19152.0 412.0 96.0 humor
10084.0 19148.0 96.0 100.0 Is
10260.0 19148.0 576.0 96.0 unknown
10916.0 19140.0 124.0 100.0 to
11124.0 19136.0 308.0 104.0 most

9584.0 19284.0 120.0 96.0 of
9796.0 19284.0 220.0 92.0 the
10084.0 19276.0 688.0 120.0 prospective
10856.0 19268.0 572.0 104.0 members

9588.0 19412.0 116.0 96.0 of
9756.0 19412.0 616.0 108.0 COCAINE,
10420.0 19408.0 60.0 96.0 I
10528.0 19408.0 148.0 100.0 do
10720.0 19404.0 200.0 100.0 not
10968.0 19400.0 292.0 100.0 wish
11308.0 19404.0 116.0 96.0 to

9588.0 19544.0 440.0 96.0 trouble
10096.0 19544.0 304.0 92.0 them
10480.0 19536.0 144.0 120.0 by
10692.0 19532.0 468.0 124.0 quoting
11228.0 19532.0 196.0 96.0 the

9584.0 19676.0 340.0 96.0 latter
9992.0 19676.0 532.0 92.0 remarks.

9704.0 19832.0 552.0 96.0 ROBERT
10356.0 19828.0 120.0 96.0 T.
10592.0 19824.0 468.0 108.0 WHITE,
11176.0 19820.0 200.0 100.0 Wil-

9580.0 19960.0 516.0 116.0 mington
10144.0 19960.0 472.0 112.0 College,
10664.0 19956.0 756.0 112.0 Wilmington,

9580.0 20092.0 320.0 100.0 Ohio.

7636.0 20228.0 612.0 116.0 composed
8320.0 20228.0 116.0 100.0 of
8508.0 20232.0 348.0 96.0 those
8932.0 20220.0 536.0 120.0 Enquirer
10012.0 20304.0 32.0 16.0 .
10732.0 20300.0 28.0 24.0 .
10924.0 20316.0 36.0 32.0 .

7640.0 20360.0 452.0 100.0 readers
8216.0 20364.0 236.0 92.0 who
8572.0 20360.0 472.0 116.0 register
9164.0 20356.0 300.0 96.0 their
9632.0 20324.0 596.0 184.0 Crosley
10292.0 20324.0 864.0 140.0 Founddtion

7636.0 20492.0 640.0 100.0 comments
8316.0 20492.0 108.0 96.0 In
8464.0 20492.0 340.0 100.0 these
8848.0 20508.0 352.0 96.0 pages.
9248.0 20488.0 216.0 92.0 Ob-
9632.0 20548.0 120.0 36.0 ..
10368.0 20536.0 128.0 84.0 v
10704.0 20500.0 204.0 92.0 ,iT

7636.0 20620.0 280.0 120.0 Jects
8052.0 20624.0 132.0 100.0 of
8316.0 20624.0 180.0 96.0 the
8640.0 20620.0 556.0 104.0 crusades,
9344.0 20612.0 120.0 100.0 of
9580.0 20584.0 348.0 112.0 Aids
10004.0 20584.0 304.0 112.0 Uur
10396.0 20584.0 432.0 108.0 TOUfn

7636.0 20772.0 424.0 84.0 course,
8140.0 20752.0 352.0 100.0 would
8568.0 20752.0 156.0 100.0 be
8804.0 20752.0 140.0 100.0 all
9012.0 20768.0 452.0 80.0 reason-
9700.0 20780.0 192.0 96.0 vve
9964.0 20776.0 124.0 96.0 of
10152.0 20776.0 196.0 96.0 the
10424.0 20772.0 472.0 100.0 Greater
10964.0 20768.0 448.0 100.0 Clncln-

7636.0 20884.0 252.0 116.0 ably
8012.0 20884.0 436.0 96.0 literate
8568.0 20904.0 148.0 76.0 or
8844.0 20880.0 620.0 116.0 Intelligent
9576.0 20936.0 236.0 80.0 natl
9900.0 20940.0 528.0 76.0 AmHfPur
10500.0 20928.0 512.0 88.0 Baseball
11084.0 20924.0 324.0 92.0 Fund

7636.0 21036.0 472.0 92.0 persons
8192.0 21016.0 116.0 96.0 In
8380.0 21012.0 388.0 116.0 public
8852.0 21016.0 212.0 108.0 life,
9148.0 21032.0 268.0 92.0 espe

7632.0 21148.0 324.0 116.0 daily
8048.0 21148.0 324.0 100.0 those
8448.0 21148.0 268.0 92.0 who
8808.0 21144.0 272.0 100.0 have
9168.0 21140.0 284.0 96.0 been

7636.0 21280.0 120.0 96.0 to
7820.0 21276.0 428.0 120.0 college
8316.0 21296.0 116.0 80.0 or
8496.0 21280.0 268.0 92.0 who
8840.0 21276.0 268.0 100.0 have
9184.0 21272.0 272.0 100.0 read

7632.0 21412.0 460.0 112.0 "Tropic
8172.0 21408.0 120.0 96.0 of
8360.0 21408.0 524.0 96.0 Cancer."

7756.0 21544.0 92.0 92.0 A
7904.0 21540.0 580.0 116.0 workshop
8552.0 21540.0 372.0 116.0 might
8984.0 21536.0 128.0 100.0 be
9188.0 21532.0 264.0 100.0 held

7632.0 21672.0 120.0 100.0 to
7812.0 21672.0 476.0 116.0 develop
8348.0 21672.0 652.0 116.0 techniques
9060.0 21672.0 124.0 96.0 of
9256.0 21672.0 156.0 92.0 Im-

7636.0 21808.0 400.0 116.0 puting
8164.0 21800.0 936.0 120.0 pro-Communist
9156.0 21816.0 200.0 76.0 mo-

7628.0 21940.0 276.0 96.0 tives
7976.0 21940.0 128.0 92.0 to
8184.0 21936.0 184.0 96.0 the
8432.0 21936.0 448.0 96.0 actions
8940.0 21932.0 112.0 96.0 of
9124.0 21932.0 328.0 96.0 these

7628.0 22064.0 420.0 124.0 people,
8196.0 22064.0 208.0 100.0 and
8532.0 22060.0 920.0 104.0 subcommittees

7628.0 22196.0 600.0 120.0 organized
8336.0 22200.0 108.0 92.0 to
8556.0 22196.0 592.0 112.0 campaign
9276.0 22192.0 172.0 96.0 for

7628.0 22332.0 636.0 116.0 legislation
8324.0 22328.0 568.0 116.0 requiring
8948.0 22328.0 316.0 96.0 them
9336.0 22328.0 112.0 92.0 to

7628.0 22464.0 468.0 112.0 register
8168.0 22480.0 120.0 76.0 as
8348.0 22460.0 708.0 96.0 subversives.

7748.0 22596.0 100.0 96.0 It
7896.0 22608.0 276.0 96.0 may
8224.0 22592.0 244.0 96.0 take
8520.0 22608.0 324.0 80.0 some
8896.0 22592.0 260.0 92.0 time
9220.0 22584.0 228.0 100.0 and

7624.0 22724.0 336.0 100.0 effort
8020.0 22728.0 128.0 92.0 to
8208.0 22728.0 168.0 108.0 get
8424.0 22724.0 208.0 96.0 the
8688.0 22720.0 752.0 116.0 organization

7620.0 22876.0 148.0 80.0 on
7832.0 22856.0 140.0 96.0 its
8040.0 22856.0 260.0 96.0 feet.
8384.0 22852.0 76.0 108.0 I,
8528.0 22856.0 588.0 100.0 therefore,
9180.0 22848.0 224.0 100.0 hav-

7620.0 22984.0 196.0 120.0 ing
7852.0 22988.0 200.0 96.0 the
8100.0 22984.0 452.0 112.0 egotism
8604.0 22984.0 236.0 96.0 and
8884.0 22984.0 292.0 96.0 utter
9220.0 22980.0 220.0 116.0 gall

7620.0 23124.0 120.0 92.0 to
7800.0 23116.0 524.0 104.0 consider
8384.0 23116.0 420.0 112.0 myself
8868.0 23112.0 576.0 108.0 educated,

7620.0 23248.0 252.0 108.0 and,
7952.0 23268.0 292.0 80.0 even
8320.0 23268.0 336.0 88.0 more,
8740.0 23248.0 116.0 100.0 to
8928.0 23248.0 192.0 96.0 the
9192.0 23264.0 208.0 96.0 pos-

7620.0 23384.0 424.0 92.0 session
8092.0 23380.0 124.0 96.0 of
8256.0 23380.0 348.0 96.0 better
8648.0 23380.0 276.0 96.0 than
8972.0 23392.0 464.0 100.0 average

7620.0 23512.0 536.0 104.0 Intellect
8212.0 23512.0 132.0 96.0 do
8392.0 23512.0 424.0 112.0 hereby
8864.0 23512.0 284.0 96.0 offer
9204.0 23528.0 196.0 92.0 my-

7612.0 23644.0 212.0 96.0 self
7920.0 23660.0 136.0 80.0 as
8160.0 23660.0 64.0 76.0 a
8320.0 23640.0 536.0 100.0 first-rate
8952.0 23640.0 484.0 116.0 practice

7616.0 23780.0 384.0 108.0 target.
8176.0 23772.0 52.0 96.0 I
8344.0 23776.0 288.0 96.0 have
8768.0 23776.0 252.0 96.0 read
9156.0 23772.0 276.0 96.0 both

7608.0 23900.0 460.0 120.0 "Tropic
8232.0 23904.0 112.0 96.0 of
8484.0 23908.0 500.0 96.0 Cancer"
9136.0 23900.0 296.0 100.0 and

7604.0 24036.0 460.0 116.0 "Tropic
8136.0 24036.0 120.0 96.0 of
8312.0 24040.0 688.0 116.0 Capricorn,"
9064.0 24040.0 332.0 96.0 enter-

7604.0 24168.0 236.0 100.0 tain
7928.0 24168.0 528.0 100.0 heretical
8544.0 24172.0 452.0 100.0 notions
9080.0 24164.0 352.0 104.0 about

7600.0 24316.0 208.0 80.0 our
7900.0 24300.0 528.0 96.0 relations
8528.0 24300.0 288.0 96.0 with
8912.0 24304.0 472.0 92.0 Commu-

7600.0 24428.0 280.0 100.0 nists
8024.0 24432.0 232.0 96.0 and
8376.0 24432.0 676.0 108.0 neutralists,
9196.0 24424.0 228.0 100.0 and

7604.0 24560.0 272.0 96.0 have
7948.0 24580.0 292.0 76.0 even
8304.0 24556.0 272.0 108.0 been
8656.0 24564.0 336.0 96.0 heard
9064.0 24564.0 116.0 96.0 to
9260.0 24564.0 168.0 92.0 ut-

9576.0 21116.0 200.0 96.0 say
9880.0 21096.0 388.0 100.0 "Hear!
10404.0 21092.0 400.0 104.0 Hear!"
10904.0 21088.0 120.0 100.0 to
11128.0 21108.0 284.0 96.0 your

9576.0 21260.0 512.0 96.0 pditorial
10148.0 21256.0 120.0 96.0 of
10328.0 21256.0 480.0 100.0 October
10872.0 21252.0 116.0 96.0 11
11056.0 21252.0 308.0 120.0 prais-

9560.0 21368.0 208.0 172.0 ing
9840.0 21428.0 196.0 92.0 the
10108.0 21416.0 560.0 104.0 unselfish
10740.0 21416.0 452.0 116.0 gesture
11264.0 21416.0 144.0 112.0 by

9572.0 21588.0 200.0 96.0 the
9840.0 21584.0 228.0 100.0 late
10128.0 21576.0 360.0 104.0 Powel
10552.0 21580.0 448.0 108.0 Crosley
11056.0 21576.0 164.0 100.0 Jr.
11284.0 21576.0 120.0 96.0 In

9572.0 21720.0 600.0 112.0 setting
10268.0 21732.0 156.0 100.0 up
10524.0 21716.0 196.0 96.0 the
10812.0 21712.0 596.0 120.0 nonprofit

9572.0 21856.0 456.0 108.0 Crosley
10064.0 21844.0 728.0 104.0 roundatlon.
10840.0 21844.0 196.0 100.0 His
11080.0 21840.0 280.0 100.0 civlc-

9568.0 21984.0 724.0 100.0 mindedness
10400.0 21980.0 292.0 96.0 and
10792.0 21976.0 568.0 100.0 unselfish-

9568.0 22136.0 268.0 80.0 ness
9908.0 22136.0 284.0 80.0 were
10268.0 22112.0 720.0 120.0 exemplified
11068.0 22112.0 332.0 96.0 when

9568.0 22256.0 148.0 100.0 he
9812.0 22248.0 620.0 104.0 instructed
10520.0 22248.0 304.0 100.0 Gabe
10908.0 22244.0 288.0 100.0 Paul
11280.0 22248.0 120.0 92.0 In

9576.0 22388.0 240.0 96.0 1949
9928.0 22388.0 120.0 92.0 to
10152.0 22388.0 172.0 92.0 set
10436.0 22396.0 160.0 100.0 up
10704.0 22400.0 144.0 76.0 an
10960.0 22376.0 436.0 100.0 annual

9572.0 22540.0 324.0 100.0 game
9964.0 22516.0 176.0 100.0 for
10200.0 22520.0 196.0 92.0 the
10460.0 22516.0 428.0 96.0 benefit
10948.0 22516.0 132.0 96.0 of
11140.0 22532.0 220.0 100.0 sup-

9568.0 22656.0 384.0 120.0 plying
10056.0 22648.0 656.0 116.0 equipment
10808.0 22648.0 180.0 96.0 for
11092.0 22644.0 264.0 96.0 teen-

9568.0 22808.0 204.0 96.0 age
9848.0 22784.0 552.0 100.0 hard-ball
10480.0 22784.0 440.0 116.0 players
10996.0 22780.0 128.0 100.0 of
11196.0 22780.0 200.0 96.0 the

9564.0 22928.0 476.0 92.0 Greater
10084.0 22916.0 644.0 100.0 Cincinnati
10780.0 22932.0 292.0 80.0 area.
11160.0 22916.0 236.0 96.0 Our

9564.0 23056.0 636.0 100.0 committee
10252.0 23056.0 212.0 92.0 has
10512.0 23044.0 660.0 104.0 functioned
11220.0 23048.0 180.0 96.0 for

9568.0 23192.0 112.0 96.0 13
9776.0 23208.0 324.0 96.0 years
10192.0 23184.0 224.0 100.0 and
10516.0 23200.0 160.0 80.0 we
10768.0 23184.0 332.0 96.0 know
11196.0 23184.0 196.0 96.0 the

9556.0 23328.0 284.0 96.0 local
9908.0 23324.0 344.0 112.0 youth
10312.0 23324.0 216.0 96.0 has
10592.0 23312.0 616.0 104.0 benefited.

9680.0 23456.0 108.0 96.0 It
9868.0 23456.0 208.0 96.0 has
10152.0 23452.0 284.0 96.0 been
10524.0 23468.0 68.0 80.0 a
10668.0 23452.0 524.0 116.0 pleasure
11268.0 23448.0 120.0 96.0 to

9556.0 23592.0 300.0 96.0 work
9928.0 23588.0 268.0 96.0 with
10268.0 23588.0 200.0 92.0 the
10540.0 23588.0 456.0 116.0 present
11064.0 23600.0 276.0 80.0 man-

9560.0 23724.0 552.0 112.0 agement
10200.0 23720.0 360.0 96.0 There
10616.0 23720.0 92.0 92.0 is
10760.0 23732.0 336.0 100.0 every
11148.0 23736.0 192.0 80.0 rea-

9556.0 23876.0 200.0 80.0 son
9832.0 23864.0 124.0 92.0 to
10024.0 23856.0 416.0 96.0 believe
10512.0 23856.0 252.0 96.0 that
10828.0 23852.0 284.0 100.0 both
11184.0 23852.0 196.0 96.0 the

9556.0 23992.0 292.0 96.0 Reds
9948.0 23988.0 224.0 100.0 and
10264.0 23992.0 200.0 96.0 the
10564.0 23992.0 468.0 96.0 Greater
11128.0 23988.0 204.0 96.0 Cin-

9548.0 24128.0 436.0 96.0 cinnati
10060.0 24124.0 720.0 100.0 Amateur
10852.0 24116.0 524.0 104.0 Baseball

9552.0 24260.0 316.0 100.0 Fund
9980.0 24260.0 280.0 100.0 have
10376.0 24260.0 436.0 116.0 greater
10916.0 24276.0 460.0 84.0 success

9552.0 24392.0 396.0 104.0 ahead.

9664.0 24556.0 120.0 96.0 C.
9844.0 24552.0 108.0 100.0 L.
10004.0 24556.0 728.0 112.0 HARRISON,
10784.0 24552.0 592.0 104.0 President

11560.0 18864.0 240.0 108.0 and
11884.0 18868.0 632.0 100.0 Treasurer,
12600.0 18856.0 468.0 100.0 Greater
13148.0 18856.0 200.0 96.0 Cin-

11556.0 19000.0 444.0 108.0 cinnati
12076.0 18996.0 728.0 104.0 Amateur
12884.0 18992.0 508.0 100.0 Baseball

11556.0 19136.0 368.0 112.0 Fund,
11984.0 19128.0 672.0 108.0 Cincinnati.

11560.0 19364.0 864.0 196.0 'Hungarian
12544.0 19364.0 668.0 152.0 Account

11556.0 19588.0 660.0 164.0 Omitted
12320.0 19584.0 656.0 164.0 Incident'

11676.0 19828.0 60.0 104.0 I
11820.0 19832.0 272.0 104.0 wish
12172.0 19832.0 124.0 96.0 to
12384.0 19828.0 732.0 120.0 compliment
13196.0 19828.0 192.0 100.0 the

11552.0 19992.0 644.0 100.0 Cincinnati
12292.0 19988.0 544.0 120.0 Enquirer
12928.0 19992.0 180.0 96.0 for
13200.0 19992.0 188.0 96.0 the

11552.0 20176.0 272.0 92.0 very
11884.0 20152.0 224.0 100.0 fine
12164.0 20152.0 536.0 116.0 morning
12748.0 20172.0 352.0 100.0 paper
13156.0 20148.0 88.0 100.0 it
13296.0 20152.0 92.0 96.0 is

11548.0 20332.0 216.0 80.0 our
11832.0 20312.0 528.0 120.0 privilege
12424.0 20312.0 272.0 100.0 here
12764.0 20312.0 116.0 100.0 in
12952.0 20312.0 392.0 96.0 Cincin-

11544.0 20472.0 256.0 104.0 nati
11896.0 20472.0 116.0 100.0 to
12100.0 20468.0 308.0 116.0 read,
12500.0 20472.0 596.0 120.0 especially
13192.0 20476.0 192.0 96.0 the

11544.0 20632.0 520.0 104.0 editorial
12132.0 20652.0 288.0 100.0 page
12492.0 20632.0 228.0 100.0 and
12784.0 20632.0 596.0 100.0 editorials.

11672.0 20796.0 56.0 96.0 I
11780.0 20792.0 268.0 104.0 read
12092.0 20792.0 276.0 100.0 with
12416.0 20792.0 472.0 100.0 Interest
12928.0 20796.0 452.0 116.0 "Tragic

11544.0 20932.0 480.0 96.0 Lessons
12068.0 20928.0 116.0 96.0 in
12228.0 20928.0 660.0 116.0 Hungarian
12932.0 20928.0 452.0 96.0 Revolt"

11544.0 21068.0 144.0 108.0 by
11772.0 21060.0 364.0 100.0 Endre
12212.0 21064.0 484.0 108.0 Marton,
12780.0 21060.0 168.0 96.0 AP
13032.0 21080.0 312.0 80.0 corre-

11540.0 21192.0 596.0 116.0 spondent,
12204.0 21192.0 120.0 96.0 In
12388.0 21208.0 284.0 100.0 your
12724.0 21196.0 480.0 96.0 October
13272.0 21196.0 108.0 96.0 15

11544.0 21328.0 456.0 100.0 edition.
12044.0 21328.0 560.0 104.0 However,
12644.0 21324.0 56.0 100.0 I
12744.0 21344.0 180.0 80.0 am
12968.0 21328.0 412.0 116.0 calling

11540.0 21480.0 292.0 100.0 your
11900.0 21460.0 556.0 96.0 attention
12528.0 21460.0 120.0 92.0 to
12720.0 21480.0 64.0 76.0 a
12856.0 21480.0 260.0 96.0 very
13184.0 21464.0 152.0 92.0 Im-

11540.0 21592.0 468.0 120.0 portant
12060.0 21596.0 360.0 112.0 phase
12472.0 21592.0 260.0 100.0 that
12784.0 21612.0 220.0 80.0 was
13060.0 21596.0 280.0 96.0 omit-

11540.0 21724.0 200.0 100.0 ted
11800.0 21728.0 292.0 96.0 from
12148.0 21728.0 208.0 92.0 Mr.
12420.0 21724.0 532.0 100.0 Marlon's
13012.0 21732.0 328.0 92.0 other-

11536.0 21860.0 272.0 96.0 wise
11856.0 21856.0 516.0 116.0 splendid
12420.0 21860.0 484.0 96.0 account
12944.0 21860.0 120.0 96.0 of
13108.0 21864.0 232.0 116.0 hap-

11532.0 21996.0 488.0 116.0 penings
12104.0 21992.0 300.0 96.0 from
12492.0 21992.0 476.0 100.0 October
13056.0 21996.0 120.0 92.0 23
13264.0 21996.0 112.0 96.0 to

11536.0 22124.0 620.0 104.0 November
12208.0 22128.0 96.0 100.0 4,
12372.0 22124.0 264.0 96.0 1956.
12688.0 22128.0 160.0 116.0 By
12900.0 22128.0 476.0 96.0 October

11536.0 22264.0 152.0 96.0 28.
11816.0 22260.0 192.0 92.0 the
12124.0 22256.0 660.0 116.0 Hungarian
12908.0 22264.0 468.0 112.0 patriots

11536.0 22388.0 236.0 104.0 had
11844.0 22388.0 168.0 100.0 rid
12080.0 22388.0 304.0 100.0 their
12448.0 22396.0 476.0 112.0 country
12984.0 22396.0 132.0 96.0 of
13176.0 22396.0 200.0 100.0 the

11532.0 22524.0 492.0 96.0 Russian
12072.0 22540.0 684.0 100.0 oppressors.
12808.0 22528.0 92.0 96.0 A
12948.0 22528.0 380.0 100.0 revolu-

11532.0 22664.0 452.0 108.0 tionary
12032.0 22660.0 428.0 112.0 regime
12512.0 22660.0 264.0 96.0 took
12828.0 22680.0 264.0 80.0 over
13148.0 22660.0 224.0 100.0 and

11528.0 22796.0 332.0 92.0 there
11944.0 22812.0 224.0 76.0 was
12252.0 22788.0 500.0 120.0 political
12836.0 22792.0 536.0 120.0 rejoicing

11532.0 22924.0 184.0 96.0 for
11768.0 22924.0 224.0 96.0 five
12044.0 22924.0 304.0 112.0 days.
12408.0 22924.0 348.0 108.0 Then,
12808.0 22924.0 192.0 100.0 the
13060.0 22928.0 304.0 96.0 State

11524.0 23056.0 752.0 116.0 Department
12320.0 23056.0 228.0 100.0 late
12592.0 23060.0 396.0 112.0 Friday
13036.0 23060.0 292.0 96.0 after-

11520.0 23208.0 356.0 88.0 noon,
11956.0 23192.0 620.0 96.0 November
12660.0 23192.0 88.0 104.0 2,
12832.0 23196.0 264.0 92.0 sent
13172.0 23196.0 192.0 96.0 the

11528.0 23320.0 572.0 120.0 following
12136.0 23324.0 324.0 96.0 cable
12504.0 23332.0 116.0 92.0 to
12660.0 23324.0 704.0 100.0 Communist

11524.0 23460.0 492.0 96.0 dictator
12064.0 23456.0 288.0 100.0 Tito:

11648.0 23596.0 304.0 92.0 "The
12068.0 23592.0 740.0 116.0 government
12924.0 23592.0 128.0 100.0 of
13172.0 23592.0 188.0 100.0 the

11516.0 23724.0 424.0 100.0 United
12020.0 23728.0 376.0 96.0 States
12476.0 23728.0 268.0 100.0 does
12824.0 23732.0 204.0 92.0 not
13108.0 23720.0 252.0 104.0 look

11516.0 23860.0 276.0 96.0 with
11848.0 23856.0 312.0 100.0 favor
12208.0 23876.0 308.0 96.0 upon
12572.0 23864.0 784.0 112.0 governments

11516.0 23988.0 940.0 120.0 unfriendly
12532.0 23996.0 116.0 92.0 to
12724.0 23996.0 192.0 96.0 the
12988.0 24000.0 368.0 92.0 Soviet

11508.0 24124.0 388.0 96.0 Union
11960.0 24144.0 144.0 76.0 on
12176.0 24128.0 204.0 96.0 the
12448.0 24124.0 456.0 104.0 borders
12968.0 24132.0 128.0 96.0 of
13160.0 24132.0 192.0 96.0 the

11508.0 24260.0 388.0 100.0 Soviet
11956.0 24256.0 468.0 100.0 Union,"

11636.0 24416.0 320.0 100.0 MRS.
12068.0 24416.0 364.0 100.0 JOHN
12544.0 24420.0 144.0 104.0 M.
12804.0 24424.0 548.0 116.0 CRONIN,

11508.0 24556.0 252.0 100.0 5834
11820.0 24552.0 336.0 120.0 Ridge
12212.0 24560.0 268.0 92.0 Ave.

13560.0 12788.0 308.0 100.0 trict
13944.0 12788.0 244.0 100.0 He's
14272.0 12784.0 248.0 100.0 also
14592.0 12776.0 116.0 108.0 In
14784.0 12776.0 208.0 100.0 the
15064.0 12776.0 276.0 96.0 bowl-

13564.0 12920.0 204.0 116.0 ing
13892.0 12920.0 280.0 116.0 alley
14292.0 12908.0 240.0 108.0 and
14640.0 12908.0 476.0 124.0 parking
15220.0 12900.0 172.0 104.0 lot

13564.0 13048.0 548.0 104.0 business.

13696.0 13208.0 272.0 100.0 Fact
14024.0 13208.0 92.0 100.0 Is
14176.0 13204.0 268.0 96.0 that
14500.0 13220.0 336.0 96.0 many
14892.0 13196.0 124.0 100.0 of
15072.0 13196.0 320.0 100.0 them

13568.0 13360.0 192.0 80.0 are
13836.0 13344.0 116.0 96.0 in
14016.0 13340.0 608.0 116.0 legitimate
14692.0 13332.0 504.0 100.0 business
15264.0 13328.0 128.0 96.0 In

13560.0 13476.0 208.0 96.0 the
13856.0 13472.0 308.0 100.0 state.
14256.0 13472.0 336.0 92.0 Some
14672.0 13484.0 244.0 80.0 own
15008.0 13464.0 384.0 104.0 farms,

13564.0 13624.0 320.0 80.0 some
13952.0 13604.0 376.0 96.0 cotton
14404.0 13596.0 352.0 112.0 lands,
14824.0 13592.0 532.0 100.0 distribut-

13564.0 13736.0 200.0 116.0 ing
13888.0 13732.0 676.0 120.0 companies,
14676.0 13724.0 236.0 108.0 real
15032.0 13724.0 360.0 104.0 estate

13564.0 13868.0 884.0 112.0 developments,
14592.0 13860.0 432.0 108.0 motels,
15168.0 13856.0 180.0 96.0 for-

13560.0 13996.0 272.0 116.0 eign
13956.0 13996.0 256.0 100.0 food
14348.0 13992.0 492.0 120.0 supplies
14968.0 13984.0 216.0 108.0 and
15316.0 14004.0 76.0 80.0 a

13560.0 14128.0 368.0 100.0 ranch
14000.0 14148.0 120.0 80.0 or
14188.0 14132.0 256.0 96.0 two.
14516.0 14132.0 232.0 96.0 One
14824.0 14140.0 284.0 84.0 even
15176.0 14120.0 220.0 100.0 has

13564.0 14280.0 68.0 80.0 a
13704.0 14260.0 424.0 120.0 private
14196.0 14260.0 376.0 116.0 plane.

13564.0 14480.0 312.0 176.0 May
13968.0 14472.0 504.0 148.0 Provide
14560.0 14476.0 572.0 176.0 Strategy

13688.0 14696.0 264.0 96.0 Now
14032.0 14696.0 428.0 112.0 they're
14540.0 14688.0 484.0 100.0 worried.
15104.0 14672.0 104.0 112.0 It
15284.0 14680.0 108.0 104.0 Is

13556.0 14828.0 216.0 96.0 not
13840.0 14844.0 120.0 80.0 so
14028.0 14824.0 348.0 100.0 much
14448.0 14824.0 188.0 96.0 the
14696.0 14820.0 500.0 100.0 network
15260.0 14816.0 132.0 96.0 of

13560.0 14960.0 124.0 96.0 26
13780.0 14960.0 344.0 112.0 grand
14212.0 14952.0 356.0 120.0 Juries
14648.0 14972.0 124.0 80.0 as
14856.0 14956.0 200.0 96.0 the
15136.0 14968.0 256.0 80.0 new

13560.0 15084.0 1060.0 120.0 anti-racketeering
14684.0 15084.0 276.0 100.0 laws
15024.0 15080.0 368.0 100.0 which

13560.0 15220.0 408.0 100.0 bother
14032.0 15224.0 348.0 92.0 them.

13684.0 15376.0 256.0 100.0 And
14024.0 15380.0 196.0 96.0 the
14316.0 15396.0 264.0 96.0 very
14656.0 15396.0 316.0 80.0 same
15056.0 15372.0 336.0 120.0 thing

13552.0 15512.0 376.0 96.0 which
14016.0 15512.0 400.0 96.0 makes
14504.0 15508.0 308.0 100.0 them
14904.0 15524.0 484.0 84.0 nervous

13552.0 15660.0 276.0 96.0 may
13936.0 15640.0 456.0 120.0 provide
14504.0 15640.0 336.0 100.0 much
14960.0 15640.0 116.0 96.0 of
15180.0 15640.0 204.0 92.0 the

13552.0 15776.0 500.0 112.0 strategy
14120.0 15772.0 120.0 100.0 in
14316.0 15776.0 196.0 100.0 the
14580.0 15772.0 296.0 120.0 fight
14948.0 15768.0 440.0 124.0 against

13552.0 15904.0 596.0 100.0 industrial
14220.0 15904.0 468.0 100.0 rackets.

13680.0 16044.0 100.0 92.0 A
13844.0 16036.0 156.0 100.0 lot
14056.0 16036.0 120.0 100.0 of
14236.0 16036.0 212.0 100.0 the
14508.0 16032.0 540.0 104.0 sunshine
15104.0 16032.0 280.0 116.0 boys

13548.0 16164.0 360.0 124.0 living
13968.0 16164.0 112.0 104.0 in
14144.0 16168.0 204.0 96.0 the
14416.0 16168.0 620.0 96.0 Southwest
15092.0 16184.0 292.0 76.0 were

13548.0 16300.0 240.0 96.0 tied
13884.0 16320.0 144.0 96.0 up
14108.0 16300.0 288.0 96.0 with
14480.0 16300.0 184.0 96.0 the
14752.0 16296.0 632.0 120.0 Apalachin

13544.0 16432.0 360.0 96.0 crime
13996.0 16432.0 368.0 96.0 crowd
14552.0 16428.0 252.0 112.0 and,
14900.0 16432.0 116.0 96.0 in
15108.0 16428.0 276.0 112.0 tact,

13544.0 16580.0 324.0 80.0 some
13976.0 16564.0 116.0 96.0 of
14204.0 16564.0 324.0 96.0 them
14632.0 16580.0 288.0 80.0 were
15028.0 16560.0 308.0 96.0 "dele-

13544.0 16692.0 392.0 120.0 gates"
14004.0 16700.0 124.0 92.0 to
14192.0 16696.0 208.0 96.0 the
14476.0 16692.0 496.0 100.0 cookout
15048.0 16696.0 336.0 92.0 Some

13544.0 16824.0 124.0 100.0 of
13732.0 16828.0 304.0 96.0 them
14100.0 16828.0 296.0 104.0 have
14456.0 16828.0 284.0 100.0 their
14796.0 16824.0 368.0 100.0 hands
15216.0 16844.0 164.0 76.0 on

13544.0 16956.0 360.0 100.0 union
13984.0 16960.0 348.0 100.0 locals
14412.0 16960.0 256.0 96.0 here
14748.0 16956.0 232.0 100.0 and
15052.0 16956.0 324.0 96.0 there

13676.0 17112.0 128.0 76.0 as
13876.0 17092.0 480.0 96.0 Senator
14420.0 17092.0 600.0 96.0 McClellan
15088.0 17104.0 288.0 84.0 soon

13540.0 17240.0 272.0 96.0 may
13868.0 17224.0 296.0 96.0 show
14220.0 17220.0 368.0 116.0 again.

13668.0 17352.0 272.0 100.0 This
14028.0 17372.0 404.0 84.0 means
14524.0 17356.0 260.0 116.0 they
14876.0 17352.0 280.0 104.0 have
15248.0 17348.0 128.0 100.0 to

13540.0 17504.0 316.0 80.0 cross
13952.0 17488.0 288.0 100.0 state
14352.0 17484.0 276.0 104.0 lines
14724.0 17488.0 120.0 96.0 to
14944.0 17484.0 428.0 104.0 shuttle

13536.0 17616.0 504.0 100.0 between
14136.0 17620.0 308.0 96.0 their
14532.0 17616.0 356.0 116.0 lovely
14976.0 17620.0 396.0 96.0 homes

13532.0 17748.0 128.0 96.0 In
13728.0 17748.0 196.0 100.0 the
13988.0 17748.0 380.0 100.0 desert
14432.0 17748.0 216.0 100.0 and
14708.0 17748.0 304.0 104.0 their
15064.0 17764.0 264.0 80.0 mus-

13532.0 17880.0 180.0 96.0 cle
13788.0 17880.0 680.0 116.0 enterprises
14532.0 17880.0 112.0 100.0 In
14716.0 17884.0 200.0 96.0 the
14984.0 17880.0 384.0 100.0 North.

13464.0 18076.0 16.0 16.0 .
13532.0 18012.0 392.0 96.0 Under
14012.0 18016.0 192.0 92.0 the
14308.0 18016.0 212.0 96.0 law
14604.0 18012.0 232.0 104.0 this
14928.0 18008.0 100.0 104.0 is
15108.0 18028.0 264.0 80.0 now

13528.0 18140.0 416.0 120.0 Illegal.

13532.0 18360.0 404.0 140.0 What
14020.0 18364.0 264.0 136.0 Law
14376.0 18364.0 292.0 176.0 Says

13656.0 18580.0 244.0 100.0 The
13964.0 18580.0 204.0 96.0 law
14236.0 18580.0 364.0 100.0 which
14664.0 18600.0 228.0 80.0 was
14956.0 18572.0 408.0 124.0 passed

13524.0 18712.0 508.0 116.0 recently
14096.0 18716.0 148.0 116.0 by
14312.0 18716.0 544.0 116.0 Congress
14920.0 18732.0 248.0 96.0 says
15236.0 18712.0 128.0 96.0 In

13524.0 18848.0 308.0 112.0 part:

13656.0 18980.0 600.0 96.0 "Whoever
14340.0 18976.0 400.0 100.0 travels
14824.0 18972.0 120.0 104.0 In
15020.0 18972.0 304.0 104.0 Inter-

13524.0 19108.0 304.0 96.0 state
13932.0 19128.0 124.0 80.0 or
14156.0 19108.0 440.0 116.0 foreign
14700.0 19124.0 664.0 92.0 commerce,

13520.0 19256.0 136.0 80.0 or
13728.0 19260.0 252.0 76.0 uses
14048.0 19260.0 228.0 92.0 any
14348.0 19240.0 420.0 116.0 facility
14836.0 19240.0 120.0 96.0 In
15020.0 19236.0 300.0 104.0 Inter-

13520.0 19372.0 308.0 96.0 state
13876.0 19392.0 124.0 76.0 or
14040.0 19368.0 444.0 120.0 foreign
14528.0 19388.0 616.0 84.0 commerce
15192.0 19368.0 124.0 96.0 In-

13516.0 19500.0 472.0 116.0 cluding
14076.0 19504.0 204.0 96.0 the
14380.0 19504.0 352.0 108.0 malls,
14828.0 19500.0 268.0 100.0 with
15192.0 19500.0 124.0 100.0 In-

13520.0 19632.0 264.0 96.0 tent
13836.0 19636.0 108.0 96.0 to
13996.0 19636.0 132.0 108.0 (1)
14176.0 19632.0 596.0 100.0 distribute
14824.0 19636.0 540.0 116.0 proceeds

13512.0 19764.0 128.0 96.0 of
13744.0 19780.0 220.0 96.0 any
14044.0 19768.0 548.0 96.0 unlawful
14688.0 19768.0 452.0 116.0 activity
15224.0 19780.0 144.0 80.0 or

13516.0 19896.0 100.0 100.0 (2
13788.0 19900.0 464.0 92.0 commit
14380.0 19916.0 216.0 96.0 any
14708.0 19900.0 408.0 96.0 crimes
15236.0 19896.0 132.0 96.0 of

13520.0 20028.0 500.0 100.0 violence
14108.0 20032.0 124.0 92.0 to
14324.0 20032.0 440.0 96.0 further
14848.0 20048.0 220.0 96.0 any
15148.0 20048.0 164.0 76.0 un-

13516.0 20156.0 392.0 100.0 lawful
14000.0 20160.0 468.0 116.0 activity
14548.0 20184.0 128.0 76.0 or
14764.0 20164.0 140.0 100.0 (3)
14992.0 20160.0 328.0 100.0 other-

13520.0 20292.0 272.0 96.0 wise
13840.0 20296.0 548.0 112.0 promote,
14436.0 20312.0 508.0 100.0 manage,
14992.0 20296.0 320.0 96.0 estab-

13516.0 20420.0 264.0 112.0 lish,
13888.0 20440.0 320.0 100.0 carry
14320.0 20444.0 152.0 76.0 on
14580.0 20444.0 128.0 80.0 or
14808.0 20420.0 556.0 104.0 facilitate

13516.0 20552.0 204.0 96.0 the
13792.0 20552.0 668.0 116.0 promotion,
14524.0 20556.0 836.0 116.0 management

13516.0 20684.0 884.0 100.0 establishment
14456.0 20708.0 124.0 76.0 or
14628.0 20692.0 516.0 112.0 carrying
15196.0 20704.0 168.0 76.0 on

13512.0 20816.0 128.0 92.0 of
13740.0 20836.0 216.0 96.0 any
14040.0 20820.0 552.0 96.0 unlawful
14680.0 20816.0 684.0 116.0 activity

13512.0 20948.0 624.0 100.0 thereafter
14232.0 20952.0 648.0 116.0 performed
14972.0 20968.0 128.0 80.0 or
15192.0 20948.0 140.0 100.0 at-

13516.0 21080.0 428.0 116.0 tempts
13992.0 21084.0 116.0 96.0 to
14156.0 21084.0 500.0 116.0 perform
14712.0 21104.0 228.0 92.0 any
14984.0 21080.0 120.0 100.0 of
15148.0 21084.0 212.0 96.0 the

13516.0 21216.0 252.0 92.0 acts
13848.0 21280.0 24.0 28.0 .
13952.0 21280.0 24.0 28.0 .
14052.0 21288.0 24.0 24.0 .
14160.0 21216.0 300.0 96.0 shall
14540.0 21220.0 132.0 96.0 be
14752.0 21216.0 316.0 96.0 fined
15140.0 21216.0 220.0 96.0 not

13508.0 21356.0 324.0 84.0 more
13908.0 21344.0 272.0 96.0 than
14256.0 21348.0 396.0 104.0 $10,000
14720.0 21368.0 136.0 76.0 or
14924.0 21344.0 388.0 120.0 impris-

13508.0 21472.0 308.0 96.0 oned
13884.0 21472.0 168.0 100.0 for
14120.0 21480.0 216.0 92.0 not
14404.0 21496.0 296.0 80.0 more
14768.0 21480.0 284.0 96.0 than
15120.0 21480.0 236.0 96.0 five

13504.0 21608.0 432.0 116.0 years."

13636.0 21736.0 252.0 100.0 One
13964.0 21740.0 120.0 96.0 of
14160.0 21744.0 212.0 96.0 the
14452.0 21740.0 404.0 100.0 crimes
14928.0 21740.0 96.0 104.0 is
15100.0 21744.0 208.0 96.0 "ex-

13504.0 21868.0 428.0 96.0 tortion
14000.0 21892.0 132.0 76.0 or
14204.0 21872.0 444.0 116.0 bribery
14720.0 21868.0 636.0 104.0 violation."

13504.0 22000.0 248.0 96.0 The
13844.0 22004.0 260.0 112.0 boys
14196.0 22020.0 264.0 80.0 now
14540.0 22008.0 220.0 100.0 will
14852.0 22008.0 280.0 96.0 have
15220.0 22008.0 136.0 92.0 to

13504.0 22132.0 420.0 96.0 choose
13992.0 22136.0 500.0 96.0 between
14560.0 22136.0 344.0 116.0 living
14968.0 22140.0 112.0 100.0 in
15144.0 22136.0 208.0 100.0 the

13500.0 22264.0 556.0 100.0 sunshine
14124.0 22288.0 140.0 76.0 or
14332.0 22268.0 116.0 96.0 In
14512.0 22272.0 196.0 96.0 the
14772.0 22288.0 252.0 100.0 pen.

13904.0 22568.0 264.0 96.0 THE
14244.0 22572.0 692.0 112.0 ENQUIRER

13808.0 22700.0 84.0 72.0 17
13940.0 22704.0 172.0 72.0 Vint
14168.0 22704.0 148.0 88.0 St.,
14360.0 22704.0 384.0 72.0 Cincinnati
14812.0 22708.0 68.0 80.0 1,
14928.0 22704.0 124.0 76.0 0M

14044.0 22784.0 272.0 72.0 PHONt
14384.0 22788.0 96.0 68.0 PA
14544.0 22788.0 260.0 72.0 1-2700

13844.0 22888.0 192.0 76.0 MAIl
14088.0 22892.0 580.0 76.0 SUBSCRIPTION
14720.0 22888.0 280.0 80.0 RATES,

13492.0 22964.0 208.0 76.0 Dtllv
13764.0 22988.0 88.0 52.0 v
13956.0 22992.0 160.0 52.0 ve,r
15200.0 22968.0 152.0 76.0 f?6

13492.0 23048.0 288.0 72.0 Sundtv
13832.0 23068.0 88.0 56.0 on
14008.0 23068.0 172.0 60.0 vwf
15196.0 23040.0 152.0 88.0 i!3

13592.0 23156.0 104.0 72.0 tv
13756.0 23160.0 196.0 72.0 MAll
14004.0 23156.0 352.0 76.0 OUTS'DC
14412.0 23156.0 88.0 68.0 Of
14548.0 23156.0 352.0 76.0 CAMIft
14952.0 23156.0 392.0 76.0 OfllVEtY

14208.0 23248.0 56.0 64.0 N
14284.0 23248.0 92.0 64.0 EI
14428.0 23248.0 60.0 68.0 I.
14540.0 23248.0 72.0 72.0 2,
14660.0 23248.0 52.0 68.0 3
14756.0 23248.0 176.0 64.0 AND
14984.0 23248.0 356.0 64.0 IETON3,

13492.0 23232.0 420.0 80.0 DiS?.CTt
13964.0 23240.0 80.0 68.0 IN
14100.0 23240.0 164.0 72.0 ZON

13488.0 23328.0 208.0 60.0 Uli'y
13760.0 23336.0 88.0 52.0 On
13948.0 23340.0 164.0 52.0 vr

13492.0 23396.0 288.0 76.0 Sunday
13828.0 23420.0 92.0 52.0 on
14004.0 23416.0 172.0 60.0 vow

13584.0 23580.0 148.0 76.0 Ttio
13812.0 23584.0 408.0 76.0 AtmlttW
14300.0 23584.0 204.0 76.0 Ptiii
14728.0 23592.0 300.0 72.0 mtffltl
15100.0 23596.0 252.0 64.0 tKNh

13524.0 23664.0 196.0 80.0 IvtlT
13780.0 23672.0 36.0 64.0 f
13916.0 23672.0 116.0 72.0 Hit
14092.0 23688.0 132.0 52.0 OM
14332.0 23672.0 32.0 64.0 (
14424.0 23672.0 440.0 76.0 wUKttiH
14924.0 23676.0 72.0 72.0 of
15212.0 23672.0 108.0 68.0 Hh

13484.0 23744.0 192.0 72.0 local
13760.0 23768.0 188.0 56.0 awwt
14024.0 23756.0 288.0 64.0 ortottd
14396.0 23752.0 68.0 72.0 U
14540.0 23760.0 152.0 72.0 rait
14768.0 23768.0 408.0 68.0 awwioapof
15256.0 23768.0 92.0 56.0 M

13480.0 23828.0 172.0 72.0 wM
13712.0 23848.0 84.0 56.0 m
13848.0 23828.0 96.0 76.0 ad
14000.0 23852.0 200.0 52.0 mn
14256.0 23836.0 432.0 72.0 4toatcftta.

13584.0 24016.0 124.0 76.0 Sac
13720.0 24020.0 136.0 72.0 and
13860.0 24020.0 204.0 76.0 -elm
14136.0 24028.0 312.0 72.0 traittw
14520.0 24016.0 164.0 84.0 Mi
14804.0 24028.0 36.0 64.0 t
14912.0 24016.0 428.0 88.0 Cincinnati,

13480.0 24096.0 212.0 76.0 Onto.

14080.0 24288.0 240.0 76.0 mwi
14376.0 24288.0 360.0 76.0 itnuOT

13472.0 24368.0 388.0 76.0 Colunut
13916.0 24368.0 104.0 80.0 11
14084.0 24376.0 184.0 72.0 on,o
14656.0 24372.0 144.0 72.0 20P
14860.0 24368.0 208.0 96.0 Jf.tf
15116.0 24364.0 212.0 80.0 t'tK.

13472.0 24456.0 460.0 72.0 Wisn.ngton
13968.0 24460.0 60.0 68.0 4,
14072.0 24456.0 44.0 72.0 0
14180.0 24452.0 44.0 76.0 C
14268.0 24508.0 20.0 28.0 .
14328.0 24452.0 176.0 72.0 W
14536.0 24456.0 324.0 68.0 National
14900.0 24456.0 180.0 64.0 Prta
15120.0 24436.0 204.0 84.0 i'dg.

13492.0 24536.0 372.0 72.0 ttNfSH
13948.0 24536.0 548.0 76.0 A3VEtTtSIG
14568.0 24540.0 248.0 68.0 lEPtf
14836.0 24524.0 460.0 76.0 SEN'ATIVt.

13624.0 24616.0 416.0 80.0 M310NEV.
14108.0 24620.0 280.0 72.0 kE&AN
14556.0 24616.0 384.0 80.0 SCHMIDT.
14996.0 24604.0 160.0 80.0 INC.
