19516 29240
6304.0 848.0 3600.0 368.0 KENTUCKY
10336.0 816.0 2768.0 416.0 EDITION

2992.0 1328.0 2000.0 672.0 THE
5488.0 1328.0 5456.0 688.0 CINCINNATI
11280.0 1328.0 5104.0 736.0 ENQUIRER

680.0 1064.0 712.0 136.0 TODAYS
1504.0 1064.0 832.0 136.0 WEATHER

532.0 1292.0 836.0 112.0 NORTHERN
1484.0 1296.0 1000.0 116.0 KENTUCKY:

656.0 1440.0 276.0 104.0 Fair
992.0 1444.0 244.0 100.0 And
1308.0 1456.0 232.0 92.0 Not
1608.0 1444.0 332.0 116.0 Quite
2008.0 1452.0 144.0 96.0 go
2216.0 1452.0 272.0 96.0 Cool

660.0 1580.0 376.0 120.0 Today
1152.0 1588.0 248.0 96.0 And
1520.0 1576.0 512.0 132.0 Tonight
2176.0 1588.0 308.0 120.0 High

656.0 1720.0 408.0 124.0 Today,
1128.0 1724.0 152.0 100.0 32.

16972.0 1056.0 364.0 176.0 THE
17488.0 1056.0 972.0 176.0 ENQUIRER

16984.0 1360.0 552.0 168.0 FIRST
17652.0 1364.0 172.0 160.0 IN
17940.0 1360.0 512.0 164.0 NEWS

16972.0 1668.0 420.0 164.0 AND
17516.0 1668.0 932.0 168.0 FEATURES

388.0 2316.0 548.0 176.0 107th
1028.0 2328.0 564.0 164.0 YEAR
1848.0 2328.0 352.0 184.0 NO.
2312.0 2328.0 356.0 168.0 105
2928.0 2336.0 664.0 168.0 DAILY

5448.0 2332.0 244.0 168.0 28
5796.0 2328.0 668.0 168.0 PAGES

7328.0 2320.0 1140.0 168.0 THURSDAY
8616.0 2320.0 1040.0 192.0 MORNING,
9804.0 2308.0 540.0 180.0 JULY
10484.0 2316.0 232.0 196.0 24,
10876.0 2320.0 372.0 172.0 1947

13564.0 2348.0 292.0 80.0 Bhtm
14012.0 2364.0 100.0 56.0 u
14208.0 2348.0 540.0 72.0 m-ml-rlM
14872.0 2348.0 292.0 68.0 natw
15256.0 2340.0 200.0 80.0 Am.
15560.0 2332.0 80.0 72.0 1.

13632.0 2452.0 32.0 64.0 t
13716.0 2448.0 144.0 68.0 Iht
13912.0 2444.0 200.0 76.0 FmI
14160.0 2444.0 112.0 68.0 Of
14288.0 2448.0 184.0 72.0 (lea.
14524.0 2440.0 508.0 76.0 Ctarlnratl.
15084.0 2440.0 248.0 76.0 OHIO,
15384.0 2428.0 152.0 76.0 Act
15584.0 2424.0 88.0 76.0 of
15732.0 2424.0 268.0 72.0 l7l.

17444.0 2308.0 480.0 168.0 FIVE
18024.0 2308.0 664.0 172.0 CENTS

352.0 2648.0 576.0 472.0 GAS
1032.0 2656.0 1496.0 472.0 SHORTAGE

288.0 3448.0 560.0 340.0 May
960.0 3464.0 296.0 260.0 Be
1380.0 3460.0 1184.0 328.0 Expected

284.0 4104.0 224.0 232.0 In
624.0 4120.0 844.0 220.0 Northern
1588.0 4128.0 904.0 280.0 Kentucky

296.0 4560.0 100.0 152.0 r
456.0 4460.0 596.0 284.0 Utility
1120.0 4464.0 692.0 216.0 Official
1880.0 4468.0 492.0 276.0 Says.

284.0 4980.0 724.0 212.0 Beckjord
1196.0 4996.0 500.0 164.0 Issues
1884.0 4992.0 596.0 196.0 Warnin,

516.0 5228.0 600.0 200.0 Against
1188.0 5236.0 868.0 168.0 Conversion
2132.0 5240.0 192.0 168.0 Of

392.0 5440.0 28.0 32.0 '
724.0 5472.0 620.0 204.0 Heating
1420.0 5480.0 692.0 200.0 Systems.

428.0 5740.0 552.0 124.0 Warning
1032.0 5756.0 112.0 96.0 to
1200.0 5756.0 568.0 96.0 residents
1820.0 5760.0 116.0 92.0 of
1988.0 5760.0 572.0 100.0 Northern

296.0 5876.0 620.0 132.0 Kentucky
1048.0 5892.0 196.0 96.0 not
1396.0 5896.0 120.0 96.0 to
1664.0 5900.0 456.0 96.0 convert
2264.0 5896.0 300.0 100.0 their

288.0 6028.0 476.0 112.0 present
892.0 6028.0 460.0 120.0 heating
1488.0 6036.0 484.0 108.0 systems
2100.0 6036.0 116.0 96.0 to
2348.0 6060.0 212.0 92.0 gas

284.0 6160.0 500.0 100.0 without
928.0 6172.0 836.0 96.0 authorization
1916.0 6176.0 288.0 96.0 from
2360.0 6176.0 196.0 96.0 the

288.0 6292.0 384.0 112.0 Union
784.0 6300.0 356.0 128.0 Light,
1244.0 6308.0 312.0 100.0 Heat
1664.0 6316.0 100.0 92.0 &
1864.0 6312.0 392.0 96.0 Power
2364.0 6316.0 160.0 92.0 Co

284.0 6456.0 252.0 76.0 was
608.0 6440.0 380.0 100.0 voiced
1056.0 6448.0 608.0 112.0 yesterday
1732.0 6448.0 148.0 112.0 by
1936.0 6452.0 432.0 96.0 Walter
2432.0 6452.0 124.0 96.0 C.

284.0 6572.0 612.0 124.0 Beckjord,
972.0 6584.0 600.0 100.0 President
1652.0 6588.0 124.0 96.0 of
1848.0 6588.0 184.0 100.0 the
2116.0 6592.0 396.0 96.0 Cincin

288.0 6716.0 256.0 96.0 nati
636.0 6716.0 232.0 96.0 Gas
952.0 6720.0 88.0 96.0 &
1128.0 6720.0 496.0 100.0 Electric
1712.0 6724.0 180.0 100.0 Co.
1980.0 6732.0 120.0 92.0 of
2180.0 6732.0 376.0 92.0 which

284.0 6852.0 208.0 100.0 the
588.0 6856.0 132.0 104.0 U.
808.0 6860.0 116.0 104.0 L.
1016.0 6860.0 132.0 96.0 H.
1240.0 6864.0 96.0 96.0 4
1436.0 6864.0 128.0 104.0 P.
1660.0 6868.0 184.0 92.0 Co.
1940.0 6868.0 92.0 96.0 is
2124.0 6892.0 72.0 76.0 a
2288.0 6868.0 208.0 100.0 sub

280.0 6988.0 480.0 120.0 sidiary.

420.0 7128.0 560.0 120.0 Beckjord
1080.0 7164.0 480.0 84.0 opposes
1660.0 7144.0 192.0 96.0 the
1952.0 7148.0 372.0 96.0 action
2428.0 7148.0 128.0 92.0 of

280.0 7264.0 208.0 104.0 the
568.0 7276.0 596.0 116.0 Kentucky
1240.0 7280.0 396.0 96.0 Public
1720.0 7284.0 432.0 96.0 Service
2228.0 7284.0 328.0 96.0 Cora-

292.0 7408.0 476.0 96.0 mission
832.0 7416.0 352.0 92.0 which
1252.0 7416.0 112.0 96.0 In
1436.0 7444.0 148.0 68.0 an
1652.0 7420.0 320.0 96.0 order
2032.0 7424.0 520.0 112.0 Tuesday

288.0 7540.0 336.0 104.0 lifted
712.0 7552.0 188.0 92.0 the
992.0 7552.0 208.0 100.0 ban
1292.0 7584.0 144.0 68.0 on
1528.0 7556.0 400.0 112.0 selling
2012.0 7560.0 112.0 96.0 of
2212.0 7584.0 336.0 92.0 space

288.0 7696.0 480.0 104.0 Beating
844.0 7716.0 192.0 92.0 gas
1116.0 7696.0 108.0 88.0 to
1308.0 7720.0 252.0 68.0 new
1636.0 7704.0 648.0 88.0 customers.

416.0 7820.0 368.0 100.0 While
908.0 7832.0 444.0 96.0 various
1480.0 7860.0 540.0 72.0 concerns
2148.0 7836.0 396.0 116.0 Belling

284.0 7968.0 232.0 96.0 and
624.0 7968.0 564.0 116.0 Installing
1288.0 8000.0 208.0 92.0 gas
1600.0 7972.0 476.0 116.0 burning
2176.0 7976.0 332.0 116.0 equip

284.0 8112.0 324.0 88.0 ment
708.0 8112.0 584.0 92.0 welcomed
1388.0 8116.0 196.0 88.0 the
1680.0 8116.0 368.0 92.0 action
2140.0 8120.0 120.0 88.0 of
2356.0 8120.0 192.0 92.0 the

280.0 8232.0 404.0 104.0 Public
784.0 8244.0 432.0 96.0 Service
1316.0 8248.0 780.0 112.0 Commission,
2196.0 8256.0 312.0 92.0 Beck

284.0 8372.0 260.0 120.0 jord
648.0 8384.0 240.0 92.0 said
984.0 8384.0 188.0 96.0 the
1268.0 8408.0 568.0 96.0 company
1928.0 8416.0 228.0 68.0 was
2256.0 8400.0 124.0 84.0 at
2476.0 8416.0 76.0 72.0 a

284.0 8520.0 236.0 92.0 loss
600.0 8520.0 116.0 96.0 to
792.0 8524.0 692.0 100.0 understand
1560.0 8528.0 192.0 96.0 the
1828.0 8532.0 716.0 96.0 commission

284.0 8652.0 376.0 104.0 order.

536.0 8824.0 280.0 104.0 GAS
892.0 8828.0 872.0 104.0 SHORTAGES
1836.0 8832.0 432.0 100.0 LOOM.

396.0 8984.0 716.0 128.0 "Testimony
1192.0 9004.0 604.0 116.0 presented
1876.0 9004.0 376.0 96.0 before
2336.0 9004.0 192.0 96.0 the

264.0 9120.0 492.0 112.0 Federal
832.0 9136.0 384.0 104.0 Power
1292.0 9144.0 752.0 96.0 Commission
2124.0 9144.0 408.0 116.0 during

272.0 9268.0 204.0 100.0 the
552.0 9272.0 224.0 104.0 last
840.0 9280.0 212.0 92.0 two
1124.0 9280.0 380.0 92.0 weeks
1580.0 9280.0 144.0 120.0 by
1796.0 9280.0 184.0 96.0 the
2052.0 9284.0 480.0 112.0 pipeline

264.0 9412.0 660.0 108.0 companies
1044.0 9420.0 604.0 112.0 supplying
1764.0 9420.0 440.0 92.0 natural
2328.0 9444.0 208.0 88.0 gas

264.0 9544.0 380.0 96.0 which
732.0 9572.0 200.0 72.0 our
1008.0 9556.0 652.0 116.0 companies
1748.0 9556.0 580.0 92.0 distribute
2420.0 9560.0 108.0 92.0 in

268.0 9680.0 204.0 100.0 the
560.0 9680.0 628.0 104.0 Cincinnati
1272.0 9692.0 232.0 96.0 and
1588.0 9692.0 564.0 96.0 Northern
2236.0 9692.0 252.0 96.0 Ken-

268.0 9816.0 364.0 124.0 tucky
764.0 9844.0 260.0 76.0 area
1156.0 9828.0 496.0 92.0 indicate
1788.0 9832.0 748.0 112.0 conclusively

264.0 9952.0 272.0 100.0 that
628.0 9960.0 308.0 100.0 there
1024.0 9964.0 216.0 96.0 will
1336.0 9968.0 140.0 92.0 be
1568.0 9964.0 280.0 96.0 local
1940.0 9968.0 592.0 116.0 shortages

260.0 10092.0 136.0 92.0 of
508.0 10116.0 204.0 92.0 gas
816.0 10124.0 136.0 72.0 on
1060.0 10108.0 508.0 108.0 severely
1676.0 10104.0 236.0 96.0 cold
2024.0 10108.0 272.0 116.0 days
2408.0 10112.0 124.0 88.0 of

264.0 10228.0 308.0 116.0 peak
684.0 10236.0 468.0 96.0 demand
1264.0 10244.0 420.0 108.0 during
1792.0 10244.0 184.0 92.0 the
2084.0 10240.0 452.0 120.0 coming

268.0 10368.0 508.0 112.0 winter,"
864.0 10372.0 552.0 116.0 Beckjord
1504.0 10376.0 404.0 100.0 stated.

404.0 10504.0 288.0 104.0 "For
768.0 10512.0 224.0 96.0 this
1064.0 10536.0 404.0 72.0 reason
1548.0 10540.0 168.0 68.0 we
1792.0 10540.0 188.0 72.0 are
2060.0 10520.0 472.0 112.0 entirely

268.0 10636.0 132.0 104.0 at
476.0 10664.0 68.0 72.0 a
616.0 10644.0 220.0 104.0 loss
908.0 10648.0 112.0 100.0 to
1084.0 10652.0 492.0 92.0 account
1648.0 10652.0 176.0 96.0 for
1892.0 10656.0 184.0 96.0 the
2152.0 10656.0 376.0 92.0 action

268.0 10776.0 136.0 96.0 of
528.0 10784.0 192.0 92.0 the
848.0 10784.0 600.0 124.0 Kentucky
1576.0 10788.0 384.0 96.0 Public
2092.0 10792.0 440.0 96.0 Service

264.0 10908.0 756.0 112.0 Commission
1108.0 10924.0 108.0 92.0 in
1304.0 10928.0 580.0 112.0 repealing
1972.0 10928.0 140.0 96.0 its
2200.0 10928.0 336.0 92.0 order

264.0 11052.0 384.0 100.0 which
744.0 11060.0 580.0 100.0 restricted
1416.0 11064.0 720.0 120.0 conversions
2232.0 11068.0 300.0 92.0 from

268.0 11184.0 348.0 104.0 other
676.0 11192.0 288.0 100.0 fuels
1028.0 11200.0 108.0 92.0 to
1200.0 11220.0 208.0 92.0 gas
1484.0 11200.0 488.0 116.0 heating.

404.0 11328.0 300.0 96.0 "The
768.0 11332.0 356.0 100.0 Union
1184.0 11336.0 376.0 116.0 Light,
1624.0 11344.0 296.0 92.0 Heat
1984.0 11340.0 88.0 96.0 &
2140.0 11336.0 396.0 100.0 Power

264.0 11460.0 200.0 104.0 Co.
616.0 11468.0 220.0 92.0 will
984.0 11476.0 440.0 112.0 employ
1572.0 11496.0 328.0 96.0 every
2052.0 11476.0 480.0 116.0 possible

272.0 11624.0 408.0 76.0 means
740.0 11608.0 120.0 96.0 of
912.0 11608.0 676.0 120.0 impressing
1644.0 11632.0 288.0 92.0 upon
1988.0 11616.0 188.0 96.0 the
2232.0 11616.0 256.0 96.0 Ken-

264.0 11736.0 368.0 120.0 tucky
804.0 11740.0 740.0 104.0 Commission
1732.0 11748.0 188.0 100.0 the
2100.0 11756.0 432.0 92.0 serious

268.0 11880.0 420.0 100.0 nature
772.0 11884.0 120.0 92.0 of
972.0 11884.0 180.0 96.0 the
1240.0 11884.0 636.0 100.0 conditions
1964.0 11884.0 564.0 120.0 Involving

264.0 12012.0 208.0 96.0 the
584.0 12016.0 284.0 92.0 local
968.0 12040.0 196.0 96.0 gas
1276.0 12020.0 412.0 116.0 supply
1792.0 12024.0 212.0 92.0 and
2112.0 12024.0 120.0 96.0 of
2336.0 12024.0 196.0 100.0 the

264.0 12160.0 428.0 100.0 urgent
764.0 12156.0 548.0 116.0 necessity
1384.0 12156.0 184.0 96.0 for
1644.0 12156.0 620.0 128.0 protecting
2336.0 12160.0 196.0 100.0 the

264.0 12292.0 476.0 112.0 present
816.0 12312.0 300.0 80.0 users
1196.0 12296.0 124.0 96.0 of
1392.0 12320.0 240.0 88.0 gas.

360.0 12444.0 404.0 108.0 MUST
844.0 12456.0 400.0 96.0 KEEP
1324.0 12456.0 1112.0 108.0 RESTRICTIONS.

400.0 12616.0 304.0 104.0 "The
832.0 12628.0 636.0 116.0 company's
1596.0 12632.0 260.0 96.0 first
1976.0 12636.0 508.0 120.0 responsi-

272.0 12748.0 336.0 128.0 bility
680.0 12760.0 96.0 96.0 is
848.0 12764.0 184.0 100.0 the
1104.0 12768.0 636.0 112.0 protection
1812.0 12772.0 120.0 92.0 of
1996.0 12772.0 192.0 100.0 the
2264.0 12776.0 224.0 116.0 pub-

280.0 12892.0 152.0 104.0 lic
528.0 12924.0 132.0 72.0 as
752.0 12928.0 72.0 68.0 a
912.0 12904.0 352.0 96.0 whole
1368.0 12912.0 116.0 92.0 in
1580.0 12912.0 152.0 92.0 its
1828.0 12932.0 192.0 76.0 use
2116.0 12916.0 116.0 92.0 of
2332.0 12936.0 204.0 88.0 gas

272.0 13044.0 476.0 108.0 aervice,
852.0 13044.0 356.0 96.0 which
1320.0 13044.0 556.0 96.0 demands
1980.0 13052.0 252.0 96.0 that
2340.0 13052.0 192.0 96.0 the

272.0 13176.0 504.0 124.0 existing
872.0 13184.0 708.0 96.0 restrictions
1684.0 13188.0 444.0 112.0 against
2224.0 13208.0 268.0 76.0 over-

272.0 13312.0 472.0 120.0 loading
804.0 13320.0 144.0 100.0 Us
1008.0 13324.0 536.0 96.0 facilities
1608.0 13328.0 136.0 92.0 be
1808.0 13324.0 724.0 100.0 maintained.

276.0 13448.0 212.0 104.0 We
580.0 13468.0 308.0 92.0 want
972.0 13464.0 112.0 92.0 to
1172.0 13484.0 280.0 96.0 urge
1552.0 13464.0 224.0 96.0 and
1860.0 13488.0 312.0 72.0 warn
2272.0 13464.0 220.0 96.0 resi-

272.0 13592.0 344.0 100.0 dents
700.0 13600.0 120.0 96.0 of
896.0 13600.0 572.0 100.0 Northern
1556.0 13600.0 600.0 120.0 Kentucky
2236.0 13628.0 252.0 72.0 com-

272.0 13736.0 544.0 100.0 munities
932.0 13736.0 452.0 120.0 against
1520.0 13744.0 188.0 92.0 the
1832.0 13740.0 696.0 104.0 installation

268.0 13872.0 132.0 96.0 of
488.0 13880.0 640.0 112.0 equipment
1208.0 13884.0 188.0 92.0 for
1484.0 13880.0 656.0 96.0 conversion
2228.0 13880.0 304.0 96.0 from

272.0 14020.0 340.0 96.0 other
684.0 14016.0 288.0 96.0 fuels
1040.0 14020.0 112.0 96.0 to
1232.0 14040.0 208.0 96.0 gas
1520.0 14016.0 464.0 124.0 heating
2052.0 14020.0 480.0 100.0 without

264.0 14156.0 836.0 100.0 authorization
1272.0 14156.0 144.0 124.0 by
1584.0 14160.0 192.0 92.0 the
1944.0 14180.0 584.0 92.0 company.

272.0 14292.0 308.0 104.0 Such
700.0 14300.0 364.0 96.0 action
1168.0 14296.0 236.0 96.0 will
1524.0 14300.0 264.0 108.0 only
1892.0 14288.0 640.0 128.0 jeopardize

272.0 14432.0 208.0 96.0 the
572.0 14432.0 424.0 96.0 service
1088.0 14432.0 120.0 92.0 of
1304.0 14432.0 200.0 96.0 the
1596.0 14432.0 356.0 96.0 whole
2040.0 14444.0 456.0 84.0 commu-

272.0 14568.0 256.0 116.0 nity
592.0 14572.0 400.0 116.0 during
1052.0 14568.0 452.0 120.0 periods
1568.0 14568.0 124.0 96.0 of
1748.0 14592.0 376.0 72.0 severe
2188.0 14564.0 344.0 108.0 cold,"

268.0 14704.0 152.0 100.0 he
508.0 14708.0 280.0 96.0 said.

400.0 14840.0 324.0 116.0 Ohio,
936.0 14840.0 512.0 116.0 Indiana,
1672.0 14840.0 856.0 116.0 Pennsylvania,

268.0 14976.0 588.0 120.0 Michigan
948.0 14984.0 212.0 104.0 and
1252.0 14984.0 496.0 100.0 Indiana
1832.0 15008.0 184.0 72.0 are
2108.0 15000.0 420.0 96.0 among

340.0 15124.0 304.0 100.0 tates
748.0 15128.0 244.0 96.0 that
1092.0 15124.0 228.0 96.0 still
1432.0 15128.0 292.0 92.0 have
1828.0 15116.0 704.0 100.0 restrictions

272.0 15284.0 152.0 80.0 on
500.0 15268.0 644.0 96.0 conversion
1216.0 15268.0 116.0 92.0 to
1396.0 15288.0 208.0 92.0 gas
1672.0 15252.0 460.0 120.0 heating
2188.0 15252.0 340.0 100.0 units.

268.0 15592.0 424.0 232.0 Mot
700.0 15684.0 204.0 140.0 or
920.0 15592.0 420.0 232.0 boat
1408.0 15588.0 192.0 232.0 Is
1664.0 15580.0 680.0 236.0 Raised

328.0 15900.0 572.0 232.0 After
944.0 15892.0 1528.0 288.0 Crash-Sinking,

456.0 16208.0 824.0 288.0 Periling
1360.0 16204.0 588.0 232.0 Three
2012.0 16204.0 520.0 228.0 Lives

396.0 16548.0 488.0 124.0 Repairs
988.0 16572.0 288.0 84.0 were
1396.0 16548.0 432.0 100.0 started
1932.0 16548.0 604.0 120.0 yesterday

268.0 16748.0 156.0 80.0 on
536.0 16756.0 72.0 72.0 a
716.0 16728.0 392.0 100.0 20-foot
1216.0 16720.0 644.0 100.0 motorboat
1968.0 16724.0 120.0 96.0 of
2192.0 16720.0 344.0 100.0 Louis

264.0 16892.0 600.0 124.0 Levinson,
1028.0 16904.0 276.0 100.0 Fort
1476.0 16900.0 516.0 112.0 Thomas,
2156.0 16900.0 376.0 92.0 which

272.0 17080.0 484.0 96.0 crashed
848.0 17080.0 228.0 96.0 into
1168.0 17104.0 68.0 68.0 a
1332.0 17072.0 524.0 100.0 concrete
1948.0 17076.0 372.0 96.0 wharf
2408.0 17072.0 128.0 96.0 at

268.0 17212.0 392.0 124.0 Coney
736.0 17216.0 368.0 100.0 Island
1188.0 17216.0 516.0 128.0 Tuesday
1788.0 17220.0 344.0 112.0 night,
2212.0 17240.0 280.0 76.0 caus-

272.0 17352.0 208.0 124.0 ing
568.0 17360.0 240.0 116.0 $700
900.0 17368.0 468.0 112.0 damage
1464.0 17368.0 116.0 92.0 to
1676.0 17360.0 184.0 96.0 the
1956.0 17360.0 256.0 96.0 boat
2300.0 17360.0 232.0 96.0 and

272.0 17504.0 772.0 128.0 endangering
1120.0 17508.0 192.0 96.0 the
1392.0 17508.0 284.0 96.0 lives
1748.0 17504.0 120.0 96.0 of
1940.0 17504.0 588.0 116.0 Levinson,

256.0 17648.0 188.0 100.0 his
536.0 17652.0 500.0 116.0 teen-age
1124.0 17672.0 204.0 72.0 son
1424.0 17652.0 228.0 92.0 and
1740.0 17668.0 140.0 72.0 an
1976.0 17648.0 504.0 96.0 unidenti-

256.0 17784.0 244.0 104.0 fied
560.0 17812.0 364.0 96.0 young
980.0 17812.0 472.0 72.0 woman.

400.0 17924.0 244.0 104.0 The
700.0 17932.0 332.0 92.0 wheel
1088.0 17932.0 220.0 92.0 and
1368.0 17928.0 320.0 96.0 shaft
1740.0 17932.0 116.0 96.0 of
1904.0 17928.0 188.0 100.0 the
2144.0 17932.0 340.0 112.0 speed-

264.0 18060.0 280.0 108.0 boat
652.0 18068.0 792.0 100.0 "Marieckew"
1548.0 18092.0 280.0 72.0 wer-
1952.0 18072.0 576.0 96.0 shattered

268.0 18216.0 340.0 92.0 when
672.0 18216.0 92.0 96.0 it
824.0 18216.0 160.0 96.0 hit
1048.0 18212.0 184.0 100.0 the
1296.0 18216.0 388.0 100.0 wharf
1736.0 18212.0 220.0 96.0 and
2028.0 18216.0 500.0 100.0 bounced

264.0 18356.0 188.0 96.0 off
580.0 18360.0 236.0 92.0 into
932.0 18356.0 268.0 116.0 deep
1324.0 18360.0 368.0 92.0 water
1812.0 18360.0 400.0 96.0 behind
2336.0 18360.0 196.0 96.0 the

268.0 18492.0 400.0 104.0 Island
744.0 18496.0 396.0 120.0 Queen,
1224.0 18500.0 468.0 116.0 moving
1760.0 18504.0 192.0 92.0 out
2024.0 18504.0 236.0 96.0 into
2336.0 18504.0 196.0 96.0 the

268.0 18636.0 460.0 100.0 harbor.
860.0 18644.0 284.0 100.0 John
1220.0 18644.0 136.0 100.0 D.
1436.0 18644.0 632.0 116.0 T-r.ughead,
2140.0 18668.0 348.0 92.0 opera-

264.0 18780.0 192.0 96.0 tor
572.0 18780.0 120.0 104.0 of
804.0 18784.0 180.0 100.0 the
1096.0 18784.0 316.0 128.0 ferry
1528.0 18784.0 492.0 96.0 between
2140.0 18788.0 388.0 112.0 Brent,

268.0 18928.0 252.0 116.0 Ky,
620.0 18928.0 220.0 96.0 and
932.0 18928.0 372.0 120.0 Coney
1400.0 18928.0 416.0 112.0 Island,
1912.0 18932.0 320.0 96.0 aided
2332.0 18932.0 196.0 96.0 the

260.0 19064.0 236.0 104.0 two
608.0 19092.0 660.0 104.0 passengers
1380.0 19072.0 428.0 96.0 aboard
1916.0 19072.0 188.0 100.0 the
2216.0 19076.0 320.0 112.0 ferry

260.0 19212.0 240.0 96.0 and
608.0 19216.0 612.0 116.0 attempted
1336.0 19216.0 120.0 96.0 to
1564.0 19216.0 220.0 96.0 tow
1892.0 19216.0 184.0 96.0 the
2184.0 19212.0 352.0 120.0 $3,000

260.0 19356.0 320.0 100.0 craft
672.0 19356.0 116.0 92.0 to
872.0 19360.0 324.0 96.0 shore
1288.0 19360.0 340.0 92.0 while
1716.0 19356.0 552.0 100.0 Levinson
2360.0 19384.0 124.0 72.0 re-

268.0 19500.0 464.0 92.0 mained
808.0 19500.0 440.0 100.0 aboard.

408.0 19640.0 364.0 96.0 When
824.0 19648.0 324.0 120.0 being
1208.0 19644.0 400.0 108.0 towed,
1676.0 19648.0 180.0 96.0 the
1920.0 19652.0 608.0 112.0 speedboat

276.0 19788.0 308.0 96.0 sunk
672.0 19788.0 216.0 96.0 and
972.0 19788.0 560.0 96.0 Levinson
1624.0 19812.0 228.0 68.0 was
1940.0 19792.0 380.0 92.0 forced
2412.0 19796.0 116.0 92.0 to

276.0 19924.0 328.0 120.0 jump
704.0 19932.0 172.0 96.0 for
964.0 19928.0 400.0 116.0 safety.
1524.0 19932.0 232.0 92.0 The
1848.0 19936.0 296.0 96.0 craft
2236.0 19932.0 292.0 96.0 later

280.0 20092.0 244.0 76.0 was
608.0 20072.0 356.0 96.0 raised
1044.0 20076.0 220.0 92.0 and
1352.0 20068.0 352.0 104.0 taken
1780.0 20072.0 112.0 92.0 to
1972.0 20076.0 140.0 96.0 its
2200.0 20076.0 328.0 100.0 home

280.0 20216.0 296.0 112.0 port,
688.0 20216.0 540.0 96.0 Southern
1344.0 20216.0 296.0 96.0 Ohio
1748.0 20208.0 356.0 100.0 Yacht
2216.0 20216.0 308.0 116.0 Club,

280.0 20352.0 252.0 104.0 foot
600.0 20364.0 116.0 96.0 of
780.0 20364.0 656.0 96.0 Monmouth
1500.0 20356.0 396.0 112.0 Street,
1956.0 20356.0 568.0 120.0 Newport.

264.0 20684.0 560.0 192.0 Senate
880.0 20688.0 744.0 188.0 Confirms
1688.0 20688.0 596.0 188.0 Scholtz

468.0 20936.0 216.0 176.0 As
756.0 20932.0 784.0 184.0 Louisville
1620.0 20932.0 912.0 184.0 Postmaster

396.0 21172.0 772.0 120.0 Washington,
1244.0 21176.0 276.0 120.0 July
1600.0 21180.0 116.0 96.0 23
1856.0 21176.0 284.0 112.0 (AP)
2284.0 21188.0 240.0 92.0 Th-s

272.0 21308.0 424.0 108.0 Senate
788.0 21320.0 328.0 112.0 today
1212.0 21320.0 628.0 96.0 confirmed
1932.0 21320.0 600.0 100.0 President

268.0 21452.0 604.0 100.0 Truman's
944.0 21460.0 700.0 96.0 nomination
1720.0 21460.0 116.0 92.0 of
1904.0 21460.0 416.0 124.0 Joseph
2392.0 21460.0 136.0 100.0 D.

268.0 21592.0 460.0 100.0 Scholtz
832.0 21596.0 172.0 100.0 for
1116.0 21600.0 692.0 116.0 postmaster
1908.0 21604.0 124.0 92.0 at
2140.0 21600.0 340.0 96.0 Louis-

268.0 21736.0 304.0 112.0 ville,
668.0 21736.0 200.0 116.0 Ky.

404.0 21872.0 468.0 116.0 Scholtz,
944.0 21876.0 420.0 104.0 former
1436.0 21876.0 592.0 96.0 Louisville
2100.0 21880.0 424.0 108.0 Mayor,

272.0 22008.0 220.0 100.0 has
576.0 22020.0 284.0 92.0 teen
960.0 22016.0 380.0 116.0 acting
1444.0 22024.0 676.0 108.0 postmaster
2216.0 22020.0 312.0 92.0 since

272.0 22144.0 268.0 124.0 May
620.0 22152.0 148.0 100.0 31.
844.0 22152.0 168.0 100.0 He
1088.0 22176.0 236.0 76.0 was
1408.0 22156.0 848.0 96.0 recommended
2340.0 22160.0 184.0 92.0 for

268.0 22292.0 204.0 96.0 the
576.0 22296.0 252.0 116.0 post
928.0 22288.0 132.0 120.0 by
1164.0 22292.0 436.0 96.0 former
1696.0 22292.0 268.0 120.0 Rep.
2068.0 22292.0 460.0 100.0 Emmet

272.0 22428.0 428.0 104.0 O'Neal
780.0 22436.0 212.0 96.0 and
1080.0 22432.0 172.0 96.0 his
1344.0 22460.0 336.0 72.0 name
1760.0 22456.0 228.0 72.0 was
2072.0 22436.0 252.0 96.0 sent
2408.0 22432.0 120.0 100.0 to

268.0 22568.0 204.0 104.0 the
556.0 22576.0 400.0 96.0 Senate
1036.0 22568.0 220.0 104.0 last
1332.0 22572.0 516.0 112.0 January
1924.0 22564.0 144.0 112.0 11.

400.0 22712.0 568.0 116.0 Approval
1056.0 22708.0 144.0 120.0 by
1300.0 22716.0 192.0 92.0 the
1592.0 22712.0 400.0 96.0 Senate
2088.0 22712.0 120.0 96.0 of
2300.0 22708.0 232.0 100.0 this

348.0 22856.0 156.0 96.0 nd
612.0 22852.0 320.0 96.0 other
1044.0 22848.0 768.0 96.0 nominations
1916.0 22872.0 232.0 76.0 was
2264.0 22848.0 264.0 96.0 held

264.0 23012.0 168.0 96.0 tip
504.0 22992.0 480.0 120.0 pending
1052.0 22988.0 672.0 120.0 disposition
1792.0 22988.0 116.0 92.0 of
1976.0 23008.0 68.0 80.0 a
2112.0 22988.0 372.0 100.0 resolu-

264.0 23132.0 260.0 100.0 tion
592.0 23132.0 404.0 116.0 calling
1060.0 23128.0 180.0 96.0 for
1312.0 23124.0 796.0 112.0 investigation
2176.0 23128.0 120.0 92.0 of
2336.0 23124.0 192.0 96.0 the

268.0 23272.0 300.0 96.0 Civil
644.0 23268.0 432.0 100.0 Service
1152.0 23264.0 840.0 100.0 Commission's
2068.0 23264.0 460.0 100.0 method

268.0 23412.0 136.0 96.0 of
504.0 23408.0 636.0 112.0 examining
1240.0 23408.0 228.0 96.0 and
1580.0 23404.0 468.0 120.0 grading
2152.0 23400.0 332.0 104.0 candi-

268.0 23548.0 332.0 104.0 dates
680.0 23548.0 180.0 96.0 for
936.0 23544.0 876.0 120.0 appointments.

428.0 23880.0 468.0 132.0 CYCLE
956.0 23876.0 496.0 148.0 SKIDS;
1516.0 23872.0 340.0 124.0 MAN
1916.0 23872.0 464.0 128.0 HURT.

404.0 24084.0 392.0 96.0 James
928.0 24076.0 436.0 112.0 Harris,
1512.0 24076.0 148.0 112.0 32,
1800.0 24080.0 116.0 92.0 60
2056.0 24080.0 480.0 120.0 Licking

272.0 24216.0 320.0 116.0 Pike,
744.0 24220.0 436.0 108.0 Wilder,
1340.0 24220.0 508.0 96.0 suffered
2004.0 24248.0 68.0 68.0 a
2224.0 24224.0 316.0 112.0 right

276.0 24364.0 536.0 100.0 shoulder
924.0 24364.0 504.0 96.0 fracture
1544.0 24360.0 224.0 92.0 and
1880.0 24360.0 284.0 96.0 head
2280.0 24368.0 256.0 92.0 cuts

276.0 24504.0 236.0 104.0 last
640.0 24508.0 320.0 108.0 night
1084.0 24508.0 332.0 88.0 when
1556.0 24500.0 176.0 96.0 his
1860.0 24508.0 672.0 112.0 motorcycle

276.0 24652.0 480.0 96.0 skidded
872.0 24644.0 212.0 96.0 and
1208.0 24648.0 340.0 112.0 upset
1664.0 24644.0 112.0 92.0 in
1892.0 24648.0 376.0 112.0 gravel
2388.0 24672.0 140.0 68.0 on

276.0 24784.0 404.0 104.0 Lower
792.0 24788.0 328.0 96.0 River
1240.0 24784.0 328.0 96.0 Road
1680.0 24808.0 272.0 72.0 near
2056.0 24788.0 480.0 116.0 Cottage

276.0 24932.0 244.0 104.0 Hill
596.0 24932.0 340.0 108.0 Road,
1012.0 24928.0 276.0 96.0 Fort
1360.0 24928.0 524.0 92.0 Thomas.
1956.0 24928.0 232.0 96.0 The
2256.0 24932.0 280.0 96.0 Fort

276.0 25072.0 504.0 100.0 Thomas
856.0 25068.0 664.0 96.0 ambulance
1600.0 25068.0 264.0 96.0 took
1936.0 25072.0 408.0 96.0 Harris
2420.0 25076.0 116.0 96.0 to

276.0 25216.0 420.0 120.0 Speers
772.0 25212.0 544.0 116.0 Hospital,
1400.0 25212.0 484.0 116.0 Dayton,

664.0 25552.0 512.0 192.0 GOOD
1312.0 25548.0 856.0 192.0 MORNING

624.0 25848.0 836.0 148.0 KENTUCKY
1568.0 25848.0 640.0 136.0 EDITION

600.0 26100.0 244.0 132.0 Tlve
920.0 26088.0 648.0 140.0 Cincinnati
1648.0 26088.0 592.0 160.0 Enquirer.

480.0 26372.0 372.0 144.0 Newt
920.0 26364.0 140.0 136.0 of
1132.0 26352.0 684.0 152.0 Kentucky
1880.0 26352.0 464.0 164.0 Today

480.0 26628.0 176.0 84.0 on
724.0 26576.0 392.0 152.0 Pages
1192.0 26572.0 128.0 152.0 1,
1392.0 26568.0 88.0 128.0 2
1544.0 26560.0 256.0 132.0 and
1864.0 26564.0 236.0 132.0 4B.

612.0 26816.0 564.0 108.0 Branches
1240.0 26828.0 116.0 84.0 In
1432.0 26808.0 556.0 100.0 Northern
2064.0 26804.0 244.0 100.0 Ken-

484.0 26960.0 396.0 120.0 tucky:
612.0 27132.0 608.0 116.0 Covington
1424.0 27120.0 120.0 104.0 32
1652.0 27120.0 112.0 96.0 E.
1868.0 27116.0 480.0 100.0 Seventh

496.0 27276.0 180.0 112.0 St.,
756.0 27264.0 580.0 124.0 telephone
1424.0 27256.0 572.0 108.0 IIEmlocU
2076.0 27256.0 276.0 112.0 2100,

504.0 27408.0 552.0 108.0 HEmlock
1184.0 27408.0 260.0 96.0 6868
1576.0 27400.0 212.0 100.0 and
1920.0 27396.0 432.0 104.0 inland

492.0 27552.0 280.0 108.0 0775.

620.0 27724.0 512.0 116.0 Newport
1332.0 27716.0 120.0 100.0 31
1552.0 27712.0 120.0 96.0 E.
1768.0 27708.0 304.0 100.0 Sixth
2168.0 27708.0 188.0 108.0 St,

508.0 27860.0 564.0 124.0 telephone
1124.0 27848.0 540.0 112.0 Colonial
1728.0 27848.0 268.0 104.0 1401.
2080.0 27940.0 16.0 20.0 .

624.0 28060.0 444.0 104.0 Central
1164.0 28040.0 608.0 128.0 Kentucky
1900.0 28044.0 420.0 120.0 Lexlng-

400.0 28172.0 12.0 124.0 '.
500.0 28204.0 208.0 104.0 ion
788.0 28200.0 476.0 116.0 Bureau,
1356.0 28188.0 196.0 108.0 108
1632.0 28188.0 452.0 104.0 Walnut
2168.0 28188.0 196.0 112.0 St,

504.0 28340.0 648.0 124.0 Lexington,
1224.0 28324.0 600.0 124.0 telephone
1896.0 28320.0 272.0 116.0 U1L

2652.0 2664.0 720.0 380.0 John
3532.0 2676.0 316.0 368.0 Y.
3968.0 2672.0 988.0 384.0 Brown
5124.0 2676.0 436.0 380.0 On
5708.0 2676.0 944.0 380.0 Fence!

2864.0 3176.0 1760.0 380.0 "Pocketed"
4824.0 3184.0 556.0 380.0 Out
5580.0 3188.0 352.0 376.0 Of
6124.0 3188.0 788.0 376.0 Place

3228.0 3688.0 312.0 376.0 In
3740.0 3684.0 1348.0 384.0 Clements
5288.0 3692.0 1912.0 464.0 Organization

3068.0 4216.0 204.0 100.0 BY
3344.0 4216.0 520.0 104.0 BRADY
3932.0 4212.0 532.0 108.0 BLACK.

2820.0 4400.0 36.0 52.0 '
2904.0 4416.0 188.0 76.0 Uii
3096.0 4420.0 268.0 84.0 niton
3428.0 4420.0 360.0 84.0 Sanaa,
3852.0 4416.0 176.0 80.0 10S
4092.0 4420.0 340.0 76.0 WaJnal
4496.0 4416.0 132.0 80.0 St.

2636.0 4600.0 360.0 68.0 srsciAj,
3048.0 4604.0 460.0 68.0 msriTca
3568.0 4612.0 116.0 64.0 to
3740.0 4612.0 184.0 64.0 ihs
3976.0 4612.0 488.0 76.0 snqcuibs.

2752.0 4764.0 660.0 124.0 Lexington,
3556.0 4768.0 248.0 124.0 Ky,
3936.0 4768.0 272.0 124.0 July
4348.0 4772.0 120.0 96.0 23
4600.0 4768.0 292.0 104.0 John

2652.0 4936.0 396.0 120.0 Young
3084.0 4936.0 452.0 116.0 Brown,
3580.0 4940.0 656.0 116.0 Lexington,
4280.0 4940.0 224.0 100.0 last
4540.0 4944.0 356.0 112.0 year's

2628.0 5104.0 716.0 100.0 Democratic
3416.0 5116.0 516.0 92.0 nominee
4004.0 5112.0 184.0 96.0 for
4256.0 5108.0 132.0 100.0 U.
4460.0 5112.0 100.0 96.0 S.
4636.0 5112.0 212.0 96.0 Sen

2628.0 5280.0 276.0 112.0 ator,
2976.0 5276.0 96.0 96.0 Is
3140.0 5304.0 152.0 72.0 on
3360.0 5280.0 200.0 96.0 the
3632.0 5284.0 324.0 92.0 fence
4032.0 5284.0 112.0 92.0 in
4220.0 5276.0 180.0 96.0 his
4476.0 5280.0 416.0 116.0 party's

2628.0 5448.0 488.0 112.0 primary
3152.0 5444.0 852.0 112.0 gubernatorial
4076.0 5444.0 304.0 116.0 fight
4420.0 5444.0 472.0 100.0 because

2628.0 5612.0 124.0 96.0 A.
2812.0 5616.0 124.0 96.0 B.
3008.0 5612.0 520.0 124.0 (Happy)
3604.0 5616.0 588.0 116.0 Chandler,
4256.0 5612.0 624.0 116.0 Versailles,

2628.0 5780.0 220.0 100.0 and
2940.0 5784.0 316.0 96.0 State
3360.0 5784.0 256.0 100.0 Sen.
3712.0 5788.0 128.0 96.0 R.
3936.0 5788.0 120.0 96.0 P.
4164.0 5780.0 400.0 108.0 (Dick)
4672.0 5780.0 184.0 100.0 Mo-

2628.0 5956.0 348.0 116.0 loney,
3072.0 5948.0 668.0 124.0 Lexington,
3840.0 5948.0 284.0 100.0 have
4228.0 5952.0 240.0 96.0 him
4572.0 5900.0 340.0 208.0 pock-J

2628.0 6120.0 248.0 100.0 eted
2932.0 6120.0 192.0 96.0 out
3180.0 6120.0 128.0 92.0 of
3368.0 6144.0 228.0 92.0 any
3652.0 6124.0 308.0 116.0 place
4024.0 6120.0 112.0 96.0 in
4196.0 6116.0 196.0 100.0 the
4456.0 6120.0 388.0 112.0 organi

2616.0 6292.0 372.0 96.0 zation
3052.0 6288.0 124.0 96.0 of
3240.0 6288.0 132.0 100.0 U.
3440.0 6288.0 104.0 96.0 S.
3612.0 6292.0 272.0 116.0 Rep.
3948.0 6284.0 344.0 96.0 Earle
4356.0 6284.0 120.0 100.0 C.
4540.0 6284.0 304.0 100.0 Clem

2624.0 6460.0 276.0 112.0 ents,
2992.0 6456.0 796.0 116.0 Morganfield,
3880.0 6480.0 72.0 72.0 a
4044.0 6452.0 840.0 124.0 gubernatorial

2624.0 6624.0 624.0 104.0 candidate.

2744.0 6756.0 240.0 104.0 You
3076.0 6788.0 220.0 72.0 can
3400.0 6764.0 208.0 116.0 put
3700.0 6760.0 256.0 104.0 that
4044.0 6760.0 324.0 96.0 down
4472.0 6784.0 132.0 72.0 as
4700.0 6764.0 184.0 96.0 the

2620.0 6924.0 436.0 68.0 answer
3180.0 6904.0 136.0 92.0 to
3456.0 6900.0 456.0 96.0 current
4052.0 6920.0 448.0 76.0 rumors
4636.0 6896.0 252.0 92.0 that

2624.0 7036.0 392.0 92.0 Brown
3120.0 7036.0 216.0 96.0 has
3436.0 7028.0 540.0 104.0 switched
4080.0 7036.0 296.0 100.0 from
4480.0 7028.0 404.0 96.0 behind

2616.0 7172.0 564.0 96.0 Clements
3336.0 7176.0 120.0 92.0 to
3612.0 7204.0 68.0 68.0 a
3828.0 7172.0 488.0 116.0 position
4468.0 7160.0 408.0 108.0 behind

2616.0 7312.0 372.0 104.0 House
3080.0 7312.0 512.0 116.0 Speaker
3680.0 7312.0 372.0 112.0 Harry
4140.0 7308.0 220.0 100.0 Lee
4452.0 7308.0 424.0 112.0 Water-

2624.0 7448.0 292.0 108.0 field,
3000.0 7448.0 492.0 96.0 Clinton.

2744.0 7584.0 400.0 96.0 Brown
3220.0 7584.0 468.0 96.0 himself
3756.0 7580.0 220.0 100.0 will
4052.0 7584.0 196.0 96.0 not
4324.0 7588.0 580.0 96.0 comment

2620.0 7744.0 136.0 68.0 on
2836.0 7724.0 184.0 92.0 the
3100.0 7744.0 484.0 76.0 rumors.
3724.0 7720.0 168.0 96.0 He
3972.0 7720.0 512.0 100.0 declined
4564.0 7716.0 312.0 96.0 when

2620.0 7860.0 184.0 92.0 the
2880.0 7860.0 664.0 92.0 Associated
3624.0 7856.0 332.0 96.0 Press
4028.0 7852.0 352.0 100.0 asked
4464.0 7852.0 232.0 96.0 him
4768.0 7856.0 108.0 92.0 in

2616.0 7992.0 616.0 112.0 Lexington
3312.0 7992.0 604.0 116.0 yesterday
3988.0 7992.0 440.0 112.0 shortly
4508.0 7984.0 372.0 96.0 before

2620.0 8128.0 392.0 96.0 Brown
3132.0 8132.0 216.0 92.0 left
3464.0 8136.0 180.0 92.0 for
3760.0 8132.0 776.0 104.0 Washington.
4712.0 8124.0 168.0 96.0 He

2624.0 8268.0 408.0 112.0 merely
3152.0 8264.0 252.0 96.0 said
3532.0 8268.0 140.0 96.0 he
3792.0 8264.0 364.0 96.0 would
4284.0 8264.0 280.0 92.0 back
4700.0 8264.0 184.0 92.0 the

2620.0 8396.0 712.0 100.0 Democratic
3400.0 8404.0 548.0 92.0 nominee.

2744.0 8536.0 340.0 116.0 Early
3204.0 8544.0 116.0 92.0 in
3444.0 8540.0 196.0 96.0 the
3756.0 8536.0 596.0 112.0 campaign
4480.0 8536.0 400.0 100.0 Brown

2620.0 8676.0 240.0 96.0 said
2980.0 8676.0 132.0 92.0 he
3236.0 8676.0 376.0 104.0 would
3732.0 8668.0 132.0 100.0 be
3984.0 8676.0 180.0 92.0 for
4284.0 8672.0 596.0 96.0 Clements.

2620.0 8812.0 284.0 96.0 That
3004.0 8832.0 236.0 76.0 was
3348.0 8808.0 388.0 100.0 before
3840.0 8812.0 132.0 96.0 he
4076.0 8836.0 236.0 72.0 was
4416.0 8808.0 464.0 96.0 blocked

2620.0 8952.0 192.0 92.0 out
2924.0 8948.0 116.0 92.0 of
3160.0 8948.0 480.0 116.0 seeking
3756.0 8944.0 832.0 96.0 renominatlon
4708.0 8944.0 176.0 96.0 for

2620.0 9084.0 172.0 92.0 his
2860.0 9080.0 244.0 100.0 seat
3176.0 9084.0 120.0 92.0 in
3372.0 9084.0 196.0 100.0 the
3640.0 9084.0 412.0 96.0 House.

2740.0 9220.0 228.0 96.0 The
3076.0 9240.0 452.0 76.0 rumors
3636.0 9220.0 252.0 96.0 that
3992.0 9220.0 408.0 96.0 Brown
4512.0 9220.0 100.0 96.0 is
4708.0 9212.0 132.0 104.0 be

2616.0 9356.0 268.0 96.0 hind
2980.0 9356.0 684.0 96.0 Waterfield
3764.0 9356.0 280.0 96.0 have
4148.0 9352.0 284.0 100.0 been
4536.0 9348.0 368.0 124.0 circu-j

2632.0 9632.0 1116.0 464.0 Hagner
3852.0 9636.0 248.0 372.0 Is
4212.0 9632.0 664.0 376.0 New

3144.0 10144.0 376.0 372.0 Of
3680.0 10148.0 756.0 372.0 State
4644.0 10140.0 1448.0 376.0 American
6196.0 10140.0 988.0 460.0 Legion

2732.0 10676.0 628.0 120.0 Louisville,
3440.0 10684.0 248.0 116.0 Ky.,
3756.0 10684.0 260.0 116.0 July
4092.0 10680.0 116.0 100.0 23
4420.0 10684.0 288.0 100.0 (AP)

2608.0 10824.0 228.0 100.0 The
2916.0 10824.0 620.0 120.0 Kentucky
3616.0 10824.0 596.0 96.0 American
4300.0 10816.0 572.0 120.0 Legion

2612.0 10964.0 668.0 92.0 convention
3324.0 10964.0 348.0 116.0 today
3712.0 10964.0 324.0 96.0 chose
4076.0 10960.0 304.0 96.0 John
4428.0 10960.0 116.0 96.0 F.
4584.0 10960.0 252.0 112.0 Hag

2608.0 11132.0 192.0 68.0 ner
2876.0 11104.0 116.0 96.0 of
3068.0 11104.0 612.0 100.0 Louisville
3760.0 11132.0 120.0 68.0 as
3964.0 11104.0 184.0 96.0 the
4236.0 11128.0 244.0 68.0 new
4564.0 11100.0 304.0 96.0 State

2612.0 11236.0 752.0 96.0 Commander
3432.0 11240.0 120.0 100.0 to
3616.0 11244.0 468.0 92.0 succeed
4152.0 11236.0 172.0 96.0 W.
4384.0 11232.0 124.0 96.0 E.
4580.0 11232.0 252.0 100.0 Shel-

2616.0 11380.0 188.0 92.0 ton
2868.0 11380.0 164.0 96.0 Jr.
3104.0 11376.0 124.0 96.0 of
3300.0 11372.0 572.0 124.0 Mayfield.

2748.0 11544.0 228.0 96.0 The
3016.0 11544.0 548.0 100.0 selection
3612.0 11544.0 116.0 96.0 of
3764.0 11544.0 492.0 120.0 Hagner,
4304.0 11540.0 264.0 100.0 first
4608.0 11536.0 224.0 100.0 Lou

2616.0 11684.0 344.0 96.0 isville
3052.0 11704.0 272.0 72.0 man
3416.0 11688.0 120.0 92.0 to
3624.0 11684.0 284.0 96.0 head
3996.0 11684.0 192.0 92.0 the
4284.0 11680.0 316.0 96.0 State
4684.0 11676.0 152.0 100.0 Le

2612.0 11820.0 256.0 112.0 gion
2956.0 11820.0 312.0 96.0 since
3360.0 11816.0 284.0 120.0 1936,
3736.0 11840.0 232.0 76.0 was
4056.0 11844.0 72.0 72.0 a
4220.0 11820.0 448.0 96.0 feature
4760.0 11816.0 120.0 96.0 of

2616.0 11960.0 184.0 92.0 the
2876.0 11956.0 248.0 100.0 29th
3212.0 11960.0 776.0 92.0 convention's
4072.0 11956.0 440.0 116.0 closing
4592.0 11952.0 236.0 96.0 busi

2604.0 12124.0 252.0 72.0 ness
2920.0 12104.0 468.0 92.0 session.
3520.0 12104.0 228.0 92.0 The
3812.0 12096.0 412.0 112.0 Legion
4296.0 12096.0 576.0 120.0 Auxiliary

2608.0 12236.0 248.0 96.0 held
2936.0 12232.0 140.0 96.0 its
3156.0 12240.0 680.0 92.0 convention
3920.0 12232.0 956.0 116.0 simultaneously.

2612.0 12368.0 456.0 116.0 Hagner
3124.0 12396.0 244.0 72.0 was
3436.0 12376.0 416.0 96.0 chosen
3920.0 12372.0 140.0 120.0 by
4124.0 12372.0 748.0 96.0 acclamation

2608.0 12508.0 320.0 100.0 when
3000.0 12512.0 304.0 96.0 John
3400.0 12512.0 140.0 96.0 H.
3628.0 12512.0 312.0 96.0 West
4028.0 12512.0 120.0 92.0 of
4240.0 12508.0 628.0 112.0 Morehead,

2608.0 12648.0 172.0 92.0 his
2848.0 12644.0 256.0 116.0 only
3168.0 12652.0 604.0 112.0 opponent,
3836.0 12648.0 592.0 96.0 withdrew
4496.0 12644.0 376.0 100.0 before

2612.0 12788.0 184.0 96.0 the
2860.0 12792.0 252.0 92.0 vote
3184.0 12808.0 240.0 76.0 was
3500.0 12788.0 560.0 100.0 recorded.

2732.0 12948.0 564.0 104.0 Members
3356.0 12956.0 128.0 96.0 of
3540.0 12948.0 644.0 124.0 theLegfon
4244.0 12956.0 460.0 96.0 refused
4760.0 12956.0 116.0 96.0 to

2620.0 13116.0 484.0 92.0 approve
3148.0 13096.0 684.0 96.0 resolutions
3872.0 13092.0 684.0 116.0 advocating
4592.0 13092.0 280.0 96.0 anti-

2608.0 13228.0 816.0 96.0 Communistic
3508.0 13252.0 572.0 76.0 measures
4164.0 13240.0 228.0 88.0 and
4472.0 13228.0 364.0 100.0 admis

2612.0 13368.0 240.0 96.0 sion
2928.0 13368.0 240.0 96.0 into
3252.0 13364.0 232.0 100.0 this
3564.0 13372.0 472.0 116.0 country
4112.0 13364.0 124.0 100.0 of
4308.0 13364.0 560.0 120.0 displaced

2612.0 13504.0 688.0 116.0 Europeans.

2728.0 13672.0 228.0 96.0 The
3040.0 13672.0 1008.0 100.0 anti-Communist
4132.0 13676.0 744.0 116.0 proposal

2608.0 13812.0 348.0 96.0 called
3052.0 13812.0 188.0 96.0 for
3336.0 13816.0 736.0 112.0 scrutinizing
4164.0 13816.0 200.0 96.0 the
4460.0 13812.0 416.0 120.0 loyalty

2612.0 13948.0 116.0 92.0 of
2800.0 13948.0 144.0 92.0 all
3020.0 13972.0 480.0 92.0 persons
3572.0 13944.0 576.0 124.0 employed
4224.0 13944.0 148.0 128.0 by
4440.0 13952.0 432.0 92.0 schools

2612.0 14084.0 556.0 116.0 receiving
3248.0 14088.0 488.0 100.0 Federal
3820.0 14088.0 184.0 92.0 aid
4088.0 14092.0 228.0 96.0 and
4396.0 14084.0 112.0 100.0 to
4596.0 14080.0 228.0 100.0 "em

2608.0 14220.0 444.0 116.0 phasize
3108.0 14224.0 268.0 100.0 that
3432.0 14228.0 192.0 92.0 the
3684.0 14228.0 396.0 96.0 search
4140.0 14224.0 180.0 96.0 for
4380.0 14224.0 312.0 100.0 truth
4736.0 14224.0 140.0 116.0 by

2612.0 14360.0 588.0 92.0 educators
3268.0 14364.0 272.0 92.0 does
3600.0 14364.0 200.0 92.0 not
3856.0 14360.0 444.0 96.0 include
4364.0 14360.0 468.0 96.0 Commu

2604.0 14496.0 328.0 96.0 nistic
3056.0 14500.0 748.0 112.0 propaganda
3924.0 14520.0 124.0 72.0 or
4176.0 14500.0 696.0 100.0 domination

2612.0 14632.0 136.0 112.0 by
2808.0 14632.0 380.0 92.0 Soviet
3252.0 14632.0 520.0 100.0 Russia."

2732.0 14788.0 348.0 100.0 Other
3148.0 14792.0 684.0 100.0 resolutions
3896.0 14796.0 372.0 96.0 which
4340.0 14820.0 292.0 76.0 were
4692.0 14824.0 140.0 88.0 ap

2604.0 14932.0 408.0 112.0 proved
3088.0 14928.0 576.0 104.0 included:

2724.0 15092.0 488.0 116.0 Support
3312.0 15096.0 184.0 96.0 for
3592.0 15124.0 72.0 68.0 a
3760.0 15092.0 620.0 116.0 $35,000,000
4480.0 15120.0 348.0 96.0 appro

2600.0 15232.0 480.0 116.0 priation
3196.0 15232.0 184.0 96.0 for
3488.0 15240.0 772.0 92.0 construction
4372.0 15236.0 120.0 100.0 of
4604.0 15244.0 220.0 88.0 tem-

2604.0 15392.0 396.0 92.0 porary
3064.0 15372.0 492.0 124.0 housing
3620.0 15376.0 172.0 96.0 for
3856.0 15396.0 232.0 76.0 war
4148.0 15376.0 560.0 96.0 veterans.

2724.0 15512.0 488.0 112.0 Support
3320.0 15512.0 124.0 96.0 of
3556.0 15516.0 184.0 96.0 the
3848.0 15516.0 264.0 112.0 plan
4220.0 15516.0 180.0 96.0 for
4512.0 15516.0 308.0 96.0 estab

2600.0 15648.0 408.0 116.0 lishing
3088.0 15652.0 580.0 100.0 universal
3752.0 15656.0 500.0 116.0 military
4336.0 15656.0 524.0 116.0 training.

2724.0 15792.0 732.0 96.0 Restoration
3536.0 15800.0 120.0 96.0 of
3728.0 15796.0 468.0 92.0 Federal
4276.0 15792.0 340.0 100.0 funds
4692.0 15800.0 172.0 92.0 for

2600.0 15928.0 184.0 92.0 the
2864.0 15932.0 564.0 96.0 Veterans
3512.0 15932.0 796.0 116.0 Employment
4396.0 15940.0 464.0 96.0 Service.

2724.0 16064.0 372.0 104.0 Credit
3196.0 16096.0 152.0 76.0 on
3456.0 16076.0 340.0 92.0 social
3900.0 16080.0 500.0 112.0 security
4496.0 16104.0 372.0 88.0 wages

2604.0 16204.0 176.0 96.0 for
2856.0 16208.0 268.0 96.0 time
3216.0 16216.0 340.0 108.0 spent
3640.0 16212.0 136.0 116.0 by
3864.0 16216.0 528.0 96.0 veterans
4484.0 16216.0 108.0 96.0 in
4680.0 16224.0 184.0 92.0 the

2604.0 16348.0 376.0 92.0 armed
3060.0 16348.0 408.0 100.0 forces.

2720.0 16484.0 908.0 104.0 Establishment
3732.0 16492.0 124.0 96.0 of
3948.0 16496.0 372.0 116.0 legion
4436.0 16496.0 388.0 120.0 depart

2604.0 16632.0 360.0 96.0 ments
3056.0 16628.0 232.0 96.0 and
3384.0 16636.0 316.0 108.0 posts
3796.0 16636.0 108.0 92.0 in
4000.0 16636.0 448.0 116.0 foreign
4544.0 16664.0 280.0 72.0 coun-

2608.0 16764.0 292.0 100.0 tries.
2724.0 16900.0 644.0 120.0 "Adequate
3436.0 16916.0 972.0 112.0 appropriations"
4476.0 16920.0 176.0 96.0 for
4716.0 16948.0 112.0 72.0 re

2604.0 17048.0 388.0 92.0 search
3088.0 17048.0 232.0 96.0 and
3420.0 17052.0 780.0 116.0 development
4296.0 17056.0 124.0 96.0 of
4512.0 17084.0 320.0 72.0 arma-

2608.0 17184.0 356.0 92.0 ments
3024.0 17192.0 228.0 92.0 and
3320.0 17192.0 792.0 100.0 maintenance
4172.0 17200.0 128.0 92.0 of
4352.0 17224.0 72.0 72.0 a
4484.0 17204.0 384.0 112.0 strong

2604.0 17316.0 364.0 120.0 Army,
3040.0 17328.0 336.0 112.0 Navy
3444.0 17332.0 224.0 96.0 and
3736.0 17336.0 436.0 96.0 Marine
4240.0 17336.0 384.0 120.0 Corps.

2620.0 17596.0 768.0 384.0 Willis
3512.0 17608.0 388.0 380.0 To
4020.0 17620.0 1508.0 384.0 Broadcast
5648.0 17640.0 1236.0 380.0 Decision

2980.0 18112.0 440.0 376.0 On
3580.0 18128.0 1060.0 456.0 Special

2724.0 18644.0 632.0 120.0 Louisville,
3464.0 18652.0 212.0 116.0 Ky-
3808.0 18660.0 264.0 108.0 July
4176.0 18660.0 124.0 96.0 23
4444.0 18664.0 284.0 104.0 (AP)

2600.0 18784.0 352.0 104.0 Radio
3076.0 18792.0 456.0 100.0 Station
3656.0 18796.0 420.0 100.0 WHAS
4204.0 18804.0 652.0 92.0 announced

2604.0 18928.0 332.0 124.0 today
3020.0 18928.0 260.0 104.0 that
3376.0 18932.0 576.0 104.0 Governor
4044.0 18936.0 364.0 100.0 Willis
4500.0 18944.0 360.0 96.0 would

2600.0 19064.0 600.0 104.0 broadcast
3280.0 19096.0 152.0 72.0 an
3520.0 19076.0 456.0 100.0 address
4060.0 19076.0 604.0 96.0 tomorrow
4748.0 19084.0 116.0 88.0 at

2600.0 19200.0 232.0 100.0 9:15
2908.0 19232.0 96.0 92.0 p.
3080.0 19236.0 184.0 84.0 m.
3344.0 19204.0 460.0 104.0 Central
3876.0 19212.0 572.0 96.0 Standard
4524.0 19212.0 336.0 116.0 Time,

2608.0 19344.0 336.0 100.0 (10:30
3096.0 19376.0 104.0 92.0 p.
3356.0 19380.0 148.0 72.0 m.
3660.0 19356.0 640.0 100.0 Cincinnati
4460.0 19360.0 396.0 112.0 Time),

2600.0 19488.0 720.0 116.0 announcing
3456.0 19488.0 180.0 96.0 his
3764.0 19492.0 500.0 92.0 decision
4396.0 19516.0 144.0 68.0 on
4676.0 19492.0 184.0 96.0 the

2600.0 19624.0 512.0 108.0 proposal
3208.0 19628.0 184.0 88.0 for
3484.0 19628.0 416.0 112.0 calling
3980.0 19652.0 72.0 68.0 a
4140.0 19624.0 420.0 116.0 special
4644.0 19652.0 172.0 68.0 ses

2596.0 19756.0 236.0 96.0 sion
2924.0 19760.0 120.0 92.0 of
3136.0 19764.0 200.0 88.0 the
3432.0 19764.0 604.0 120.0 Kentucky
4128.0 19760.0 728.0 120.0 Legislature.

2716.0 19904.0 224.0 88.0 The
3068.0 19904.0 480.0 92.0 address
3668.0 19904.0 220.0 92.0 will
4008.0 19904.0 220.0 96.0 last
4356.0 19908.0 460.0 112.0 approxi

2612.0 20036.0 408.0 112.0 mately
3164.0 20036.0 128.0 96.0 12
3440.0 20044.0 512.0 108.0 minutes,
4104.0 20044.0 192.0 92.0 the
4444.0 20048.0 412.0 92.0 station

2596.0 20176.0 268.0 108.0 said,
2960.0 20172.0 204.0 96.0 but
3264.0 20176.0 324.0 104.0 there
3676.0 20204.0 232.0 68.0 was
4004.0 20204.0 144.0 68.0 no
4248.0 20180.0 604.0 96.0 indication

2600.0 20308.0 256.0 100.0 here
2932.0 20336.0 140.0 72.0 on
3148.0 20312.0 196.0 96.0 the
3424.0 20316.0 516.0 96.0 contents
4012.0 20316.0 120.0 96.0 of
4204.0 20320.0 188.0 96.0 the
4472.0 20316.0 388.0 96.0 Gover

2604.0 20444.0 284.0 108.0 nor's
2960.0 20452.0 448.0 108.0 speech.

2728.0 20720.0 600.0 376.0 FREE
3488.0 20720.0 1240.0 392.0 LICENSES

2608.0 21368.0 204.0 132.0 For
2984.0 21372.0 748.0 140.0 Servic-rmen
3908.0 21380.0 476.0 132.0 Drivers
4560.0 21384.0 304.0 128.0 flood

2776.0 21580.0 208.0 128.0 For
3056.0 21584.0 572.0 132.0 Duration
3708.0 21588.0 152.0 132.0 Of
3928.0 21592.0 760.0 164.0 Emergency,

3024.0 21788.0 420.0 132.0 Mason
3524.0 21792.0 328.0 132.0 Clerk
3924.0 21796.0 112.0 128.0 Is
4112.0 21796.0 320.0 128.0 Told.

2612.0 22068.0 356.0 64.0 SPKC1A1.
3028.0 22072.0 456.0 68.0 DISPATCH
3548.0 22080.0 108.0 60.0 TO
3720.0 22080.0 180.0 64.0 THE
3956.0 22084.0 480.0 72.0 ENQUHKII.

2736.0 22236.0 616.0 116.0 Maysville,
3428.0 22240.0 184.0 120.0 Ky
3736.0 22244.0 260.0 116.0 July
4060.0 22240.0 120.0 100.0 23
4320.0 22244.0 124.0 100.0 In
4516.0 22272.0 68.0 68.0 a
4652.0 22248.0 160.0 96.0 rul

2616.0 22412.0 180.0 116.0 ing
2908.0 22412.0 516.0 96.0 received
3540.0 22416.0 288.0 96.0 from
3944.0 22416.0 412.0 112.0 Mayne
4476.0 22420.0 380.0 108.0 Miller,

2612.0 22584.0 660.0 120.0 Supervisor
3376.0 22584.0 124.0 96.0 of
3596.0 22584.0 644.0 116.0 Operators'
4340.0 22588.0 516.0 96.0 Licenses

2612.0 22756.0 108.0 96.0 in
2852.0 22756.0 184.0 96.0 the
3172.0 22760.0 752.0 112.0 Department
4048.0 22764.0 124.0 96.0 of
4304.0 22760.0 552.0 116.0 Revenue,

2612.0 22928.0 456.0 100.0 Charles
3204.0 22932.0 124.0 96.0 L.
3464.0 22932.0 300.0 116.0 Clift,
3904.0 22928.0 400.0 104.0 Mason
4440.0 22936.0 420.0 96.0 Circuit

2608.0 23104.0 356.0 108.0 Clerk,
3072.0 23128.0 244.0 72.0 was
3428.0 23108.0 456.0 96.0 advUed
3996.0 23104.0 344.0 116.0 today
4448.0 23112.0 124.0 92.0 of
4672.0 23112.0 184.0 96.0 the

2608.0 23276.0 464.0 120.0 validity
3160.0 23272.0 124.0 100.0 of
3368.0 23280.0 196.0 104.0 the
3656.0 23276.0 496.0 116.0 Military
4244.0 23280.0 608.0 96.0 Extension

2608.0 23444.0 456.0 104.0 License
3160.0 23448.0 344.0 112.0 given
3600.0 23452.0 112.0 96.0 to
3808.0 23448.0 556.0 96.0 members
4464.0 23452.0 120.0 96.0 of
4672.0 23456.0 184.0 96.0 the

2608.0 23624.0 380.0 96.0 armed
3060.0 23620.0 412.0 104.0 forces.

2728.0 23764.0 128.0 96.0 In
3000.0 23768.0 556.0 108.0 wartime,
3704.0 23764.0 560.0 100.0 members
4408.0 23768.0 120.0 96.0 of
4668.0 23772.0 188.0 100.0 the

2608.0 23908.0 376.0 96.0 armed
3048.0 23904.0 380.0 100.0 forces
3500.0 23908.0 500.0 100.0 received
4060.0 23908.0 616.0 112.0 operators'
4740.0 23912.0 68.0 96.0 li-

2608.0 24072.0 380.0 76.0 censes
3028.0 24048.0 488.0 100.0 without
3568.0 24052.0 240.0 96.0 cost
3860.0 24048.0 176.0 100.0 for
4084.0 24048.0 196.0 96.0 the
4332.0 24024.0 556.0 124.0 duration!

2608.0 24192.0 116.0 96.0 of
2804.0 24192.0 188.0 100.0 the
3072.0 24216.0 248.0 72.0 war
3404.0 24196.0 220.0 92.0 end
3712.0 24192.0 168.0 92.0 six
3956.0 24196.0 464.0 92.0 months
4496.0 24196.0 316.0 92.0 there-

2608.0 24336.0 320.0 96.0 after.
3028.0 24332.0 280.0 100.0 This
3380.0 24336.0 320.0 96.0 holds
3768.0 24332.0 312.0 116.0 good,
4160.0 24332.0 364.0 96.0 Miller
4588.0 24336.0 232.0 92.0 stat-

2608.0 24476.0 160.0 108.0 ed,
2876.0 24476.0 288.0 92.0 until
3280.0 24476.0 192.0 96.0 the
3588.0 24476.0 492.0 92.0 national
4196.0 24500.0 664.0 84.0 emergency

2612.0 24616.0 544.0 116.0 officially
3248.0 24620.0 212.0 96.0 has
3548.0 24616.0 272.0 96.0 been
3904.0 24616.0 524.0 100.0 declared
4512.0 24624.0 120.0 92.0 at
4712.0 24640.0 144.0 72.0 an

2612.0 24760.0 204.0 92.0 end
2888.0 24760.0 224.0 96.0 and
3184.0 24760.0 188.0 92.0 for
3444.0 24760.0 168.0 96.0 six
3684.0 24760.0 452.0 92.0 months
4204.0 24760.0 652.0 96.0 thereafter.

2692.0 24900.0 584.0 112.0 However,
3320.0 24900.0 280.0 96.0 Clift
3636.0 24900.0 480.0 112.0 warned,
4160.0 24924.0 308.0 72.0 some
4512.0 24904.0 348.0 92.0 states

2612.0 25040.0 180.0 96.0 did
2888.0 25048.0 192.0 92.0 not
3176.0 25048.0 584.0 108.0 recognize
3852.0 25044.0 184.0 96.0 the
4136.0 25044.0 516.0 92.0 issuance
4740.0 25048.0 120.0 88.0 of

2616.0 25180.0 492.0 120.0 Military
3176.0 25184.0 624.0 96.0 Extension
3876.0 25184.0 444.0 100.0 Service
4392.0 25184.0 468.0 96.0 licenses

2616.0 25324.0 216.0 96.0 and
2900.0 25328.0 88.0 96.0 it
3056.0 25324.0 372.0 112.0 might
3492.0 25324.0 136.0 96.0 be
3692.0 25328.0 272.0 96.0 such
4032.0 25328.0 468.0 108.0 drivers,
4568.0 25324.0 252.0 96.0 lack-

2616.0 25464.0 188.0 128.0 ing
2860.0 25464.0 324.0 96.0 other
3244.0 25468.0 504.0 112.0 licenses,
3808.0 25468.0 368.0 96.0 would
4236.0 25460.0 132.0 108.0 be
4432.0 25460.0 428.0 128.0 subject

2620.0 25612.0 108.0 92.0 to
2796.0 25608.0 264.0 96.0 fine.

2740.0 25748.0 364.0 96.0 Miller
3192.0 25744.0 572.0 104.0 Informed
3840.0 25748.0 280.0 100.0 Clift
4204.0 25752.0 256.0 96.0 that
4548.0 25748.0 88.0 100.0 if
4720.0 25776.0 136.0 72.0 an

2616.0 25888.0 576.0 120.0 applicant
3280.0 25892.0 280.0 96.0 with
3656.0 25892.0 500.0 120.0 Military
4252.0 25888.0 608.0 100.0 Extension

2620.0 26032.0 404.0 96.0 license
3104.0 26032.0 440.0 100.0 wished
3620.0 26036.0 112.0 96.0 to
3812.0 26032.0 384.0 100.0 obtain
4276.0 26060.0 72.0 72.0 a
4428.0 26032.0 440.0 112.0 regular

2624.0 26168.0 604.0 132.0 Kentucky
3288.0 26176.0 464.0 100.0 driver's
3808.0 26176.0 448.0 112.0 license,
4312.0 26176.0 144.0 96.0 he
4512.0 26176.0 356.0 116.0 might

2620.0 26312.0 376.0 100.0 obtain
3088.0 26316.0 96.0 96.0 it
3272.0 26320.0 480.0 92.0 without
3844.0 26312.0 764.0 100.0 examination
4692.0 26316.0 136.0 96.0 be

2628.0 26456.0 232.0 96.0 fore
2928.0 26452.0 452.0 116.0 August
3456.0 26456.0 52.0 96.0 1
3584.0 26460.0 176.0 96.0 for
3832.0 26452.0 144.0 112.0 $1.

2800.0 26756.0 476.0 136.0 QUAIL
3344.0 26760.0 964.0 124.0 PRODUCTION
4376.0 26760.0 312.0 128.0 HIT.

2736.0 26964.0 656.0 112.0 Frankfort,
3496.0 26964.0 236.0 120.0 Ky,
3832.0 26964.0 264.0 116.0 July
4192.0 26964.0 120.0 96.0 23
4456.0 26968.0 284.0 104.0 (AP)

2612.0 27096.0 264.0 100.0 This
2992.0 27100.0 368.0 116.0 year's
3480.0 27108.0 404.0 116.0 wintry
4004.0 27100.0 272.0 116.0 July
4396.0 27108.0 200.0 92.0 has
4720.0 27104.0 160.0 96.0 hit

2616.0 27236.0 292.0 112.0 quail
2980.0 27236.0 676.0 112.0 production
3728.0 27240.0 108.0 92.0 in
3900.0 27236.0 644.0 120.0 Kentucky,
4616.0 27240.0 264.0 96.0 Earl

2620.0 27376.0 508.0 108.0 Wallace,
3176.0 27376.0 320.0 92.0 State
3552.0 27376.0 344.0 100.0 Game
3960.0 27376.0 224.0 96.0 and
4248.0 27376.0 264.0 96.0 Fish
4572.0 27380.0 264.0 92.0 Com-

2620.0 27508.0 456.0 92.0 mission
3188.0 27504.0 548.0 120.0 Director,
3840.0 27512.0 244.0 96.0 said
4196.0 27512.0 336.0 112.0 today
4640.0 27516.0 244.0 92.0 that

2620.0 27664.0 204.0 92.0 CS8
2900.0 27640.0 384.0 120.0 laying
3360.0 27652.0 124.0 92.0 at
3556.0 27652.0 184.0 92.0 the
3816.0 27648.0 312.0 96.0 State
4208.0 27648.0 340.0 92.0 Farm
4624.0 27652.0 260.0 92.0 here

2624.0 27784.0 216.0 92.0 this
2924.0 27792.0 400.0 84.0 montn
3420.0 27788.0 220.0 96.0 had
3728.0 27784.0 492.0 116.0 dropped
4312.0 27788.0 296.0 96.0 from
4696.0 27788.0 188.0 92.0 the

2628.0 27924.0 424.0 92.0 normal
3124.0 27920.0 288.0 108.0 5,000
3476.0 27948.0 72.0 72.0 a
3608.0 27920.0 308.0 96.0 week
3988.0 27928.0 112.0 88.0 to
4172.0 27920.0 348.0 96.0 about
4584.0 27920.0 300.0 112.0 4,000.

2624.0 28052.0 288.0 100.0 That
3032.0 28076.0 404.0 76.0 means
3560.0 28084.0 68.0 68.0 a
3748.0 28056.0 880.0 112.0 proportionate'
4712.0 28056.0 136.0 92.0 de

2624.0 28208.0 376.0 76.0 crease
3100.0 28192.0 120.0 96.0 in
3316.0 28192.0 528.0 116.0 stocking
3936.0 28212.0 588.0 100.0 preserves
4620.0 28192.0 264.0 100.0 with

2620.0 28344.0 376.0 100.0 young
3076.0 28324.0 352.0 124.0 birds,
3516.0 28328.0 144.0 104.0 he
3748.0 28324.0 388.0 104.0 added.

4960.0 4224.0 304.0 100.0 lated
5360.0 4228.0 588.0 120.0 especially
6040.0 4224.0 112.0 104.0 In
6240.0 4228.0 560.0 100.0 Northern
6892.0 4220.0 276.0 104.0 Ken

4964.0 4360.0 376.0 120.0 tucky.

5080.0 4504.0 572.0 96.0 Chandler
5748.0 4500.0 220.0 100.0 and
6072.0 4500.0 404.0 100.0 Brown
6576.0 4520.0 192.0 80.0 are
6872.0 4496.0 268.0 120.0 long

4956.0 4640.0 272.0 96.0 time
5320.0 4640.0 492.0 116.0 political
5896.0 4648.0 516.0 92.0 enemies.
6528.0 4636.0 652.0 100.0 Chandler's

4960.0 4800.0 684.0 92.0 newspaper,
5716.0 4780.0 192.0 96.0 the
5980.0 4776.0 600.0 100.0 Woodford
6660.0 4780.0 260.0 116.0 Sun,
7000.0 4776.0 140.0 92.0 de-

4960.0 4920.0 364.0 96.0 clined
5436.0 4920.0 120.0 96.0 to
5668.0 4916.0 456.0 120.0 support
6236.0 4920.0 396.0 92.0 Brown
6744.0 4940.0 128.0 76.0 as
6984.0 4912.0 196.0 104.0 the

4960.0 5060.0 328.0 116.0 party
5356.0 5060.0 500.0 92.0 nominee
5924.0 5060.0 176.0 92.0 for
6168.0 5064.0 128.0 92.0 U.
6360.0 5060.0 104.0 92.0 S.
6524.0 5056.0 476.0 96.0 Senator
7064.0 5064.0 112.0 92.0 in

4960.0 5196.0 272.0 96.0 1946.
5352.0 5196.0 504.0 120.0 Moloney
5932.0 5196.0 220.0 96.0 and
6240.0 5196.0 400.0 96.0 Brown
6720.0 5216.0 188.0 80.0 are
6996.0 5216.0 144.0 92.0 po

4960.0 5336.0 348.0 96.0 litical
5436.0 5336.0 336.0 96.0 rivals
5892.0 5344.0 108.0 92.0 in
6128.0 5336.0 456.0 116.0 Fayette
6708.0 5336.0 468.0 112.0 County.

4956.0 5472.0 568.0 100.0 Clements
5588.0 5476.0 216.0 96.0 and
5872.0 5476.0 404.0 92.0 Brown
6348.0 5500.0 184.0 76.0 are
6596.0 5472.0 580.0 112.0 long-time

4960.0 5612.0 516.0 116.0 personal
5552.0 5612.0 448.0 96.0 friends.

5076.0 5748.0 576.0 112.0 However,
5828.0 5744.0 644.0 108.0 Clements's
6644.0 5744.0 536.0 108.0 alliances

4956.0 5892.0 268.0 92.0 with
5288.0 5888.0 188.0 100.0 the
5536.0 5892.0 548.0 96.0 Chandler
6144.0 5892.0 416.0 96.0 faction
6624.0 5892.0 220.0 100.0 and
6904.0 5888.0 272.0 96.0 with

4956.0 6028.0 512.0 120.0 Moloney
5508.0 6032.0 292.0 96.0 froze
5860.0 6028.0 400.0 96.0 Brown
6324.0 6028.0 224.0 96.0 into
6588.0 6024.0 592.0 120.0 inactivity

4956.0 6168.0 112.0 96.0 in
5140.0 6168.0 196.0 96.0 the
5408.0 6168.0 448.0 96.0 current
5924.0 6172.0 616.0 112.0 campaign.

5072.0 6308.0 364.0 96.0 There
5500.0 6308.0 624.0 116.0 reportedly
6188.0 6312.0 276.0 96.0 have
6528.0 6304.0 272.0 100.0 been
6864.0 6328.0 312.0 76.0 some

4952.0 6452.0 584.0 92.0 overtures
5624.0 6448.0 176.0 92.0 for
5884.0 6444.0 228.0 96.0 him
6204.0 6452.0 116.0 96.0 to
6396.0 6444.0 308.0 96.0 work
6796.0 6448.0 112.0 96.0 in
6996.0 6444.0 136.0 96.0 be-

4956.0 6584.0 244.0 96.0 half
5308.0 6588.0 124.0 92.0 of
5536.0 6584.0 680.0 112.0 Waterfield,
6324.0 6584.0 224.0 108.0 but,
6656.0 6588.0 88.0 100.0 if
6852.0 6584.0 320.0 96.0 there

4952.0 6724.0 284.0 96.0 have
5312.0 6724.0 280.0 96.0 been
5664.0 6744.0 244.0 92.0 any,
5984.0 6724.0 408.0 92.0 Brown
6464.0 6728.0 200.0 92.0 has
6740.0 6724.0 192.0 96.0 not
7012.0 6748.0 120.0 72.0 re-

4952.0 6860.0 524.0 116.0 sponded.
5612.0 6864.0 224.0 92.0 The
5944.0 6860.0 520.0 120.0 probable
6568.0 6884.0 396.0 72.0 reason
7080.0 6860.0 92.0 96.0 Is

4952.0 7004.0 252.0 92.0 that
5288.0 7000.0 136.0 100.0 he
5508.0 6996.0 204.0 100.0 has
5792.0 7000.0 424.0 96.0 friends
6300.0 7024.0 136.0 72.0 on
6524.0 6996.0 260.0 100.0 both
6872.0 6996.0 300.0 100.0 sides

4948.0 7140.0 224.0 92.0 and
5240.0 7160.0 228.0 92.0 any
5532.0 7140.0 456.0 116.0 activity
6052.0 7160.0 140.0 76.0 on
6260.0 7136.0 172.0 100.0 his
6492.0 7140.0 252.0 116.0 part
6808.0 7140.0 364.0 112.0 might

4948.0 7276.0 484.0 100.0 alienate
5496.0 7300.0 296.0 76.0 some
5856.0 7284.0 116.0 92.0 of
6036.0 7280.0 308.0 96.0 these
6412.0 7276.0 424.0 100.0 toward
6900.0 7276.0 268.0 96.0 him.

4944.0 7416.0 412.0 112.0 Hence,
5420.0 7412.0 484.0 104.0 Brown's
5944.0 7416.0 436.0 124.0 ajlence.
6472.0 7416.0 392.0 92.0 Brown
6912.0 7436.0 260.0 96.0 may

4952.0 7556.0 296.0 116.0 have,
5308.0 7552.0 276.0 100.0 been
5660.0 7556.0 596.0 96.0 motivated
6336.0 7552.0 228.0 96.0 also
6636.0 7552.0 144.0 116.0 by
6848.0 7576.0 68.0 72.0 a
6992.0 7552.0 132.0 100.0 be-

4956.0 7692.0 192.0 104.0 lief
5232.0 7696.0 252.0 96.0 that
5568.0 7696.0 304.0 96.0 there
5960.0 7692.0 356.0 96.0 would
6412.0 7692.0 124.0 96.0 be
6628.0 7716.0 140.0 72.0 no
6852.0 7688.0 316.0 120.0 place

4952.0 7832.0 176.0 92.0 for
5208.0 7828.0 232.0 100.0 him
5528.0 7836.0 108.0 100.0 in
5724.0 7836.0 180.0 92.0 the
5992.0 7828.0 648.0 100.0 Waterfield
6728.0 7828.0 392.0 120.0 organi-

4948.0 7972.0 400.0 92.0 zation.
5068.0 8108.0 588.0 108.0 Chandler,
5732.0 8132.0 240.0 68.0 now
6052.0 8104.0 504.0 104.0 Baseball
6632.0 8108.0 496.0 96.0 Commis-

4948.0 8248.0 404.0 104.0 sioner,
5448.0 8248.0 220.0 96.0 and
5764.0 8248.0 400.0 92.0 Brown
6260.0 8272.0 276.0 68.0 were
6636.0 8244.0 316.0 96.0 allies
7056.0 8248.0 112.0 96.0 in

4948.0 8384.0 652.0 104.0 Chandler's
5684.0 8388.0 484.0 112.0 political
6256.0 8392.0 216.0 92.0 rise
6560.0 8384.0 108.0 92.0 to
6760.0 8380.0 368.0 100.0 Gover-

4952.0 8544.0 228.0 88.0 nor,
5328.0 8528.0 200.0 92.0 but
5664.0 8520.0 440.0 120.0 quickly
6244.0 8520.0 188.0 100.0 fell
6572.0 8524.0 188.0 92.0 out
6904.0 8544.0 268.0 76.0 over

4952.0 8664.0 500.0 92.0 Brown's
5564.0 8664.0 672.0 112.0 aspirations
6348.0 8668.0 112.0 92.0 to
6564.0 8664.0 136.0 96.0 be
6816.0 8656.0 128.0 108.0 U.
7064.0 8660.0 100.0 100.0 S.

4948.0 8800.0 508.0 100.0 Senator.
5596.0 8804.0 280.0 96.0 That
5976.0 8824.0 232.0 72.0 was
6316.0 8824.0 296.0 72.0 more
6716.0 8796.0 276.0 100.0 than
7100.0 8824.0 72.0 72.0 a

4952.0 8940.0 412.0 96.0 decade
5464.0 8964.0 232.0 100.0 ago.
5824.0 8936.0 232.0 100.0 The
6156.0 8936.0 200.0 104.0 rift
6444.0 8936.0 500.0 100.0 widened
7040.0 8960.0 128.0 72.0 as

4944.0 9080.0 600.0 120.0 campaign
5604.0 9080.0 288.0 96.0 after
5932.0 9084.0 588.0 108.0 campaign
6576.0 9080.0 244.0 92.0 cast
6856.0 9076.0 312.0 100.0 them

4948.0 9240.0 124.0 72.0 as
5212.0 9216.0 688.0 104.0 adversaries
6040.0 9216.0 220.0 100.0 and
6392.0 9216.0 780.0 124.0 personalities

4948.0 9356.0 456.0 96.0 became
5460.0 9356.0 528.0 100.0 involved.

4984.0 9628.0 1772.0 380.0 Commander

5068.0 10676.0 584.0 116.0 Reducing
5704.0 10680.0 188.0 92.0 the
5948.0 10672.0 300.0 124.0 price
6304.0 10676.0 116.0 100.0 of
6468.0 10672.0 268.0 100.0 War
6784.0 10672.0 396.0 100.0 AsseU

4944.0 10816.0 924.0 96.0 Administration
5964.0 10816.0 444.0 116.0 surplus
6488.0 10812.0 488.0 104.0 vehicles
7064.0 10812.0 120.0 100.0 50

4952.0 10980.0 188.0 92.0 per
5216.0 10960.0 264.0 96.0 cent
5556.0 10960.0 168.0 92.0 for
5792.0 10960.0 524.0 92.0 veterans
6396.0 10952.0 312.0 104.0 rated
6784.0 10952.0 124.0 96.0 40
6984.0 10976.0 196.0 100.0 per

4948.0 11096.0 260.0 96.0 cent
5276.0 11096.0 492.0 96.0 disabled
5836.0 11116.0 124.0 72.0 or
6032.0 11116.0 332.0 76.0 more.

5072.0 11236.0 780.0 96.0 Construction
5972.0 11232.0 116.0 96.0 of
6208.0 11260.0 68.0 72.0 a
6388.0 11256.0 240.0 76.0 new
6744.0 11228.0 436.0 100.0 210-bcd

4944.0 11372.0 328.0 96.0 clinic
5396.0 11372.0 492.0 112.0 building
6008.0 11376.0 120.0 96.0 at
6252.0 11372.0 564.0 108.0 Outwood,
6940.0 11368.0 240.0 116.0 Ky,

4948.0 11512.0 732.0 96.0 tuberculosis
5804.0 11512.0 476.0 112.0 hospital
6412.0 11512.0 172.0 96.0 for
6704.0 11508.0 480.0 116.0 housing

4948.0 11656.0 252.0 92.0 "the
5268.0 11660.0 292.0 88.0 most
5624.0 11652.0 540.0 112.0 seriously
6228.0 11652.0 112.0 96.0 ill
6416.0 11644.0 580.0 120.0 patients."

5068.0 11796.0 236.0 92.0 The
5404.0 11816.0 244.0 72.0 sum
5740.0 11792.0 112.0 96.0 of
5952.0 11788.0 180.0 116.0 $50
6220.0 11792.0 500.0 108.0 monthly
6820.0 11792.0 116.0 88.0 to
7036.0 11784.0 144.0 100.0 all

4948.0 11928.0 376.0 100.0 World
5392.0 11932.0 268.0 96.0 War
5720.0 11928.0 108.0 100.0 II
5892.0 11936.0 520.0 88.0 veterans
6476.0 11928.0 268.0 96.0 with
6812.0 11924.0 328.0 100.0 tuber

4944.0 12068.0 440.0 112.0 culosis.

5064.0 12212.0 236.0 96.0 The
5376.0 12212.0 660.0 92.0 convention
6116.0 12204.0 348.0 104.0 called
6544.0 12208.0 172.0 96.0 for
6796.0 12204.0 344.0 100.0 "wide

4944.0 12352.0 404.0 116.0 spread
5424.0 12348.0 612.0 96.0 discussion
6108.0 12352.0 220.0 96.0 and
6400.0 12348.0 328.0 116.0 study
6800.0 12344.0 116.0 96.0 of
6992.0 12348.0 188.0 92.0 the

4944.0 12492.0 448.0 112.0 present
5452.0 12488.0 588.0 116.0 Kentucky
6096.0 12480.0 844.0 116.0 Constitution,"
6984.0 12484.0 196.0 96.0 but

4944.0 12628.0 264.0 96.0 took
5308.0 12652.0 144.0 76.0 no
5548.0 12632.0 360.0 92.0 action
6008.0 12628.0 172.0 96.0 for
6280.0 12652.0 120.0 72.0 or
6488.0 12624.0 452.0 120.0 against
7036.0 12624.0 140.0 100.0 Its

4944.0 12768.0 516.0 100.0 revision.

5084.0 12912.0 232.0 96.0 The
5388.0 12936.0 240.0 72.0 new
5696.0 12912.0 716.0 96.0 commander
6480.0 12908.0 220.0 96.0 and
6772.0 12904.0 380.0 96.0 Execu

4960.0 13060.0 220.0 92.0 tive
5248.0 13056.0 660.0 96.0 Committee
5976.0 13076.0 288.0 72.0 were
6332.0 13052.0 340.0 104.0 urged
6740.0 13052.0 116.0 96.0 to
6924.0 13048.0 268.0 96.0 take

4956.0 13204.0 304.0 112.0 steps
5320.0 13204.0 120.0 92.0 to
5496.0 13204.0 488.0 112.0 improve
6044.0 13196.0 592.0 112.0 Kentucky
6692.0 13196.0 500.0 112.0 farming

4960.0 13344.0 632.0 96.0 conditions
5648.0 13340.0 212.0 96.0 and
5928.0 13340.0 852.0 116.0 opportunities;
6852.0 13340.0 120.0 96.0 to
7040.0 13340.0 108.0 92.0 in

4956.0 13508.0 384.0 72.0 crease
5416.0 13484.0 588.0 100.0 industrial
6072.0 13484.0 852.0 120.0 opportunities;
7008.0 13480.0 140.0 100.0 ad-

4956.0 13636.0 416.0 92.0 vertise
5456.0 13624.0 684.0 120.0 Kentucky's
6216.0 13628.0 364.0 96.0 scenic
6664.0 13628.0 224.0 92.0 and
6980.0 13628.0 176.0 92.0 his-

4960.0 13772.0 396.0 96.0 torical
5428.0 13776.0 440.0 92.0 charms
5944.0 13776.0 220.0 96.0 and
6232.0 13772.0 620.0 116.0 emphasize
6932.0 13768.0 220.0 120.0 pub

4960.0 13916.0 140.0 100.0 lic
5200.0 13920.0 372.0 92.0 works
5676.0 13916.0 216.0 96.0 and
6004.0 13920.0 700.0 96.0 monuments
6812.0 13916.0 112.0 92.0 to
7036.0 13916.0 116.0 92.0 at

4960.0 14060.0 296.0 100.0 tract
5328.0 14088.0 300.0 72.0 more
5700.0 14064.0 488.0 96.0 tourists.

5076.0 14208.0 272.0 92.0 Also
5404.0 14204.0 552.0 116.0 approved
5996.0 14228.0 228.0 76.0 was
6276.0 14232.0 140.0 72.0 an
6472.0 14204.0 428.0 100.0 official
6952.0 14228.0 204.0 96.0 pro

4960.0 14344.0 220.0 96.0 test
5240.0 14352.0 116.0 88.0 to
5416.0 14352.0 188.0 88.0 the
5656.0 14348.0 544.0 92.0 Veterans
6260.0 14348.0 932.0 96.0 Administration

4960.0 14488.0 184.0 96.0 for
5212.0 14484.0 196.0 96.0 the
5448.0 14484.0 360.0 96.0 ."slow
5884.0 14488.0 220.0 92.0 and
6188.0 14484.0 624.0 96.0 inefficient
6892.0 14508.0 264.0 68.0 man-

4964.0 14624.0 260.0 100.0 ner"
5280.0 14624.0 112.0 96.0 in
5448.0 14628.0 352.0 92.0 which
5852.0 14632.0 508.0 104.0 requests
6412.0 14632.0 176.0 92.0 for
6640.0 14628.0 280.0 96.0 tools
6976.0 14628.0 220.0 92.0 and

4956.0 14768.0 648.0 116.0 equipment
5744.0 14764.0 416.0 96.0 needed
6304.0 14772.0 136.0 112.0 by
6576.0 14764.0 624.0 120.0 on-the-job

4956.0 14908.0 496.0 96.0 trainees
5560.0 14928.0 280.0 72.0 were
5948.0 14908.0 332.0 116.0 being
6384.0 14904.0 584.0 124.0 processed
7076.0 14912.0 116.0 100.0 In

4956.0 15048.0 636.0 120.0 Kentucky.

5084.0 15192.0 264.0 100.0 Vice
5468.0 15196.0 788.0 100.0 Commanders
6372.0 15204.0 412.0 96.0 elected
6900.0 15224.0 292.0 76.0 were

4956.0 15336.0 288.0 96.0 Fred
5340.0 15340.0 460.0 112.0 Houser,
5892.0 15340.0 540.0 116.0 Ashland;
6516.0 15352.0 100.0 96.0 J.
6708.0 15348.0 120.0 96.0 O.
6920.0 15344.0 224.0 96.0 Bos-

4952.0 15480.0 276.0 108.0 well,
5428.0 15476.0 692.0 120.0 Owensboro,
6312.0 15484.0 212.0 100.0 and
6712.0 15484.0 480.0 100.0 Guthrie

4952.0 15620.0 416.0 112.0 Crowe,
5452.0 15624.0 156.0 100.0 La
5684.0 15628.0 476.0 112.0 Grange.

5080.0 15764.0 124.0 100.0 G.
5288.0 15768.0 216.0 100.0 Lee
5588.0 15768.0 520.0 116.0 McClain,
6196.0 15776.0 684.0 108.0 Bardstown,
6968.0 15776.0 180.0 96.0 for

4952.0 15932.0 240.0 72.0 mer
5296.0 15912.0 312.0 96.0 State
5704.0 15912.0 552.0 116.0 Adjutant
6348.0 15916.0 500.0 116.0 General,
6956.0 15940.0 228.0 72.0 was

4956.0 16056.0 424.0 96.0 elected
5500.0 16056.0 524.0 104.0 National
6152.0 16064.0 596.0 96.0 Executive
6872.0 16068.0 272.0 100.0 Com-

4956.0 16200.0 656.0 96.0 mitteeman
5680.0 16200.0 176.0 92.0 for
5916.0 16204.0 624.0 120.0 Kentucky.
6604.0 16212.0 584.0 92.0 Alternate

4960.0 16368.0 92.0 68.0 is
5156.0 16344.0 496.0 96.0 Garland
5756.0 16344.0 120.0 100.0 V.
5980.0 16344.0 452.0 120.0 Bryant,
6536.0 16348.0 616.0 120.0 Lexington

4956.0 16484.0 920.0 104.0 Committeemen
5936.0 16492.0 120.0 92.0 at
6112.0 16492.0 304.0 120.0 large
6468.0 16520.0 188.0 72.0 are
6716.0 16500.0 476.0 100.0 Chester

4960.0 16628.0 372.0 112.0 Porta,
5504.0 16632.0 796.0 120.0 Hopkinsville,
6468.0 16640.0 216.0 96.0 and
6864.0 16648.0 328.0 92.0 Steve

4956.0 16768.0 328.0 116.0 Cash,
5348.0 16772.0 616.0 104.0 Louisville.

5084.0 16916.0 228.0 96.0 The
5384.0 16916.0 268.0 100.0 Rev.
5724.0 16924.0 140.0 96.0 M.
5936.0 16924.0 140.0 96.0 M.
6152.0 16928.0 692.0 116.0 McFarland,
6920.0 16928.0 232.0 100.0 Cov-

4960.0 17056.0 420.0 116.0 ington,
5480.0 17084.0 220.0 76.0 was
5812.0 17064.0 416.0 104.0 elected
6340.0 17072.0 512.0 116.0 chaplain
6972.0 17076.0 220.0 92.0 and

4956.0 17200.0 384.0 96.0 James
5408.0 17208.0 484.0 124.0 Warren,
5964.0 17208.0 428.0 120.0 Fulton,
6460.0 17220.0 540.0 116.0 Sergeant
7072.0 17228.0 116.0 92.0 at

4956.0 17352.0 360.0 92.0 Arms.

4796.0 18140.0 1076.0 380.0 Session
6032.0 18148.0 1148.0 472.0 Tonight

5060.0 18676.0 592.0 116.0 Proposals
5764.0 18684.0 180.0 96.0 for
6056.0 18688.0 408.0 116.0 calling
6568.0 18712.0 68.0 76.0 a
6748.0 18696.0 416.0 112.0 special

4936.0 18816.0 428.0 92.0 session
5496.0 18816.0 120.0 96.0 of
5740.0 18820.0 188.0 96.0 the
6060.0 18820.0 688.0 120.0 Legislature
6884.0 18832.0 284.0 100.0 have

4940.0 18948.0 272.0 96.0 been
5320.0 18952.0 552.0 104.0 discussed
5980.0 18960.0 108.0 92.0 in
6188.0 18964.0 480.0 116.0 political
6772.0 18964.0 396.0 100.0 circles

4936.0 19080.0 172.0 108.0 for
5228.0 19092.0 424.0 92.0 several
5768.0 19096.0 476.0 100.0 months.
6480.0 19096.0 376.0 100.0 Under
6976.0 19104.0 192.0 96.0 the

4940.0 19204.0 604.0 136.0 proposals,
5624.0 19228.0 184.0 96.0 the
5884.0 19232.0 620.0 112.0 legislators
6588.0 19240.0 360.0 96.0 would
7036.0 19244.0 128.0 92.0 be

4932.0 19360.0 348.0 96.0 asked
5372.0 19364.0 116.0 96.0 to
5584.0 19368.0 444.0 112.0 provide
6120.0 19372.0 608.0 100.0 additional
6824.0 19376.0 344.0 96.0 funds

4936.0 19496.0 176.0 100.0 for
5220.0 19500.0 536.0 96.0 teachers'
5864.0 19504.0 464.0 104.0 salaries
6428.0 19512.0 220.0 92.0 and
6760.0 19512.0 112.0 96.0 to
6984.0 19512.0 184.0 96.0 act

4936.0 19656.0 136.0 72.0 on
5144.0 19636.0 324.0 96.0 other
5528.0 19640.0 412.0 96.0 limited
6012.0 19648.0 596.0 112.0 proposals.

5052.0 19772.0 708.0 132.0 Democratic
5868.0 19780.0 428.0 96.0 leaders
6408.0 19788.0 488.0 112.0 recently
7004.0 19812.0 120.0 72.0 re-

4928.0 19908.0 372.0 116.0 jected
5396.0 19916.0 188.0 100.0 the
5676.0 19916.0 656.0 100.0 Governor's
6432.0 19924.0 512.0 112.0 proposal
7052.0 19928.0 112.0 96.0 to

4928.0 20048.0 212.0 92.0 call
5220.0 20052.0 192.0 92.0 the
5492.0 20056.0 400.0 108.0 special
5976.0 20056.0 420.0 96.0 session
6476.0 20064.0 108.0 88.0 to
6668.0 20060.0 216.0 92.0 last
6968.0 20068.0 196.0 92.0 not

4936.0 20208.0 300.0 76.0 more
5332.0 20188.0 268.0 96.0 than
5688.0 20188.0 116.0 100.0 10
5892.0 20192.0 268.0 116.0 days
6244.0 20192.0 216.0 100.0 and
6548.0 20200.0 116.0 92.0 to
6748.0 20200.0 184.0 92.0 act
7020.0 20224.0 140.0 72.0 on

4928.0 20324.0 256.0 116.0 only
5316.0 20328.0 424.0 96.0 certain
5868.0 20352.0 564.0 76.0 measures
6560.0 20332.0 328.0 96.0 listed
7028.0 20332.0 140.0 124.0 by

4932.0 20460.0 188.0 92.0 the
5200.0 20456.0 332.0 104.0 Chief
5608.0 20464.0 632.0 108.0 Executive.

4952.0 20724.0 420.0 232.0 Two
5448.0 20728.0 720.0 292.0 Charge
6240.0 20736.0 752.0 292.0 Cruelty

5208.0 21032.0 212.0 232.0 In
5516.0 21036.0 568.0 288.0 Suing
6180.0 21040.0 992.0 236.0 Husbands

5052.0 21344.0 268.0 96.0 Two
5440.0 21348.0 332.0 92.0 wives
5888.0 21352.0 476.0 88.0 charged
6492.0 21360.0 432.0 80.0 erueltv
7052.0 21360.0 104.0 80.0 In

4928.0 21484.0 288.0 92.0 suits
5288.0 21480.0 184.0 96.0 for
5536.0 21484.0 432.0 96.0 divorce
6044.0 21492.0 268.0 100.0 filed
6380.0 21496.0 592.0 120.0 yesterday
7048.0 21496.0 112.0 96.0 in

4928.0 21632.0 452.0 80.0 Kenton
5452.0 21632.0 416.0 88.0 Circuit
5940.0 21632.0 364.0 104.0 Court,
6380.0 21632.0 656.0 116.0 Covington.

5056.0 21756.0 264.0 96.0 Mrs.
5384.0 21764.0 392.0 92.0 Grade
5844.0 21760.0 508.0 96.0 McEntie
6416.0 21772.0 420.0 84.0 alleeed
6908.0 21776.0 256.0 80.0 thnt

4932.0 21896.0 592.0 96.0 Marvin
5668.0 21900.0 424.0 96.0 Sander
6236.0 21904.0 536.0 116.0 McEntie,
6916.0 21904.0 244.0 100.0 1037

4904.0 22032.0 544.0 148.0 jGreenup
5556.0 22032.0 176.0 112.0 St,
5832.0 22032.0 648.0 124.0 Covington,
6592.0 22044.0 564.0 120.0 employee

4928.0 22172.0 116.0 92.0 of
5112.0 22168.0 380.0 100.0 Christ
5552.0 22172.0 540.0 116.0 Hospital,
6164.0 22180.0 656.0 116.0 Cincinnati,
6896.0 22184.0 264.0 100.0 beat

4928.0 22308.0 224.0 96.0 her.
5284.0 22308.0 212.0 100.0 She
5560.0 22308.0 260.0 100.0 asks
5880.0 22320.0 464.0 116.0 custody
6404.0 22320.0 116.0 92.0 of
6580.0 22324.0 296.0 96.0 their
6936.0 22328.0 220.0 92.0 two

4924.0 22444.0 504.0 96.0 children
5516.0 22448.0 216.0 96.0 and
5820.0 22460.0 484.0 108.0 support.
6452.0 22460.0 228.0 96.0 The
6764.0 22460.0 388.0 116.0 couple

4928.0 22584.0 488.0 92.0 married
5484.0 22584.0 616.0 100.0 November
6168.0 22592.0 84.0 112.0 6,
6324.0 22596.0 264.0 96.0 1943.

5044.0 22720.0 312.0 96.0 Julia
5428.0 22724.0 368.0 92.0 Webb.
5868.0 22728.0 648.0 88.0 Covintrton.
6600.0 22736.0 108.0 80.0 In
6932.0 22736.0 216.0 80.0 milt

4924.0 22860.0 448.0 112.0 against
5452.0 22860.0 528.0 100.0 Marshall
6052.0 22864.0 372.0 116.0 Webb,
6496.0 22872.0 652.0 116.0 Covington,

4928.0 23016.0 324.0 72.0 seeKs
5360.0 23016.0 460.0 96.0 custody
5920.0 23016.0 120.0 80.0 or
6140.0 23016.0 292.0 88.0 their
6532.0 23016.0 292.0 92.0 child
6932.0 23016.0 220.0 88.0 and

4924.0 23132.0 492.0 116.0 alimony
5528.0 23140.0 212.0 96.0 and
5860.0 23140.0 808.0 100.0 maintenance.
6848.0 23144.0 308.0 120.0 They

4928.0 23272.0 484.0 96.0 married
5496.0 23272.0 640.0 116.0 September
6212.0 23284.0 144.0 108.0 12,
6432.0 23280.0 272.0 96.0 1942.

4936.0 23600.0 724.0 184.0 Teachers
5736.0 23604.0 380.0 184.0 Seek
6192.0 23608.0 708.0 188.0 Reaction

5192.0 23844.0 224.0 184.0 On
5500.0 23848.0 872.0 212.0 Legislative
6444.0 23860.0 716.0 216.0 Program

5036.0 24100.0 316.0 100.0 West
5420.0 24096.0 472.0 128.0 Liberty,
5964.0 24104.0 236.0 124.0 Ky,
6268.0 24112.0 260.0 120.0 July
6592.0 24112.0 120.0 100.0 12
6860.0 24112.0 284.0 108.0 (AP)

5084.0 24232.0 468.0 120.0 Morgan
5684.0 24236.0 432.0 120.0 County
6244.0 24248.0 508.0 100.0 teachers
6880.0 24252.0 288.0 100.0 have

4924.0 24372.0 352.0 96.0 called
5340.0 24400.0 136.0 68.0 on
5536.0 24376.0 644.0 96.0 candidates
6236.0 24380.0 176.0 96.0 for
6468.0 24392.0 696.0 92.0 nomination

4928.0 24532.0 124.0 68.0 as
5156.0 24508.0 312.0 96.0 State
5564.0 24512.0 916.0 112.0 Representative
6580.0 24520.0 296.0 96.0 from
6980.0 24528.0 188.0 92.0 the

4932.0 24648.0 468.0 112.0 Morgan
5436.0 24644.0 428.0 100.0 -Wolfe
6020.0 24652.0 436.0 96.0 district
6604.0 24660.0 116.0 92.0 to
6872.0 24664.0 296.0 96.0 state

4928.0 24784.0 504.0 100.0 whether
5528.0 24788.0 260.0 112.0 they
5884.0 24788.0 360.0 100.0 would
6344.0 24796.0 476.0 116.0 actively
6920.0 24824.0 212.0 92.0 sup-

4936.0 24928.0 248.0 108.0 port
5256.0 24928.0 188.0 88.0 the
5516.0 24924.0 612.0 112.0 legislative
6200.0 24952.0 516.0 92.0 program
6788.0 24936.0 120.0 92.0 of
6976.0 24936.0 192.0 96.0 the

4928.0 25060.0 600.0 116.0 Kentucky
5612.0 25060.0 732.0 104.0 Educational
6428.0 25068.0 740.0 100.0 Association.

5060.0 25204.0 260.0 96.0 Mrs.
5404.0 25200.0 436.0 100.0 Melidia
5916.0 25204.0 584.0 108.0 Falrchild,
6576.0 25204.0 596.0 100.0 President

4932.0 25340.0 116.0 92.0 of
5152.0 25340.0 188.0 96.0 the
5452.0 25336.0 456.0 116.0 Morgan
6012.0 25336.0 548.0 100.0 Teachers
6660.0 25344.0 468.0 100.0 Associa-

4936.0 25480.0 260.0 104.0 tion,
5272.0 25472.0 240.0 104.0 said
5580.0 25476.0 188.0 96.0 the
5844.0 25480.0 440.0 108.0 request
6352.0 25496.0 228.0 76.0 was
6656.0 25476.0 324.0 96.0 made
7052.0 25476.0 116.0 96.0 in

4932.0 25636.0 68.0 72.0 a
5088.0 25608.0 600.0 100.0 resolution
5776.0 25608.0 364.0 100.0 which
6228.0 25612.0 596.0 116.0 rtipulated
6916.0 25612.0 256.0 96.0 that

4932.0 25752.0 192.0 96.0 the
5196.0 25748.0 344.0 96.0 office
5608.0 25744.0 448.0 100.0 seekers
6128.0 25748.0 320.0 96.0 make
6520.0 25748.0 292.0 96.0 their
6884.0 25752.0 244.0 112.0 posi-

4932.0 25888.0 236.0 92.0 tion
5268.0 25884.0 396.0 96.0 known
5760.0 25880.0 388.0 100.0 within
6244.0 25884.0 308.0 96.0 three
6652.0 25884.0 304.0 112.0 days.

5048.0 26024.0 240.0 96.0 The
5344.0 26020.0 644.0 100.0 candidates
6044.0 26044.0 188.0 76.0 are
6288.0 26020.0 220.0 100.0 Col.
6564.0 26020.0 560.0 96.0 MIltTaul-

4932.0 26160.0 232.0 108.0 bee,
5232.0 26160.0 168.0 104.0 Lt.
5464.0 26160.0 412.0 96.0 Clifton
5936.0 26156.0 608.0 120.0 Carpenter
6608.0 26152.0 220.0 100.0 and
6892.0 26148.0 116.0 104.0 L.
7048.0 26156.0 120.0 96.0 B.

4940.0 26296.0 368.0 100.0 Wells.

5056.0 26600.0 320.0 128.0 DRY
5456.0 26596.0 460.0 124.0 RIDGE
5992.0 26596.0 480.0 124.0 HOTEL
6548.0 26588.0 504.0 128.0 OPENS,

5040.0 26808.0 232.0 112.0 Dry
5332.0 26804.0 380.0 104.0 Ridpe,
5768.0 26804.0 240.0 112.0 Ky.,
6064.0 26800.0 260.0 120.0 July
6376.0 26796.0 116.0 100.0 23
6636.0 26792.0 532.0 124.0 (Special)

5076.0 26944.0 232.0 96.0 The
5392.0 26936.0 528.0 100.0 Carlsbad
6000.0 26936.0 464.0 100.0 Mineral
6544.0 26936.0 336.0 96.0 Wells
6964.0 26932.0 216.0 96.0 and

4952.0 27080.0 368.0 108.0 Hotel,
5400.0 27080.0 228.0 120.0 Dry
5700.0 27080.0 384.0 112.0 Ridge,
6164.0 27080.0 212.0 104.0 will
6456.0 27076.0 128.0 96.0 be
6664.0 27076.0 520.0 104.0 formally

4960.0 27216.0 584.0 104.0 dedicated
5636.0 27220.0 116.0 92.0 at
5844.0 27212.0 232.0 100.0 7:30
6172.0 27240.0 92.0 88.0 p.
6360.0 27240.0 132.0 72.0 m.
6588.0 27216.0 600.0 96.0 tomorrow

4960.0 27360.0 268.0 96.0 with
5304.0 27380.0 68.0 72.0 a
5440.0 27356.0 384.0 96.0 dinner
5900.0 27360.0 116.0 92.0 at
6084.0 27360.0 184.0 92.0 the
6340.0 27352.0 324.0 104.0 hotel.
6740.0 27352.0 444.0 96.0 Several

4964.0 27500.0 292.0 92.0 state
5344.0 27492.0 480.0 96.0 officials
5908.0 27516.0 192.0 72.0 arc
6180.0 27504.0 108.0 88.0 to
6372.0 27496.0 340.0 112.0 speak
6800.0 27496.0 120.0 92.0 at
7000.0 27492.0 192.0 92.0 the

4960.0 27656.0 620.0 92.0 ceremony.
5644.0 27632.0 228.0 100.0 The
5940.0 27636.0 372.0 92.0 health
6384.0 27640.0 380.0 100.0 resort,
6840.0 27632.0 344.0 92.0 under

4964.0 27772.0 756.0 96.0 construction
5808.0 27772.0 176.0 96.0 for
6060.0 27772.0 184.0 96.0 the
6328.0 27772.0 212.0 96.0 last
6616.0 27792.0 272.0 96.0 year
6972.0 27764.0 216.0 96.0 and

4964.0 27936.0 72.0 72.0 a
5108.0 27908.0 272.0 112.0 half,
5456.0 27912.0 200.0 92.0 has
5732.0 27904.0 120.0 100.0 30
5928.0 27932.0 392.0 72.0 rooms.
6452.0 27908.0 104.0 96.0 It
6636.0 27912.0 92.0 92.0 is
6800.0 27904.0 392.0 96.0 owned

4964.0 28048.0 144.0 116.0 by
5204.0 28044.0 364.0 120.0 Ralph
5660.0 28044.0 428.0 124.0 Taylor,
6184.0 28044.0 232.0 120.0 Dry
6508.0 28044.0 360.0 116.0 Ridge
6968.0 28040.0 228.0 100.0 real

4968.0 28188.0 360.0 96.0 estate
5404.0 28184.0 396.0 100.0 dealer.
5932.0 28184.0 292.0 100.0 John
6296.0 28184.0 144.0 100.0 M.
6512.0 28188.0 520.0 116.0 Simpson
7100.0 28184.0 100.0 100.0 Is

5016.0 28344.0 576.0 100.0 manager.

7720.0 2672.0 528.0 384.0 FIRE
8392.0 2672.0 656.0 376.0 LOSS

7272.0 3328.0 2212.0 284.0 MayExceed$100,000

7264.0 3872.0 156.0 136.0 As
7600.0 3872.0 356.0 132.0 Blaze
8132.0 3872.0 556.0 172.0 Destroys
8868.0 3868.0 644.0 176.0 Lexington

7504.0 4076.0 536.0 176.0 Building
8108.0 4080.0 572.0 168.0 Occupied
8752.0 4080.0 168.0 164.0 By
8988.0 4084.0 184.0 132.0 Tw

7764.0 4288.0 548.0 132.0 Business
8380.0 4288.0 616.0 132.0 Concerns.

7380.0 4552.0 660.0 132.0 Lexington,
8132.0 4560.0 240.0 116.0 Ky,
8464.0 4560.0 260.0 124.0 July
8812.0 4560.0 120.0 96.0 23
9072.0 4560.0 300.0 104.0 (AP)

7256.0 4700.0 508.0 120.0 Damage
7820.0 4704.0 272.0 96.0 whic
8152.0 4748.0 36.0 56.0 i
8236.0 4704.0 572.0 96.0 Assistant
8860.0 4704.0 260.0 100.0 Fire
9172.0 4700.0 332.0 100.0 Chief

7260.0 4840.0 408.0 120.0 Shelby
7772.0 4848.0 136.0 96.0 D.
8012.0 4844.0 672.0 116.0 Armstrong
8788.0 4848.0 244.0 96.0 said
9140.0 4848.0 360.0 112.0 might

7260.0 4984.0 400.0 100.0 exceed
7716.0 4984.0 464.0 116.0 $100,000
8240.0 4984.0 484.0 100.0 resulted
8780.0 4984.0 344.0 120.0 today
9176.0 4988.0 324.0 92.0 when

7256.0 5148.0 72.0 72.0 a
7448.0 5128.0 712.0 120.0 spectacular
8280.0 5128.0 308.0 100.0 blaze
8712.0 5128.0 596.0 116.0 destroyed
9436.0 5152.0 64.0 72.0 a

7256.0 5256.0 632.0 112.0 downtown
7944.0 5268.0 620.0 120.0 Lexington
8620.0 5264.0 504.0 124.0 building
9180.0 5272.0 280.0 96.0 hous

7260.0 5412.0 192.0 116.0 ing
7516.0 5412.0 224.0 100.0 two
7804.0 5408.0 508.0 100.0 business
8372.0 5432.0 564.0 76.0 concerns.

7380.0 5552.0 232.0 104.0 The
7736.0 5552.0 524.0 116.0 building,
8380.0 5552.0 432.0 96.0 located
8932.0 5576.0 140.0 72.0 on
9192.0 5552.0 304.0 96.0 West

7264.0 5688.0 332.0 108.0 Short
7676.0 5696.0 396.0 112.0 Street,
8160.0 5696.0 416.0 96.0 housed
8656.0 5696.0 184.0 96.0 the
8928.0 5692.0 320.0 104.0 Dixie
9332.0 5696.0 128.0 96.0 In-

7256.0 5836.0 492.0 100.0 sulation
7844.0 5836.0 188.0 104.0 Co.
8124.0 5836.0 216.0 96.0 and
8436.0 5844.0 448.0 108.0 storage
8980.0 5836.0 520.0 120.0 quarters

7260.0 5976.0 120.0 100.0 of
7424.0 5980.0 192.0 96.0 the
7672.0 5976.0 372.0 104.0 Llebel
8100.0 5976.0 412.0 116.0 Supply
8564.0 5976.0 180.0 96.0 Co.
8864.0 5972.0 264.0 104.0 Two
9180.0 5980.0 320.0 100.0 other

7260.0 6116.0 512.0 104.0 business
7840.0 6124.0 408.0 96.0 houses
8308.0 6140.0 288.0 76.0 were
8664.0 6116.0 548.0 116.0 damaged
9280.0 6120.0 216.0 96.0 and

7260.0 6264.0 184.0 96.0 the
7524.0 6260.0 632.0 120.0 Lexington
8336.0 6260.0 416.0 116.0 rphans
8832.0 6260.0 356.0 100.0 Home
9272.0 6284.0 228.0 72.0 was

7260.0 6404.0 744.0 120.0 endangered.

7356.0 6548.0 232.0 104.0 "An
7688.0 6556.0 524.0 100.0 accurate
8252.0 6548.0 516.0 100.0 estimate
8808.0 6548.0 120.0 96.0 of
8964.0 6548.0 536.0 120.0 damages

7252.0 6684.0 420.0 96.0 cannot
7812.0 6684.0 128.0 100.0 be
8076.0 6684.0 320.0 96.0 made
8524.0 6692.0 124.0 88.0 at
8776.0 6684.0 232.0 92.0 this
9132.0 6680.0 364.0 120.0 time,"

7252.0 6824.0 332.0 100.0 Chief
7684.0 6824.0 676.0 116.0 Armstrong
8452.0 6824.0 248.0 96.0 said
8804.0 6824.0 224.0 96.0 late
9128.0 6824.0 368.0 116.0 today.

7316.0 6964.0 196.0 100.0 We
7612.0 6968.0 308.0 96.0 don't
8020.0 6964.0 328.0 96.0 know
8444.0 6964.0 144.0 96.0 all
8692.0 6964.0 192.0 96.0 the
8980.0 6968.0 520.0 96.0 contents

7252.0 7108.0 124.0 96.0 of
7464.0 7112.0 188.0 96.0 the
7748.0 7108.0 592.0 112.0 buildings.
8496.0 7108.0 220.0 96.0 But
8804.0 7104.0 196.0 96.0 the
9092.0 7112.0 224.0 96.0 loss
9404.0 7108.0 96.0 96.0 Is

7252.0 7276.0 256.0 72.0 sure
7616.0 7256.0 116.0 92.0 to
7848.0 7252.0 132.0 92.0 be
8088.0 7252.0 288.0 92.0 close
8488.0 7252.0 112.0 92.0 to
8708.0 7244.0 464.0 112.0 $100,000
9276.0 7248.0 220.0 100.0 and

7256.0 7388.0 492.0 124.0 possibly
7828.0 7388.0 220.0 96.0 will
8132.0 7388.0 128.0 100.0 be
8344.0 7412.0 300.0 80.0 more
8732.0 7392.0 272.0 96.0 than
9092.0 7388.0 284.0 104.0 that

7376.0 7532.0 256.0 100.0 "We
7756.0 7532.0 304.0 100.0 don't
8176.0 7532.0 324.0 96.0 know
8616.0 7532.0 244.0 96.0 how
8976.0 7532.0 188.0 100.0 the
9280.0 7536.0 216.0 96.0 fire

7252.0 7672.0 428.0 104.0 started
7756.0 7700.0 124.0 72.0 or
7948.0 7676.0 396.0 96.0 where.
8480.0 7668.0 440.0 100.0 Flames
8992.0 7696.0 288.0 80.0 were
9352.0 7672.0 140.0 96.0 all

7252.0 7836.0 260.0 72.0 over
7584.0 7820.0 188.0 96.0 the
7844.0 7816.0 308.0 120.0 place
8216.0 7816.0 320.0 92.0 when
8600.0 7836.0 164.0 72.0 we
8828.0 7816.0 196.0 116.0 got
9088.0 7808.0 408.0 104.0 there."

7380.0 7956.0 520.0 96.0 Firemen
7980.0 7984.0 292.0 68.0 were
8356.0 7956.0 352.0 100.0 called
8788.0 7960.0 120.0 92.0 at
8988.0 7952.0 464.0 120.0 approxi-

7256.0 8100.0 420.0 120.0 mately
7756.0 8100.0 120.0 96.0 10
7960.0 8124.0 96.0 72.0 a.
8144.0 8124.0 140.0 76.0 m.
8368.0 8096.0 296.0 100.0 after
8748.0 8124.0 68.0 68.0 a
8896.0 8096.0 188.0 120.0 big
9172.0 8096.0 324.0 96.0 black

7248.0 8240.0 320.0 96.0 cloud
7668.0 8244.0 128.0 92.0 of
7884.0 8240.0 388.0 100.0 smoke
8372.0 8236.0 536.0 120.0 exploded
9008.0 8244.0 484.0 112.0 through

7252.0 8384.0 188.0 96.0 the
7544.0 8392.0 252.0 92.0 roof
7900.0 8384.0 120.0 92.0 of
8124.0 8384.0 188.0 96.0 the
8412.0 8376.0 400.0 120.0 supply
8908.0 8404.0 584.0 92.0 company.

7252.0 8524.0 232.0 96.0 The
7568.0 8524.0 220.0 100.0 fire
7872.0 8548.0 228.0 72.0 was
8180.0 8524.0 200.0 96.0 out
8460.0 8524.0 116.0 92.0 of
8660.0 8524.0 432.0 92.0 control
9176.0 8524.0 316.0 92.0 when

7252.0 8664.0 476.0 100.0 firemen
7832.0 8668.0 480.0 96.0 arrived.
8480.0 8660.0 408.0 104.0 Smoke
8988.0 8660.0 508.0 100.0 billowed

7252.0 8808.0 436.0 96.0 several
7772.0 8808.0 508.0 96.0 hundred
8360.0 8800.0 232.0 104.0 feet
8668.0 8804.0 112.0 100.0 in
8860.0 8804.0 192.0 100.0 the
9132.0 8808.0 176.0 96.0 air
9376.0 8804.0 120.0 104.0 at

7252.0 8948.0 192.0 100.0 the
7504.0 8952.0 396.0 116.0 height
7952.0 8948.0 124.0 96.0 of
8128.0 8948.0 192.0 96.0 the
8376.0 8944.0 340.0 100.0 blaze.

7376.0 9088.0 556.0 120.0 Property
8036.0 9088.0 220.0 96.0 lost
8368.0 9088.0 508.0 96.0 included
8988.0 9088.0 464.0 116.0 approxi

7256.0 9232.0 408.0 116.0 mately
7784.0 9232.0 396.0 112.0 $25,000
8288.0 9232.0 360.0 92.0 worth
8760.0 9228.0 120.0 96.0 of
9000.0 9224.0 496.0 116.0 portable

7256.0 9372.0 564.0 112.0 sawmills,
7972.0 9368.0 336.0 108.0 $6,000
8448.0 9364.0 360.0 100.0 worth
8960.0 9372.0 124.0 96.0 of
9228.0 9368.0 268.0 100.0 milk

7260.0 9512.0 440.0 112.0 bottles,
7840.0 9516.0 220.0 96.0 two
8200.0 9512.0 376.0 96.0 school
8720.0 9504.0 420.0 120.0 busses,
9288.0 9516.0 216.0 92.0 two

7260.0 9652.0 420.0 112.0 trucks,
7780.0 9656.0 220.0 96.0 two
8096.0 9652.0 760.0 116.0 automobiles,
8956.0 9652.0 180.0 100.0 200
9236.0 9648.0 268.0 116.0 bags

7260.0 9800.0 116.0 96.0 of
7476.0 9796.0 624.0 116.0 insulating
8196.0 9792.0 572.0 100.0 materials
8860.0 9796.0 228.0 96.0 and
9188.0 9796.0 320.0 96.0 other

7264.0 9940.0 520.0 116.0 supplies.
8108.0 10008.0 20.0 36.0 ,

7388.0 10080.0 268.0 100.0 Earl
7736.0 10080.0 132.0 104.0 R.
7940.0 10080.0 612.0 112.0 McDaniel,
8624.0 10080.0 212.0 96.0 fire
8916.0 10080.0 592.0 116.0 inspector,

7268.0 10220.0 428.0 100.0 termed
7760.0 10224.0 188.0 96.0 the
8012.0 10220.0 500.0 120.0 building
8572.0 10248.0 68.0 72.0 a
8696.0 10216.0 276.0 100.0 "fire
9036.0 10212.0 476.0 104.0 hazard''

7264.0 10364.0 204.0 96.0 but
7544.0 10364.0 140.0 96.0 he
7760.0 10364.0 244.0 104.0 said
8084.0 10368.0 88.0 96.0 it
8248.0 10388.0 224.0 68.0 was
8552.0 10388.0 144.0 88.0 up
8776.0 10364.0 112.0 92.0 to
8968.0 10360.0 540.0 100.0 standard

7268.0 10532.0 124.0 68.0 as
7504.0 10504.0 184.0 100.0 far
7796.0 10532.0 128.0 72.0 as
8036.0 10528.0 400.0 104.0 proper
8544.0 10504.0 208.0 100.0 fire
8864.0 10500.0 648.0 120.0 preventive

7272.0 10648.0 784.0 96.0 maintenance
8148.0 10672.0 232.0 68.0 was
8472.0 10644.0 648.0 104.0 concerned,
9280.0 10644.0 228.0 96.0 The

7272.0 10784.0 496.0 128.0 building
7860.0 10788.0 212.0 100.0 had
8160.0 10792.0 192.0 96.0 not
8432.0 10784.0 272.0 100.0 been
8788.0 10784.0 720.0 100.0 condemned.

7260.0 11124.0 788.0 184.0 Louisville
8128.0 11124.0 428.0 184.0 Store
8628.0 11124.0 572.0 208.0 Burns;

7660.0 11368.0 356.0 180.0 Loss
8108.0 11364.0 140.0 188.0 ts
8332.0 11364.0 392.0 180.0 Near
8808.0 11364.0 708.0 212.0 $80,000

7392.0 11636.0 632.0 108.0 Louisville.
8136.0 11644.0 232.0 116.0 Ky,
8468.0 11640.0 264.0 116.0 July
8836.0 11640.0 124.0 96.0 23
9104.0 11640.0 288.0 104.0 (AP)

7276.0 11780.0 92.0 96.0 A
7464.0 11784.0 212.0 96.0 fire
7772.0 11792.0 120.0 88.0 at
7980.0 11780.0 400.0 116.0 Topp's
8472.0 11780.0 284.0 96.0 Shoe
8848.0 11780.0 320.0 100.0 Store
9268.0 11784.0 260.0 92.0 here

7272.0 11920.0 340.0 116.0 today
7692.0 11916.0 532.0 120.0 virtually
8300.0 11916.0 516.0 96.0 "ru'ned"
8896.0 11924.0 192.0 96.0 the
9168.0 11920.0 360.0 96.0 firm's

7268.0 12060.0 324.0 92.0 stock
7664.0 12064.0 120.0 92.0 of
7860.0 12060.0 356.0 112.0 shoes,
8288.0 12056.0 444.0 116.0 hosiery
8800.0 12060.0 228.0 92.0 and
9100.0 12080.0 424.0 92.0 purses,

7276.0 12196.0 388.0 116.0 Myron
7764.0 12196.0 128.0 96.0 G.
7988.0 12192.0 500.0 116.0 Lawson,
8580.0 12220.0 572.0 92.0 manager,
9252.0 12196.0 244.0 96.0 said

7264.0 12332.0 172.0 96.0 He
7612.0 12336.0 596.0 96.0 estimated
8380.0 12340.0 472.0 108.0 damage
9020.0 12332.0 504.0 100.0 between

7268.0 12468.0 404.0 116.0 $75,000
7760.0 12476.0 220.0 96.0 and
8072.0 12472.0 424.0 112.0 $80,000.
8648.0 12472.0 392.0 116.0 Origin
9128.0 12476.0 128.0 96.0 of
9336.0 12476.0 188.0 96.0 the

7272.0 12612.0 304.0 96.0 blaze
7644.0 12636.0 236.0 72.0 was
7952.0 12612.0 880.0 100.0 undetermined.

7248.0 12948.0 532.0 236.0 Fires
7856.0 12944.0 1344.0 292.0 Extinguished

7404.0 13256.0 216.0 232.0 In
7776.0 13256.0 872.0 288.0 Newport
8808.0 13256.0 548.0 232.0 Store

7580.0 13564.0 432.0 232.0 And
8092.0 13564.0 520.0 232.0 State
8716.0 13560.0 796.0 252.0 Theater

7376.0 13904.0 320.0 104.0 Fires
7800.0 13908.0 364.0 96.0 which
8272.0 13904.0 340.0 104.0 broke
8720.0 13912.0 192.0 96.0 out
9016.0 13908.0 464.0 108.0 simulta

7256.0 14052.0 464.0 112.0 neously
7776.0 14048.0 116.0 96.0 in
7960.0 14076.0 76.0 76.0 a
8084.0 14048.0 536.0 116.0 Newport
8684.0 14072.0 472.0 96.0 grocery
9216.0 14056.0 300.0 92.0 store

7256.0 14192.0 220.0 96.0 and
7564.0 14192.0 448.0 96.0 theater
8092.0 14192.0 216.0 100.0 last
8396.0 14192.0 320.0 116.0 night
8788.0 14212.0 296.0 80.0 were
9168.0 14192.0 308.0 100.0 extin

7260.0 14328.0 468.0 112.0 guished
7796.0 14336.0 272.0 92.0 with
8136.0 14336.0 256.0 112.0 only
8460.0 14336.0 364.0 88.0 minor
8884.0 14332.0 508.0 116.0 damage.

7380.0 14468.0 100.0 92.0 A
7556.0 14468.0 344.0 116.0 blaze,
7976.0 14468.0 368.0 100.0 which
8420.0 14468.0 432.0 96.0 started
8932.0 14472.0 148.0 108.0 1.
9128.0 14496.0 72.0 72.0 a
9256.0 14492.0 232.0 92.0 cup-

7264.0 14604.0 340.0 96.0 board
7724.0 14616.0 112.0 92.0 in
7944.0 14612.0 192.0 96.0 the
8248.0 14608.0 324.0 120.0 lobby
8668.0 14612.0 120.0 96.0 of
8896.0 14612.0 196.0 100.0 the
9208.0 14612.0 312.0 92.0 State

7256.0 14744.0 520.0 120.0 Theater,
7840.0 14748.0 188.0 104.0 716
8092.0 14752.0 656.0 96.0 Monmouth
8820.0 14756.0 192.0 108.0 St:,
9080.0 14748.0 192.0 104.0 did
9340.0 14744.0 184.0 116.0 $20

7256.0 14884.0 476.0 116.0 damage
7852.0 14892.0 112.0 96.0 to
8084.0 14892.0 560.0 116.0 cupboard
8764.0 14892.0 220.0 96.0 and
9112.0 14892.0 404.0 112.0 ceiling

7252.0 15024.0 348.0 100.0 above
7688.0 15032.0 116.0 112.0 it,
7888.0 15032.0 472.0 96.0 firemen
8444.0 15032.0 276.0 100.0 said.
8860.0 15036.0 108.0 92.0 It
9048.0 15032.0 184.0 100.0 did
9320.0 15040.0 180.0 88.0 not

7252.0 15168.0 560.0 120.0 interrupt
7884.0 15172.0 184.0 96.0 the
8144.0 15172.0 416.0 96.0 motion
8636.0 15172.0 464.0 120.0 picture.

7372.0 15312.0 92.0 96.0 A
7548.0 15316.0 216.0 92.0 fire
7844.0 15316.0 116.0 96.0 at
8044.0 15316.0 184.0 92.0 the
8312.0 15312.0 652.0 100.0 Baumbach
9048.0 15340.0 464.0 96.0 grocery

7248.0 15452.0 332.0 108.0 store,
7700.0 15452.0 248.0 104.0 10th
8060.0 15460.0 152.0 96.0 St.
8324.0 15460.0 220.0 96.0 and
8640.0 15460.0 460.0 96.0 Central
9212.0 15460.0 296.0 112.0 Ave,

7248.0 15588.0 436.0 104.0 started
7812.0 15596.0 108.0 96.0 In
8048.0 15608.0 136.0 88.0 ah
8316.0 15600.0 672.0 100.0 overheated
9116.0 15608.0 392.0 104.0 motor,

7248.0 15736.0 476.0 100.0 firemen
7788.0 15740.0 484.0 104.0 learned.
8396.0 15740.0 504.0 120.0 Damage
8960.0 15764.0 236.0 76.0 was
9260.0 15744.0 208.0 96.0 esti-

7252.0 15884.0 372.0 96.0 mated
7712.0 15892.0 120.0 88.0 at
7912.0 15880.0 208.0 108.0 $80.

7372.0 16028.0 96.0 92.0 A
7532.0 16028.0 488.0 92.0 careless
8092.0 16028.0 444.0 100.0 smoker
8604.0 16028.0 172.0 96.0 set
8848.0 16032.0 216.0 96.0 fire
9136.0 16032.0 116.0 96.0 to
9324.0 16032.0 184.0 92.0 the

7252.0 16168.0 680.0 92.0 automobile
7988.0 16168.0 120.0 100.0 of
8164.0 16176.0 124.0 92.0 A.
8348.0 16176.0 124.0 92.0 A.
8532.0 16168.0 676.0 116.0 Blackburn,
9268.0 16168.0 248.0 100.0 1423

7248.0 16304.0 208.0 100.0 Old
7520.0 16312.0 316.0 96.0 State
7896.0 16312.0 232.0 108.0 Rd,
8172.0 16312.0 300.0 96.0 Park
8532.0 16312.0 320.0 108.0 Hills,
8912.0 16320.0 224.0 96.0 last
9196.0 16320.0 316.0 112.0 night

7256.0 16452.0 316.0 96.0 when
7652.0 16456.0 88.0 96.0 it
7812.0 16476.0 232.0 72.0 was
8120.0 16452.0 420.0 116.0 parked
8616.0 16456.0 116.0 92.0 in
8800.0 16460.0 196.0 92.0 the
9072.0 16484.0 256.0 72.0 rear
9396.0 16460.0 120.0 96.0 of

7252.0 16588.0 180.0 96.0 720
7524.0 16596.0 512.0 96.0 Madison
8132.0 16604.0 292.0 100.0 Ave,
8516.0 16596.0 660.0 116.0 Covington,
9268.0 16604.0 220.0 100.0 fire-

7256.0 16756.0 248.0 72.0 men
7588.0 16736.0 548.0 116.0 reported.
8276.0 16740.0 508.0 108.0 Damage
8860.0 16752.0 116.0 92.0 to
9056.0 16748.0 192.0 92.0 the
9324.0 16768.0 192.0 76.0 car

7256.0 16896.0 224.0 76.0 was
7620.0 16880.0 596.0 100.0 estimated
8348.0 16888.0 120.0 92.0 at
8600.0 16880.0 208.0 108.0 $25.
8996.0 16884.0 516.0 96.0 Firemen

7252.0 17020.0 244.0 96.0 said
7600.0 17020.0 252.0 100.0 that
7952.0 17048.0 68.0 72.0 a
8120.0 17024.0 540.0 112.0 cigarette
8768.0 17028.0 216.0 96.0 had
9088.0 17028.0 420.0 116.0 ignited

7256.0 17160.0 188.0 92.0 the
7572.0 17164.0 768.0 120.0 upholstering
8472.0 17172.0 104.0 96.0 in
8708.0 17168.0 184.0 104.0 the
9024.0 17196.0 252.0 76.0 rear
9400.0 17176.0 116.0 96.0 of

7256.0 17300.0 188.0 96.0 the
7516.0 17324.0 224.0 76.0 car.

7252.0 17600.0 1164.0 248.0 Substations
8504.0 17612.0 624.0 240.0 Listed

7348.0 17912.0 376.0 236.0 For
7784.0 17920.0 756.0 236.0 Drivers
8664.0 17924.0 852.0 240.0 Licenses

7388.0 18252.0 456.0 112.0 Kenton
7896.0 18264.0 440.0 116.0 County
8392.0 18268.0 576.0 100.0 motorists
9028.0 18296.0 264.0 96.0 may
9344.0 18268.0 136.0 104.0 ob

7260.0 18424.0 240.0 96.0 tain
7596.0 18428.0 300.0 104.0 their
7984.0 18428.0 412.0 100.0 1947-48
8488.0 18436.0 460.0 100.0 driver's
9048.0 18440.0 472.0 100.0 licenses

7256.0 18588.0 124.0 100.0 at
7480.0 18592.0 192.0 100.0 the
7780.0 18596.0 572.0 124.0 following
8456.0 18604.0 228.0 96.0 five
8788.0 18604.0 724.0 120.0 substations,

7256.0 18760.0 488.0 120.0 opening
7840.0 18764.0 120.0 96.0 of
8052.0 18768.0 368.0 96.0 which
8520.0 18796.0 232.0 76.0 was
8848.0 18780.0 664.0 92.0 announced

7252.0 18928.0 600.0 120.0 yesterday
7924.0 18928.0 144.0 124.0 by
8132.0 18936.0 292.0 100.0 John
8500.0 18940.0 120.0 100.0 A.
8692.0 18936.0 456.0 120.0 Hcrold,
9224.0 18944.0 244.0 96.0 Ken-

7256.0 19092.0 188.0 104.0 ton
7528.0 19092.0 448.0 124.0 County
8048.0 19100.0 360.0 100.0 Clerk.

7380.0 19256.0 716.0 108.0 Substations
8168.0 19292.0 236.0 76.0 are:
8556.0 19272.0 116.0 100.0 T.
8748.0 19272.0 140.0 96.0 M.
8972.0 19276.0 544.0 100.0 Swindler

7252.0 19424.0 496.0 108.0 Funeral
7864.0 19436.0 388.0 116.0 Home,
8372.0 19436.0 176.0 100.0 214
8668.0 19440.0 164.0 100.0 W.
8952.0 19444.0 556.0 100.0 Southern

7252.0 19596.0 296.0 112.0 Ave,
7644.0 19596.0 524.0 120.0 Latonia;
8276.0 19608.0 504.0 96.0 Elsmere
8876.0 19612.0 324.0 120.0 Drug
9296.0 19616.0 216.0 108.0 Co.,

7252.0 19732.0 184.0 92.0 407
7496.0 19740.0 324.0 96.0 Dixie
7888.0 19740.0 584.0 120.0 Highway,
8544.0 19748.0 600.0 116.0 Erlanger;
9220.0 19748.0 100.0 100.0 J.
9396.0 19752.0 112.0 96.0 B.

7256.0 19880.0 572.0 88.0 Kobinson
7972.0 19880.0 612.0 96.0 Insurance
8724.0 19880.0 468.0 104.0 Offices.
9332.0 19884.0 180.0 96.0 614

7252.0 20000.0 428.0 104.0 Linden
7756.0 20012.0 188.0 108.0 St,
8016.0 20012.0 500.0 116.0 Ludlow;
8596.0 20016.0 632.0 120.0 Covington
9300.0 20024.0 168.0 96.0 Au-

7256.0 20144.0 524.0 100.0 tomobile
7884.0 20148.0 304.0 108.0 Club,
8292.0 20152.0 184.0 96.0 413
8580.0 20152.0 312.0 96.0 Scott
8996.0 20160.0 188.0 96.0 St..
9292.0 20160.0 220.0 92.0 and

7256.0 20280.0 184.0 96.0 the
7552.0 20284.0 444.0 116.0 County
8104.0 20284.0 420.0 100.0 Clerk's
8632.0 20292.0 348.0 96.0 office
9092.0 20296.0 120.0 92.0 at
9320.0 20296.0 188.0 92.0 the

7256.0 20412.0 844.0 120.0 Independence
8184.0 20424.0 724.0 100.0 Courthouse.

7380.0 20552.0 616.0 112.0 Operators
8088.0 20560.0 400.0 100.0 unable
8588.0 20564.0 112.0 92.0 to
8792.0 20564.0 264.0 96.0 visit
9152.0 20564.0 360.0 96.0 either

7252.0 20688.0 116.0 92.0 of
7472.0 20692.0 188.0 96.0 the
7764.0 20692.0 348.0 96.0 above
8216.0 20696.0 692.0 100.0 substations
9008.0 20724.0 128.0 68.0 or
9236.0 20700.0 232.0 96.0 Hcr-

7252.0 20824.0 272.0 100.0 old's
7616.0 20832.0 432.0 108.0 offices,
8144.0 20856.0 256.0 92.0 may
8488.0 20828.0 376.0 104.0 obtain
8960.0 20836.0 300.0 96.0 their
9348.0 20856.0 116.0 76.0 re-

7256.0 20964.0 416.0 96.0 newals
7772.0 20968.0 484.0 116.0 through
8356.0 20992.0 72.0 72.0 a
8524.0 20976.0 520.0 108.0 personal
9152.0 20996.0 312.0 88.0 repre-

7252.0 21100.0 556.0 100.0 sentative
7904.0 21128.0 124.0 76.0 or
8116.0 21104.0 140.0 120.0 by
8340.0 21108.0 264.0 96.0 mail
8696.0 21128.0 296.0 88.0 upon
9088.0 21108.0 416.0 112.0 receipt

7252.0 21236.0 116.0 92.0 of
7452.0 21236.0 196.0 96.0 the
7736.0 21240.0 180.0 92.0 old
8004.0 21240.0 404.0 100.0 license
8500.0 21236.0 220.0 100.0 and
8808.0 21244.0 192.0 92.0 the
9088.0 21236.0 120.0 112.0 $1
9292.0 21240.0 208.0 100.0 fee.

7248.0 21368.0 96.0 92.0 A
7412.0 21372.0 868.0 100.0 self-addressed
8356.0 21380.0 520.0 108.0 envelope
8956.0 21380.0 296.0 92.0 must
9332.0 21400.0 128.0 72.0 ac

7248.0 21528.0 556.0 100.0 company
7888.0 21512.0 184.0 96.0 the
8164.0 21516.0 472.0 108.0 request,
8720.0 21512.0 420.0 96.0 Hcrold
9228.0 21512.0 272.0 96.0 said.

7248.0 21648.0 232.0 84.0 The
7544.0 21648.0 180.0 92.0 old
7792.0 21648.0 464.0 96.0 licenses
8320.0 21652.0 372.0 108.0 expire
8756.0 21648.0 116.0 92.0 at
8940.0 21648.0 564.0 112.0 midnight

7244.0 21776.0 268.0 116.0 July
7604.0 21780.0 152.0 96.0 31.
7912.0 21780.0 512.0 100.0 Herold's
8516.0 21780.0 404.0 100.0 offices
9016.0 21784.0 220.0 96.0 will
9344.0 21808.0 116.0 72.0 re

7248.0 21916.0 304.0 88.0 main
7692.0 21940.0 284.0 92.0 open
8112.0 21916.0 276.0 96.0 until
8528.0 21920.0 56.0 92.0 9
8716.0 21940.0 96.0 92.0 p.
8956.0 21940.0 140.0 72.0 m.
9240.0 21920.0 260.0 96.0 next

7248.0 22052.0 708.0 116.0 Wednesday
8064.0 22056.0 216.0 96.0 and
8392.0 22052.0 592.0 116.0 Thursday
9100.0 22052.0 112.0 96.0 to
9324.0 22076.0 132.0 76.0 ac-

7244.0 22192.0 704.0 92.0 commodate
8024.0 22192.0 220.0 92.0 late
8320.0 22188.0 656.0 116.0 applicants.

7824.0 22456.0 1568.0 320.0 COMBINED

7416.0 25348.0 260.0 404.0 y
8192.0 25276.0 152.0 180.0 a
8996.0 25372.0 248.0 340.0 n
12280.0 25244.0 136.0 148.0 0
12832.0 25016.0 1220.0 796.0 paj

7536.0 26624.0 528.0 448.0 tL
8848.0 26616.0 904.0 520.0 tMo
10960.0 26616.0 1728.0 520.0 inoiLJ
13688.0 26808.0 368.0 296.0 J3

7340.0 27244.0 448.0 116.0 Shown
7872.0 27240.0 380.0 120.0 above
8332.0 27272.0 208.0 92.0 are
8624.0 27240.0 208.0 116.0 the
8924.0 27236.0 632.0 124.0 combined
9644.0 27236.0 388.0 120.0 bands
10116.0 27236.0 132.0 116.0 of
10332.0 27228.0 352.0 124.0 Dixie
10788.0 27224.0 532.0 144.0 Heights
11420.0 27224.0 232.0 120.0 and
11756.0 27224.0 420.0 120.0 Simon
12280.0 27224.0 488.0 116.0 Kenton
12868.0 27220.0 340.0 140.0 High
13320.0 27212.0 488.0 124.0 Schools
13916.0 27212.0 136.0 120.0 of

7340.0 27416.0 492.0 116.0 Kenton
7924.0 27416.0 516.0 140.0 County,
8532.0 27412.0 396.0 116.0 which
9024.0 27444.0 208.0 88.0 are
9320.0 27420.0 132.0 112.0 to
9544.0 27412.0 284.0 144.0 play
9916.0 27408.0 120.0 120.0 in
10128.0 27416.0 244.0 108.0 two
10468.0 27408.0 560.0 116.0 concerts
11112.0 27404.0 300.0 112.0 next
11488.0 27400.0 328.0 116.0 week
11904.0 27400.0 200.0 120.0 for
12188.0 27396.0 468.0 120.0 benefit
12736.0 27392.0 136.0 120.0 of
12956.0 27396.0 212.0 116.0 the
13260.0 27388.0 412.0 124.0 bands.
13796.0 27392.0 256.0 116.0 The

7344.0 27592.0 292.0 116.0 first
7724.0 27600.0 492.0 108.0 concert
8308.0 27588.0 100.0 112.0 is
8500.0 27584.0 656.0 120.0 scheduled
9252.0 27588.0 200.0 116.0 for
9540.0 27588.0 72.0 116.0 8
9704.0 27616.0 104.0 112.0 p.
9908.0 27612.0 152.0 88.0 m.
10160.0 27580.0 528.0 144.0 Monday
10784.0 27584.0 132.0 108.0 at
11004.0 27576.0 212.0 116.0 the
11308.0 27572.0 408.0 120.0 Simon
11808.0 27572.0 492.0 116.0 Kenton
12396.0 27564.0 468.0 140.0 School,
12960.0 27596.0 304.0 88.0 near
13356.0 27564.0 696.0 120.0 Nicholson.

7356.0 27764.0 252.0 116.0 The
7688.0 27764.0 444.0 116.0 second
8212.0 27764.0 104.0 112.0 is
8396.0 27772.0 128.0 104.0 to
8604.0 27760.0 140.0 116.0 be
8828.0 27764.0 364.0 140.0 given
9268.0 27768.0 136.0 112.0 at
9480.0 27760.0 72.0 116.0 8
9628.0 27788.0 112.0 116.0 p.
9820.0 27788.0 152.0 84.0 m.
10060.0 27756.0 560.0 140.0 Tuesday
10704.0 27760.0 124.0 108.0 at
10920.0 27748.0 352.0 116.0 Dixie
11372.0 27744.0 520.0 144.0 Heights
11984.0 27740.0 484.0 140.0 School,
12560.0 27740.0 356.0 120.0 Dixie
13012.0 27744.0 644.0 140.0 Highway,
13752.0 27764.0 300.0 88.0 near

7352.0 27936.0 648.0 144.0 Erlanger.
8144.0 27936.0 304.0 120.0 Karl
8552.0 27932.0 592.0 140.0 Schmidt,
9256.0 27936.0 384.0 116.0 music
9744.0 27932.0 536.0 116.0 director
10384.0 27928.0 132.0 116.0 of
10624.0 27924.0 404.0 116.0 Simon
11112.0 27924.0 488.0 112.0 Kenton
11676.0 27916.0 480.0 140.0 School,
12240.0 27920.0 104.0 116.0 is
12420.0 27924.0 132.0 112.0 to
12628.0 27916.0 528.0 120.0 conduct
13240.0 27916.0 204.0 120.0 the
13524.0 27912.0 316.0 120.0 band
13924.0 27912.0 132.0 112.0 in

7328.0 28140.0 224.0 88.0 one
7640.0 28116.0 528.0 120.0 concert.
8288.0 28108.0 308.0 124.0 Jack
8676.0 28108.0 448.0 120.0 Kaiser
9208.0 28104.0 132.0 120.0 of
9416.0 28104.0 356.0 120.0 Dixie
9856.0 28100.0 560.0 144.0 Heights,
10504.0 28100.0 100.0 116.0 is
10700.0 28108.0 132.0 108.0 to
10916.0 28096.0 536.0 116.0 conduct
11540.0 28096.0 196.0 112.0 the
11832.0 28096.0 396.0 116.0 other.
12364.0 28088.0 604.0 124.0 Proceeds
13056.0 28092.0 336.0 120.0 from
13476.0 28088.0 200.0 124.0 the
13772.0 28116.0 232.0 92.0 con-

9144.0 28288.0 332.0 124.0 certs
9552.0 28272.0 252.0 128.0 will
9892.0 28272.0 140.0 124.0 be
10120.0 28276.0 296.0 116.0 used
10500.0 28272.0 200.0 120.0 for
10792.0 28272.0 596.0 148.0 purchase
11476.0 28268.0 132.0 120.0 of
11684.0 28268.0 656.0 120.0 uniforms.

9852.0 2660.0 1044.0 240.0 Bm-lt's
11000.0 2660.0 552.0 240.0 Cold!

9584.0 3100.0 576.0 188.0 Record
10252.0 3100.0 344.0 188.0 Low
10684.0 3096.0 1132.0 224.0 Temperatures

9808.0 3340.0 256.0 188.0 Hit
10120.0 3340.0 396.0 188.0 Most
10572.0 3336.0 196.0 192.0 Of
10820.0 3344.0 780.0 220.0 Kentucky

10092.0 3712.0 144.0 80.0 BT
10288.0 3712.0 640.0 80.0 ASSOCIATED
10988.0 3716.0 368.0 80.0 MESS)

9696.0 3828.0 452.0 108.0 Several
10236.0 3832.0 604.0 120.0 Kentucky
10928.0 3840.0 380.0 116.0 points
11392.0 3844.0 376.0 116.0 yester

9572.0 3972.0 220.0 120.0 day
9880.0 3972.0 520.0 116.0 reported
10492.0 3976.0 192.0 96.0 the
10780.0 3976.0 388.0 100.0 lowest
11260.0 3980.0 508.0 116.0 tempera

9576.0 4112.0 304.0 96.0 tures
9968.0 4128.0 144.0 76.0 on
10204.0 4112.0 392.0 100.0 record
10680.0 4112.0 184.0 96.0 for
10948.0 4116.0 260.0 96.0 that
11292.0 4116.0 296.0 112.0 date,
11676.0 4140.0 128.0 72.0 as

9576.0 4248.0 184.0 96.0 the
9848.0 4244.0 804.0 104.0 thermometer
10740.0 4252.0 572.0 100.0 remained
11404.0 4260.0 124.0 92.0 at
11616.0 4272.0 144.0 72.0 un-

9576.0 4380.0 428.0 124.0 usually
10096.0 4380.0 212.0 104.0 low
10396.0 4384.0 340.0 100.0 levels
10824.0 4384.0 700.0 120.0 throughout
11616.0 4388.0 188.0 96.0 the

9568.0 4516.0 324.0 100.0 state.

9688.0 4652.0 780.0 116.0 Hopkinsville
10540.0 4660.0 520.0 112.0 reported
11140.0 4660.0 200.0 96.0 the
11420.0 4656.0 384.0 104.0 lowest

9572.0 4796.0 752.0 112.0 temperature
10444.0 4816.0 264.0 80.0 ever
10828.0 4796.0 536.0 96.0 recorded
11488.0 4800.0 308.0 96.0 there

9576.0 4928.0 172.0 96.0 for
9824.0 4932.0 296.0 108.0 July,
10196.0 4932.0 128.0 96.0 45
10396.0 4928.0 492.0 120.0 degrees.
11028.0 4936.0 136.0 92.0 In
11248.0 4932.0 508.0 100.0 Madlson-

9572.0 5068.0 280.0 104.0 ville,
9916.0 5064.0 192.0 96.0 the
10168.0 5088.0 512.0 96.0 mercury
10740.0 5068.0 480.0 96.0 reached
11280.0 5096.0 76.0 68.0 a
11416.0 5072.0 208.0 96.0 low
11684.0 5076.0 116.0 88.0 of

9572.0 5200.0 120.0 100.0 43
9744.0 5204.0 492.0 116.0 degrees,
10288.0 5204.0 192.0 100.0 the
10532.0 5204.0 388.0 100.0 lowest
10968.0 5228.0 148.0 76.0 on
11176.0 5216.0 392.0 96.0 record
11628.0 5204.0 168.0 104.0 for

9572.0 5340.0 244.0 96.0 that
9892.0 5336.0 304.0 108.0 date.

9688.0 5476.0 232.0 96.0 The
10024.0 5472.0 592.0 104.0 Louisville
10720.0 5472.0 540.0 104.0 Weather
11352.0 5476.0 448.0 104.0 Bureau

9576.0 5612.0 508.0 120.0 reported
10192.0 5636.0 72.0 76.0 a
10368.0 5612.0 208.0 100.0 low
10672.0 5612.0 120.0 96.0 of
10892.0 5616.0 120.0 96.0 49
11116.0 5616.0 468.0 116.0 degrees
11680.0 5620.0 116.0 92.0 at

9572.0 5748.0 532.0 96.0 Bowman
10208.0 5748.0 344.0 116.0 Field,
10660.0 5748.0 124.0 100.0 10
10888.0 5752.0 468.0 116.0 degrees
11456.0 5748.0 344.0 100.0 below

9572.0 5888.0 184.0 96.0 the
9904.0 5888.0 516.0 112.0 previous
10568.0 5884.0 208.0 104.0 low
10924.0 5892.0 180.0 92.0 for
11244.0 5884.0 272.0 116.0 July
11652.0 5892.0 148.0 96.0 22.

9572.0 6020.0 500.0 116.0 Bowling
10156.0 6024.0 368.0 96.0 Green
10608.0 6020.0 532.0 100.0 recorded
11228.0 6048.0 72.0 76.0 a
11392.0 6028.0 204.0 96.0 low
11684.0 6024.0 116.0 100.0 of

9572.0 6160.0 116.0 96.0 47
9764.0 6160.0 492.0 112.0 degrees.

9696.0 6296.0 636.0 108.0 Meantime,
10440.0 6296.0 188.0 100.0 the
10728.0 6296.0 536.0 100.0 Weather
11364.0 6296.0 436.0 96.0 Bureau

9576.0 6432.0 508.0 116.0 reported
10152.0 6432.0 252.0 104.0 that
10464.0 6436.0 196.0 96.0 the
10716.0 6436.0 240.0 96.0 cool
11020.0 6436.0 500.0 96.0 weather
11580.0 6436.0 216.0 96.0 and

9572.0 6568.0 380.0 100.0 recent
10020.0 6572.0 312.0 96.0 rains
10404.0 6568.0 220.0 100.0 had
10692.0 6568.0 528.0 104.0 retarded
11292.0 6596.0 272.0 92.0 crop
11628.0 6576.0 132.0 92.0 de-

9576.0 6708.0 688.0 112.0 velopments
10408.0 6704.0 228.0 96.0 and
10780.0 6708.0 304.0 96.0 farm
11232.0 6716.0 312.0 92.0 work
11688.0 6708.0 112.0 92.0 in

9568.0 6844.0 448.0 116.0 general
10140.0 6844.0 692.0 116.0 throughout
10952.0 6840.0 300.0 100.0 most
11372.0 6840.0 124.0 96.0 of
11612.0 6844.0 184.0 96.0 the

9568.0 6988.0 328.0 108.0 state.

9692.0 7116.0 228.0 100.0 The
10024.0 7116.0 548.0 116.0 principal
10668.0 7116.0 588.0 112.0 exception
11356.0 7136.0 236.0 72.0 was
11684.0 7112.0 112.0 100.0 in

9572.0 7252.0 508.0 96.0 Western
10208.0 7248.0 596.0 120.0 Kentucky
10924.0 7248.0 572.0 112.0 Counties,
11620.0 7248.0 180.0 100.0 the

9576.0 7392.0 412.0 96.0 bureau
10060.0 7392.0 284.0 100.0 said.

9608.0 7656.0 1360.0 392.0 CLEMENTS
11112.0 7656.0 648.0 376.0 TALK

9564.0 8324.0 252.0 220.0 To
9988.0 8320.0 548.0 228.0 Draw
10704.0 8320.0 1112.0 224.0 Democrats

9572.0 8864.0 84.0 132.0 T
9856.0 8860.0 548.0 172.0 Newport
10520.0 8852.0 500.0 168.0 Tonight
11176.0 8852.0 644.0 136.0 Candidate

9752.0 9064.0 216.0 136.0 For
10036.0 9072.0 588.0 128.0 Governor
10692.0 9064.0 156.0 132.0 To
10916.0 9056.0 364.0 152.0 Make
11348.0 9060.0 292.0 176.0 Only

9888.0 9268.0 368.0 136.0 North
10328.0 9264.0 620.0 172.0 Kentucky
11016.0 9268.0 492.0 168.0 Speech,

9696.0 9548.0 604.0 120.0 Campbell,
10452.0 9548.0 452.0 100.0 Kenton
11064.0 9544.0 228.0 100.0 and
11448.0 9544.0 368.0 96.0 Boone

9580.0 9684.0 432.0 124.0 County
10192.0 9688.0 592.0 116.0 campaign
10968.0 9680.0 500.0 100.0 workers
11648.0 9684.0 172.0 92.0 for

9588.0 9828.0 324.0 96.0 Earle
10020.0 9828.0 116.0 104.0 C.
10240.0 9828.0 596.0 104.0 Clements,
10940.0 9824.0 604.0 96.0 candidate
11652.0 9820.0 168.0 92.0 for

9584.0 9968.0 184.0 100.0 the
9920.0 9964.0 716.0 104.0 Democratic
10792.0 9960.0 700.0 104.0 nomination
11648.0 9960.0 176.0 96.0 for

9588.0 10104.0 572.0 100.0 Governor
10264.0 10104.0 624.0 116.0 completed
10992.0 10104.0 328.0 116.0 plans
11420.0 10104.0 368.0 112.0 yester

9584.0 10248.0 216.0 112.0 day
9872.0 10244.0 172.0 96.0 for
10120.0 10268.0 72.0 72.0 a
10276.0 10244.0 280.0 116.0 rally
10628.0 10244.0 120.0 92.0 at
10824.0 10244.0 364.0 100.0 which
11260.0 10240.0 560.0 96.0 Clements

9592.0 10384.0 212.0 96.0 will
9896.0 10384.0 348.0 116.0 speak
10332.0 10396.0 124.0 92.0 at
10540.0 10384.0 236.0 96.0 8:15
10868.0 10404.0 96.0 96.0 p.
11052.0 10400.0 140.0 76.0 m.
11292.0 10380.0 332.0 116.0 today
11704.0 10380.0 124.0 92.0 at

9596.0 10524.0 184.0 100.0 the
9864.0 10524.0 496.0 116.0 Knights
10444.0 10524.0 124.0 96.0 of
10644.0 10520.0 608.0 100.0 Columbus
11336.0 10516.0 292.0 116.0 Hall,
11708.0 10516.0 116.0 100.0 24

9596.0 10664.0 120.0 104.0 E.
9796.0 10660.0 348.0 108.0 Third
10228.0 10668.0 180.0 108.0 St,
10488.0 10660.0 564.0 120.0 Newport.

9704.0 10800.0 360.0 120.0 Large
10152.0 10800.0 688.0 120.0 delegations
10916.0 10800.0 120.0 96.0 of
11104.0 10800.0 492.0 104.0 citizens,
11672.0 10796.0 108.0 100.0 in

9588.0 10944.0 448.0 116.0 cluding
10216.0 10940.0 548.0 100.0 members
10936.0 10944.0 124.0 96.0 of
11232.0 10936.0 592.0 116.0 organized

9596.0 11084.0 332.0 108.0 labor,
10024.0 11084.0 528.0 96.0 veterans
10640.0 11076.0 220.0 100.0 and
10956.0 11080.0 496.0 96.0 farmers
11544.0 11080.0 284.0 92.0 from

9588.0 11224.0 144.0 96.0 all
9796.0 11220.0 312.0 120.0 parts
10164.0 11224.0 120.0 100.0 of
10344.0 11220.0 192.0 104.0 the
10584.0 11220.0 324.0 100.0 Fifth
10964.0 11212.0 856.0 120.0 Congressional

9596.0 11360.0 492.0 96.0 District
10252.0 11384.0 192.0 80.0 are
10596.0 11356.0 536.0 108.0 expected
11296.0 11360.0 116.0 88.0 to
11568.0 11352.0 264.0 96.0 hear

9592.0 11496.0 652.0 100.0 Clements's
10340.0 11500.0 260.0 116.0 only
10696.0 11500.0 368.0 112.0 major
11156.0 11496.0 472.0 96.0 address
11724.0 11496.0 100.0 88.0 In

9596.0 11644.0 568.0 96.0 Northern
10292.0 11636.0 604.0 120.0 Kentucky
11004.0 11636.0 312.0 124.0 prior
11424.0 11632.0 116.0 96.0 to
11652.0 11632.0 180.0 96.0 the

9592.0 11780.0 432.0 108.0 August
10088.0 11780.0 60.0 96.0 2
10212.0 11780.0 520.0 116.0 primary.

9708.0 11924.0 236.0 96.0 The
10048.0 11920.0 412.0 116.0 county
10556.0 11916.0 596.0 120.0 campaign
11256.0 11908.0 572.0 104.0 chairmen

9592.0 12068.0 108.0 96.0 In
9772.0 12060.0 564.0 104.0 Northern
10408.0 12060.0 632.0 112.0 Kentucky,
11112.0 12056.0 492.0 96.0 Edward
11668.0 12056.0 148.0 92.0 W,

9600.0 12204.0 388.0 100.0 Buten,
10096.0 12196.0 600.0 116.0 Campbell,
10804.0 12200.0 304.0 96.0 Theo
11216.0 12196.0 616.0 116.0 Hageman,

9596.0 12340.0 444.0 104.0 Kenton
10096.0 12340.0 224.0 96.0 and
10372.0 12332.0 424.0 104.0 Carroll
10848.0 12332.0 528.0 120.0 Cropper,
11424.0 12336.0 404.0 108.0 Boone,

9592.0 12480.0 660.0 96.0 announced
10392.0 12480.0 248.0 100.0 that
10752.0 12476.0 380.0 120.0 Harry
11252.0 12468.0 576.0 104.0 Gasdorf'a

9592.0 12620.0 288.0 104.0 band
9980.0 12628.0 224.0 96.0 and
10304.0 12620.0 192.0 100.0 the
10592.0 12616.0 456.0 96.0 Ludlow
11152.0 12612.0 356.0 100.0 Drum
11604.0 12608.0 220.0 100.0 and

9596.0 12764.0 344.0 112.0 Bugle
10020.0 12764.0 352.0 112.0 Corps
10452.0 12756.0 364.0 104.0 would
10900.0 12756.0 252.0 116.0 give
11228.0 12780.0 76.0 72.0 a
11384.0 12756.0 448.0 92.0 concert

9596.0 12904.0 376.0 96.0 before
10032.0 12900.0 564.0 100.0 Clements
10660.0 12896.0 440.0 116.0 speaks.

9716.0 13036.0 432.0 100.0 Robert
10272.0 13040.0 116.0 92.0 P.
10512.0 13036.0 556.0 104.0 Hummel,
11208.0 13032.0 388.0 116.0 Mayor
11720.0 13028.0 116.0 104.0 of

9600.0 13180.0 560.0 108.0 Bellevue;
10220.0 13176.0 488.0 100.0 Thomas
10764.0 13172.0 728.0 116.0 Fltzpatrick,
11548.0 13172.0 260.0 96.0 Ken

9592.0 13336.0 188.0 80.0 ton
9888.0 13316.0 444.0 116.0 County
10440.0 13312.0 456.0 112.0 Sheriff,
11004.0 13312.0 232.0 100.0 and
11344.0 13308.0 488.0 120.0 Cropper

9592.0 13480.0 516.0 92.0 compose
10176.0 13460.0 188.0 96.0 the
10432.0 13452.0 636.0 96.0 committee
11136.0 13452.0 116.0 92.0 to
11312.0 13452.0 520.0 92.0 welcome

9592.0 13596.0 596.0 100.0 Clements.

9716.0 13732.0 492.0 96.0 William
10412.0 13728.0 100.0 104.0 J.
10720.0 13728.0 332.0 108.0 Wise,
11264.0 13724.0 560.0 120.0 Campbell

9588.0 13872.0 436.0 112.0 County
10164.0 13872.0 952.0 96.0 Commonwealth
11260.0 13868.0 572.0 112.0 Attorney,

9588.0 14012.0 220.0 96.0 and
9896.0 14008.0 628.0 120.0 Hageman,
10604.0 14004.0 744.0 100.0 Cochalrmen
11440.0 14004.0 120.0 96.0 of
11640.0 14004.0 188.0 96.0 the

9592.0 14144.0 308.0 124.0 rally,
10004.0 14144.0 376.0 104.0 issued
10476.0 14168.0 72.0 80.0 a
10648.0 14144.0 616.0 100.0 statement
11360.0 14140.0 468.0 116.0 inviting

9596.0 14284.0 140.0 96.0 all
9832.0 14284.0 596.0 100.0 vClements
10544.0 14284.0 656.0 112.0 supporters
11312.0 14280.0 228.0 92.0 and
11644.0 14276.0 188.0 100.0 the

9600.0 14416.0 368.0 120.0 publics
10048.0 14416.0 564.0 120.0 generally
10692.0 14420.0 120.0 92.0 to
10888.0 14416.0 436.0 96.0 attend.

9720.0 14548.0 524.0 108.0 Precinct
10264.0 14536.0 944.0 116.0 ,JomnMeemen
11272.0 14548.0 220.0 100.0 and
11556.0 14568.0 244.0 76.0 com

9596.0 14692.0 820.0 96.0 mitteewomen
10604.0 14684.0 392.0 100.0 from
11188.0 14688.0 152.0 100.0 all
11524.0 14688.0 312.0 96.0 three

9592.0 14816.0 504.0 104.0 counties
10172.0 14828.0 280.0 100.0 have
10524.0 14824.0 276.0 96.0 been
10876.0 14824.0 348.0 116.0 urged
11308.0 14828.0 112.0 96.0 to
11492.0 14824.0 132.0 96.0 be
11692.0 14848.0 140.0 68.0 on

9592.0 14964.0 292.0 96.0 hand
9948.0 14964.0 116.0 92.0 to
10132.0 14964.0 272.0 92.0 hear
10464.0 14988.0 144.0 68.0 an
10672.0 14964.0 724.0 116.0 explanation
11460.0 14960.0 120.0 92.0 of
11640.0 14960.0 180.0 96.0 the

9588.0 15120.0 240.0 76.0 new
9896.0 15100.0 720.0 112.0 registration
10684.0 15100.0 244.0 112.0 law,
10996.0 15096.0 304.0 96.0 Wise
11368.0 15096.0 272.0 100.0 said.

9576.0 15332.0 800.0 276.0 $50,000
10440.0 15336.0 396.0 228.0 Suit
10900.0 15328.0 680.0 288.0 Sequel

9776.0 15640.0 252.0 228.0 To
10096.0 15640.0 1072.0 232.0 Bus-Truck
11232.0 15640.0 588.0 228.0 Crash

9696.0 15948.0 96.0 96.0 A
9884.0 15940.0 400.0 116.0 $50,000
10372.0 15944.0 468.0 116.0 damage
10924.0 15944.0 232.0 100.0 suit
11240.0 15972.0 232.0 72.0 was
11560.0 15948.0 260.0 96.0 filed

9580.0 16092.0 112.0 96.0 in
9796.0 16084.0 452.0 104.0 Kenton
10356.0 16088.0 416.0 96.0 Circuit
10880.0 16088.0 380.0 112.0 Court,
11364.0 16088.0 436.0 116.0 Coving'

9580.0 16236.0 220.0 104.0 ton,
9912.0 16232.0 596.0 116.0 yesterday
10616.0 16228.0 448.0 116.0 against
11180.0 16228.0 192.0 96.0 the
11480.0 16232.0 344.0 96.0 Great

9580.0 16368.0 360.0 100.0 Lakes
10000.0 16376.0 672.0 112.0 Greyhound
10728.0 16376.0 184.0 96.0 Co.
10972.0 16372.0 224.0 96.0 and
11264.0 16372.0 156.0 100.0 W.
11456.0 16372.0 368.0 100.0 Curtis

9584.0 16512.0 280.0 100.0 Keal
9940.0 16512.0 216.0 112.0 Co,
10240.0 16516.0 464.0 108.0 Detroit,
10788.0 16540.0 124.0 76.0 as
10992.0 16540.0 72.0 68.0 a
11144.0 16516.0 352.0 96.0 result
11572.0 16516.0 116.0 96.0 of
11760.0 16540.0 68.0 72.0 a

9584.0 16656.0 580.0 100.0 bus-truck
10292.0 16660.0 512.0 96.0 accident
10928.0 16684.0 136.0 68.0 on
11196.0 16660.0 188.0 92.0 the
11508.0 16656.0 316.0 100.0 Dixie

9580.0 16792.0 580.0 124.0 Highway,
10272.0 16796.0 440.0 100.0 Kenton
10824.0 16800.0 468.0 120.0 County,
11396.0 16824.0 72.0 72.0 a
11560.0 16824.0 264.0 100.0 year

9580.0 16964.0 240.0 88.0 ago.

9704.0 17084.0 228.0 92.0 The
10008.0 17084.0 228.0 100.0 suit
10316.0 17112.0 228.0 68.0 was
10624.0 17084.0 480.0 116.0 brought
11184.0 17084.0 144.0 116.0 by
11408.0 17080.0 416.0 100.0 Wilbur

9588.0 17220.0 572.0 116.0 Edwards,
10300.0 17228.0 148.0 112.0 20,
10620.0 17224.0 796.0 112.0 Charlestown,
11560.0 17224.0 260.0 112.0 Ind,

9588.0 17368.0 480.0 112.0 through
10196.0 17368.0 168.0 96.0 his
10484.0 17368.0 244.0 96.0 best
10848.0 17364.0 400.0 120.0 friend,
11372.0 17368.0 452.0 100.0 Charles

9588.0 17508.0 392.0 104.0 Grant.
10160.0 17508.0 540.0 100.0 Edwards
10816.0 17512.0 416.0 112.0 alleges
11332.0 17508.0 248.0 100.0 that
11696.0 17508.0 128.0 96.0 he

9588.0 17676.0 228.0 72.0 was
9904.0 17652.0 440.0 116.0 injured
10436.0 17652.0 316.0 96.0 when
10844.0 17676.0 68.0 72.0 a
11000.0 17680.0 608.0 96.0 passenger
11684.0 17676.0 140.0 72.0 on

9588.0 17796.0 180.0 96.0 the
9832.0 17792.0 236.0 96.0 bus.

9708.0 17936.0 292.0 96.0 Both
10100.0 17940.0 188.0 100.0 the
10380.0 17940.0 204.0 96.0 bus
10668.0 17940.0 220.0 96.0 and
10980.0 17944.0 328.0 96.0 truck
11408.0 17936.0 420.0 96.0 drivers

9588.0 18076.0 212.0 96.0 lost
9896.0 18080.0 300.0 96.0 their
10296.0 18080.0 268.0 100.0 lives
10672.0 18080.0 108.0 96.0 In
10884.0 18084.0 192.0 96.0 the
11176.0 18088.0 332.0 92.0 crash
11608.0 18080.0 212.0 96.0 and

9580.0 18224.0 428.0 92.0 several
10108.0 18220.0 204.0 100.0 bus
10408.0 18248.0 660.0 96.0 passengers
11164.0 18248.0 288.0 72.0 were
11540.0 18220.0 284.0 100.0 hurt.

9584.0 18360.0 292.0 96.0 Four
9940.0 18364.0 476.0 116.0 damage
10476.0 18364.0 280.0 104.0 suits
10820.0 18368.0 112.0 92.0 in
10996.0 18364.0 148.0 100.0 all
11208.0 18368.0 284.0 92.0 have
11556.0 18364.0 264.0 100.0 been

9584.0 18504.0 264.0 96.0 filed
9944.0 18512.0 452.0 108.0 against
10488.0 18512.0 188.0 96.0 the
10772.0 18508.0 200.0 96.0 bus
11064.0 18532.0 548.0 96.0 company
11696.0 18536.0 124.0 72.0 as

9576.0 18672.0 68.0 72.0 a
9704.0 18648.0 352.0 100.0 result
10120.0 18652.0 116.0 96.0 of
10292.0 18652.0 192.0 100.0 the
10548.0 18648.0 540.0 100.0 accident.

9700.0 18788.0 248.0 96.0 Suit
10044.0 18792.0 180.0 96.0 for
10316.0 18792.0 332.0 112.0 $1,050
10748.0 18796.0 532.0 112.0 damages
11384.0 18792.0 436.0 120.0 against

9580.0 18932.0 332.0 96.0 Irwin
9996.0 18936.0 384.0 112.0 Arcus,
10476.0 18932.0 244.0 100.0 4522
10804.0 18936.0 640.0 120.0 Decouraey
11532.0 18940.0 284.0 108.0 Ave,

9576.0 19072.0 656.0 116.0 Covington,
10328.0 19104.0 232.0 72.0 was
10656.0 19072.0 268.0 100.0 filed
11020.0 19076.0 112.0 96.0 in
11236.0 19080.0 188.0 96.0 the
11516.0 19100.0 296.0 72.0 same

9568.0 19216.0 320.0 96.0 court
10000.0 19216.0 144.0 120.0 by
10256.0 19216.0 320.0 96.0 Carol
10688.0 19212.0 216.0 100.0 Lee
11024.0 19216.0 528.0 112.0 Strieker,
11660.0 19220.0 144.0 108.0 14,

9576.0 19360.0 480.0 104.0 through
10128.0 19360.0 196.0 92.0 her
10392.0 19356.0 400.0 116.0 father,
10864.0 19356.0 476.0 100.0 Clifford
11412.0 19356.0 360.0 100.0 Striek

9576.0 19520.0 144.0 88.0 er,
9828.0 19496.0 448.0 100.0 Kenton
10388.0 19504.0 460.0 116.0 County.
11016.0 19500.0 236.0 96.0 The
11360.0 19504.0 456.0 112.0 petition

9572.0 19640.0 236.0 96.0 said
9872.0 19640.0 188.0 100.0 the
10124.0 19640.0 388.0 100.0 child's
10576.0 19644.0 168.0 112.0 leg
10784.0 19668.0 228.0 72.0 was
11076.0 19648.0 196.0 92.0 cut
11328.0 19644.0 484.0 116.0 severely

9580.0 19784.0 136.0 116.0 by
9820.0 19804.0 68.0 72.0 a
9992.0 19784.0 340.0 96.0 metal
10436.0 19788.0 244.0 112.0 sign
10788.0 19784.0 108.0 96.0 In
11008.0 19784.0 312.0 96.0 front
11428.0 19788.0 112.0 92.0 of
11632.0 19788.0 184.0 96.0 the

9580.0 19920.0 708.0 104.0 defendant's
10392.0 19948.0 460.0 100.0 grocery
10960.0 19932.0 336.0 92.0 store.
11460.0 19932.0 360.0 112.0 Harry

9580.0 20064.0 128.0 100.0 K.
9796.0 20064.0 548.0 112.0 Aurandt,
10440.0 20068.0 652.0 120.0 Covington,
11188.0 20072.0 92.0 92.0 is
11376.0 20072.0 436.0 96.0 counsel

9576.0 20204.0 176.0 96.0 for
9828.0 20204.0 188.0 100.0 the
10100.0 20208.0 532.0 120.0 plaintiff.

9572.0 20440.0 296.0 188.0 Gar
9880.0 20476.0 136.0 148.0 tr
10024.0 20452.0 192.0 176.0 ell
10300.0 20448.0 400.0 184.0 Wins
10776.0 20452.0 656.0 216.0 Support

9872.0 20688.0 200.0 180.0 Of
10140.0 20688.0 780.0 188.0 Louisville
10984.0 20696.0 400.0 180.0 Aero
11456.0 20688.0 360.0 188.0 Club

9696.0 20924.0 636.0 128.0 Louisville,
10432.0 20932.0 240.0 120.0 Ky,
10772.0 20936.0 264.0 120.0 July
11132.0 20940.0 124.0 96.0 23
11392.0 20928.0 288.0 108.0 (AP)

9572.0 21072.0 316.0 112.0 Ruey
9960.0 21072.0 380.0 120.0 Wade,
10416.0 21076.0 588.0 100.0 President
11072.0 21080.0 124.0 96.0 of
11272.0 21080.0 184.0 100.0 the
11524.0 21076.0 280.0 100.0 Aero

9576.0 21212.0 276.0 96.0 Club
9940.0 21212.0 124.0 100.0 of
10148.0 21212.0 632.0 120.0 Louisville,
10864.0 21216.0 244.0 96.0 said
11204.0 21216.0 340.0 116.0 today
11620.0 21220.0 184.0 96.0 the

9580.0 21352.0 252.0 96.0 club
9916.0 21352.0 216.0 100.0 had
10216.0 21356.0 464.0 92.0 endorse
10764.0 21352.0 792.0 120.0 unanimously
11628.0 21356.0 184.0 92.0 tle

9568.0 21488.0 540.0 120.0 canldacy
10184.0 21496.0 120.0 92.0 of
10376.0 21492.0 464.0 100.0 Charles
10912.0 21488.0 136.0 100.0 H.
11128.0 21492.0 484.0 96.0 Gartrell
11684.0 21492.0 120.0 92.0 of

9572.0 21628.0 500.0 100.0 Ashland
10156.0 21628.0 180.0 104.0 for
10412.0 21636.0 184.0 92.0 the
10672.0 21628.0 720.0 100.0 Democratic
11472.0 21624.0 284.0 100.0 nomi-

9572.0 21768.0 384.0 100.0 nation
10040.0 21776.0 184.0 92.0 for
10300.0 21768.0 608.0 100.0 Governor.
10984.0 21764.0 524.0 116.0 Gartrell,
11588.0 21768.0 172.0 92.0 for

9580.0 21940.0 232.0 68.0 mer
9884.0 21912.0 488.0 96.0 director
10436.0 21912.0 120.0 92.0 of
10624.0 21908.0 188.0 96.0 the
10884.0 21900.0 604.0 120.0 Kentucky
11552.0 21904.0 216.0 96.0 Aer

9576.0 22052.0 512.0 96.0 onautics
10176.0 22044.0 768.0 116.0 Commission,
11032.0 22064.0 232.0 72.0 was
11348.0 22072.0 68.0 72.0 a
11492.0 22040.0 312.0 116.0 Navy

9540.0 22196.0 272.0 116.0 pilot
9892.0 22192.0 408.0 116.0 during
10376.0 22188.0 376.0 96.0 World
10836.0 22184.0 268.0 100.0 War
11188.0 22184.0 144.0 96.0 II.

9536.0 22456.0 1016.0 328.0 BANDS
10688.0 22456.0 376.0 312.0 TO
11208.0 22448.0 688.0 320.0 GIVE

11904.0 2676.0 1456.0 384.0 Floodwall
13468.0 2684.0 916.0 460.0 Hopes
14492.0 2680.0 520.0 372.0 Get
15116.0 2676.0 820.0 368.0 Boost

12084.0 3184.0 300.0 376.0 In
12516.0 3184.0 1280.0 464.0 Newport
13920.0 3180.0 644.0 376.0 And
14692.0 3180.0 1512.0 452.0 Covington

12192.0 3688.0 412.0 380.0 As
12712.0 3696.0 988.0 372.0 Senate
13808.0 3692.0 924.0 456.0 Group
14840.0 3684.0 816.0 372.0 Gives
15768.0 3668.0 680.0 384.0 O.K.

11996.0 4216.0 616.0 108.0 Floodwall
12672.0 4216.0 340.0 124.0 hopes
13084.0 4220.0 116.0 104.0 in
13264.0 4216.0 276.0 104.0 both
13600.0 4216.0 524.0 124.0 Newport

11876.0 4392.0 224.0 100.0 and
12176.0 4388.0 628.0 116.0 Covington
12888.0 4392.0 276.0 96.0 took
13244.0 4416.0 72.0 72.0 a
13400.0 4388.0 448.0 100.0 decided
13932.0 4412.0 156.0 92.0 up

11872.0 4564.0 364.0 116.0 swing
12288.0 4560.0 228.0 100.0 last
12576.0 4560.0 316.0 112.0 night
12948.0 4584.0 148.0 72.0 on
13164.0 4560.0 420.0 120.0 receipt
13648.0 4560.0 112.0 100.0 of
13816.0 4556.0 304.0 100.0 word

11872.0 4704.0 296.0 96.0 from
12260.0 4700.0 744.0 112.0 Washington
13096.0 4700.0 260.0 96.0 that
13440.0 4704.0 188.0 100.0 the
13716.0 4696.0 404.0 96.0 Senate

11864.0 4848.0 932.0 116.0 Appropriations
12884.0 4844.0 920.0 108.0 Committee
13900.0 4844.0 220.0 96.0 had

11868.0 4980.0 332.0 96.0 acted
12260.0 4976.0 580.0 120.0 favorably
12896.0 4976.0 112.0 96.0 In
13060.0 4980.0 712.0 112.0 considering
13812.0 4980.0 272.0 92.0 allot

11876.0 5124.0 372.0 92.0 ments
12332.0 5120.0 184.0 100.0 for
12600.0 5120.0 184.0 96.0 the
12872.0 5120.0 220.0 92.0 two
13176.0 5116.0 568.0 100.0 Northern
13832.0 5120.0 248.0 96.0 Ken

11872.0 5256.0 352.0 116.0 tucky
12276.0 5260.0 528.0 120.0 projects.

11992.0 5400.0 168.0 112.0 In,
12208.0 5396.0 660.0 96.0 connection
12944.0 5400.0 280.0 92.0 with
13312.0 5396.0 148.0 96.0 Its
13532.0 5396.0 368.0 96.0 action
13980.0 5420.0 140.0 72.0 on

11872.0 5540.0 192.0 92.0 the
12184.0 5560.0 512.0 72.0 measure
12808.0 5540.0 532.0 116.0 carrying
13456.0 5536.0 672.0 112.0 $540,000,000

11876.0 5676.0 188.0 92.0 for
12124.0 5676.0 264.0 96.0 civil
12468.0 5672.0 572.0 100.0 functions
13116.0 5676.0 120.0 96.0 of
13316.0 5676.0 188.0 100.0 the
13576.0 5676.0 264.0 96.0 War
13912.0 5676.0 172.0 96.0 De-

11876.0 5812.0 600.0 116.0 partment,
12560.0 5816.0 188.0 92.0 the
12836.0 5816.0 644.0 96.0 committee
13568.0 5816.0 552.0 116.0 approved

11876.0 5948.0 560.0 116.0 $1,400,000
12548.0 5952.0 180.0 104.0 for
12836.0 5952.0 192.0 100.0 the
13136.0 5960.0 536.0 112.0 Newport
13780.0 5952.0 344.0 100.0 flood-

11872.0 6092.0 284.0 112.0 wall,
12280.0 6088.0 464.0 116.0 already
12856.0 6088.0 360.0 100.0 under
13332.0 6092.0 792.0 104.0 construction,

11876.0 6228.0 220.0 100.0 and
12188.0 6224.0 468.0 120.0 $700,000
12740.0 6228.0 176.0 96.0 for
13004.0 6232.0 196.0 92.0 the
13292.0 6256.0 208.0 72.0 one
13584.0 6232.0 536.0 128.0 proposed

11876.0 6368.0 180.0 96.0 for
12120.0 6368.0 664.0 116.0 Covington.

11992.0 6512.0 100.0 96.0 A
12232.0 6504.0 412.0 96.0 Senate
12784.0 6504.0 852.0 112.0 subcommittee
13772.0 6508.0 308.0 124.0 previ

11876.0 6644.0 320.0 116.0 ously
12284.0 6648.0 228.0 100.0 had
12596.0 6648.0 568.0 116.0 approved
13252.0 6652.0 192.0 92.0 the
13532.0 6672.0 240.0 76.0 sum
13860.0 6652.0 224.0 96.0 allo-

11876.0 6784.0 328.0 100.0 cated
12276.0 6784.0 188.0 100.0 for
12528.0 6788.0 192.0 100.0 the
12784.0 6784.0 544.0 116.0 Newport
13400.0 6796.0 448.0 112.0 project,
13928.0 6792.0 200.0 96.0 but

11876.0 6920.0 220.0 100.0 last
12136.0 6940.0 20.0 16.0 '
12208.0 6924.0 416.0 116.0 night's
12736.0 6924.0 368.0 120.0 figure
13220.0 6928.0 180.0 92.0 for
13504.0 6928.0 616.0 116.0 Covington

11880.0 7084.0 228.0 72.0 was
12216.0 7064.0 196.0 92.0 the
12520.0 7060.0 252.0 96.0 first
12876.0 7064.0 676.0 100.0 earmarked
13652.0 7064.0 180.0 100.0 for
13936.0 7068.0 192.0 96.0 the

11880.0 7196.0 456.0 100.0 Kenton
12424.0 7200.0 432.0 116.0 County
12944.0 7200.0 260.0 116.0 city.
13928.0 7264.0 48.0 56.0 a

11992.0 7336.0 392.0 116.0 Hopes
12464.0 7360.0 284.0 76.0 were
12828.0 7340.0 560.0 96.0 bolstered
13476.0 7344.0 428.0 100.0 further
13980.0 7344.0 144.0 116.0 by

11880.0 7500.0 60.0 72.0 a
12040.0 7488.0 616.0 92.0 statement
12748.0 7488.0 112.0 84.0 in
12956.0 7504.0 72.0 72.0 a
13124.0 7488.0 508.0 108.0 dispatch
13724.0 7488.0 116.0 92.0 to
13936.0 7488.0 192.0 96.0 the

11880.0 7612.0 348.0 108.0 effect
12324.0 7616.0 252.0 96.0 that
12664.0 7616.0 408.0 96.0 Senate
13168.0 7648.0 132.0 88.0 ps
13320.0 7648.0 316.0 88.0 usage
13724.0 7620.0 120.0 100.0 of
13932.0 7628.0 196.0 92.0 the

11880.0 7752.0 296.0 96.0 flood
12248.0 7756.0 428.0 96.0 control
12748.0 7764.0 1080.0 92.0 recommendations
13896.0 7784.0 232.0 72.0 was

11884.0 7892.0 528.0 112.0 expected
12480.0 7892.0 380.0 100.0 before
12928.0 7892.0 592.0 124.0 Saturday.

12016.0 8032.0 348.0 116.0 Army
12544.0 8040.0 588.0 108.0 engineers
13324.0 8036.0 216.0 100.0 had
13728.0 8068.0 364.0 68.0 recom-

11892.0 8176.0 472.0 96.0 mended
12464.0 8172.0 552.0 116.0 $1,000,000
13116.0 8184.0 180.0 96.0 for
13396.0 8188.0 184.0 92.0 the
13672.0 8180.0 420.0 116.0 Coving-

11892.0 8316.0 184.0 96.0 ton
12192.0 8316.0 464.0 120.0 project,
12760.0 8320.0 196.0 96.0 but
13060.0 8348.0 68.0 68.0 a
13240.0 8332.0 380.0 92.0 recent
13720.0 8332.0 412.0 104.0 budget

11888.0 8456.0 304.0 96.0 slash
12276.0 8460.0 644.0 104.0 eliminated
13008.0 8464.0 256.0 96.0 that
13352.0 8472.0 388.0 116.0 figure.
13880.0 8472.0 256.0 116.0 City

11908.0 8740.0 1236.0 380.0 Summer
13260.0 8748.0 1256.0 460.0 Cannery
14628.0 8752.0 1240.0 456.0 Reopens

12120.0 9240.0 384.0 384.0 At
12616.0 9248.0 328.0 380.0 A.
13072.0 9252.0 260.0 376.0 J.
13452.0 9256.0 708.0 464.0 Jolly
14284.0 9252.0 712.0 464.0 High
15120.0 9252.0 1048.0 452.0 School;

12500.0 9760.0 1112.0 380.0 District
13744.0 9760.0 856.0 380.0 Seeks
14732.0 9764.0 1740.0 376.0 Restoration

12024.0 10284.0 240.0 108.0 The
12344.0 10292.0 120.0 100.0 A.
12540.0 10288.0 100.0 108.0 J.
12716.0 10288.0 296.0 124.0 Jolly
13084.0 10292.0 712.0 120.0 Community
13864.0 10300.0 236.0 100.0 Can-

11912.0 10452.0 272.0 96.0 nery
12248.0 10432.0 220.0 100.0 will
12532.0 10452.0 272.0 96.0 open
12868.0 10432.0 180.0 104.0 for
13112.0 10432.0 192.0 96.0 the
13368.0 10456.0 484.0 76.0 summer
13912.0 10460.0 192.0 68.0 sea-

11908.0 10592.0 196.0 76.0 son
12192.0 10572.0 344.0 112.0 today
12616.0 10576.0 112.0 92.0 at
12812.0 10572.0 188.0 96.0 the
13080.0 10576.0 128.0 92.0 A.
13296.0 10572.0 100.0 104.0 J.
13476.0 10572.0 284.0 124.0 Jolly
13840.0 10572.0 304.0 112.0 High

11908.0 10704.0 428.0 116.0 School,
12440.0 10708.0 640.0 116.0 California,
13184.0 10708.0 248.0 116.0 Ky,
13564.0 10712.0 256.0 100.0 Mrs.
13948.0 10712.0 156.0 96.0 Or-

11904.0 10844.0 256.0 104.0 vllle
12240.0 10848.0 256.0 112.0 lies,
12580.0 10848.0 512.0 112.0 director,
13176.0 10852.0 652.0 100.0 announced
13912.0 10872.0 196.0 104.0 yes-

11904.0 10988.0 428.0 116.0 terday.
12032.0 11128.0 236.0 96.0 The
12336.0 11148.0 488.0 104.0 cannery
12884.0 11124.0 224.0 100.0 will
13184.0 11124.0 128.0 100.0 be
13384.0 11152.0 276.0 92.0 open
13728.0 11128.0 292.0 96.0 from
14088.0 11124.0 68.0 96.0 8

11908.0 11288.0 92.0 76.0 a.
12088.0 11292.0 140.0 72.0 m.
12316.0 11272.0 116.0 96.0 to
12508.0 11264.0 64.0 100.0 J
12656.0 11292.0 92.0 92.0 p.
12832.0 11296.0 140.0 68.0 m.
13052.0 11268.0 288.0 96.0 each
13424.0 11264.0 728.0 112.0 Wednesday,

11908.0 11412.0 220.0 92.0 and
12228.0 11408.0 856.0 108.0 arrangements
13180.0 11428.0 268.0 96.0 may
13572.0 11404.0 128.0 96.0 be
13824.0 11408.0 328.0 96.0 made

11912.0 11548.0 268.0 96.0 with
12260.0 11548.0 260.0 96.0 Mrs.
12592.0 11544.0 216.0 104.0 Ilea
12876.0 11544.0 180.0 96.0 for
13128.0 11544.0 152.0 100.0 its
13352.0 11568.0 196.0 72.0 use
13616.0 11564.0 140.0 72.0 on
13828.0 11548.0 324.0 92.0 other

11912.0 11688.0 304.0 112.0 days.

12036.0 11828.0 304.0 96.0 With
12408.0 11828.0 188.0 96.0 the
12652.0 11824.0 488.0 116.0 opening
13204.0 11824.0 120.0 96.0 of
13384.0 11828.0 188.0 92.0 the
13632.0 11844.0 520.0 92.0 cannery,

11908.0 11968.0 192.0 96.0 the
12164.0 11964.0 636.0 100.0 movement
12864.0 11964.0 188.0 96.0 for
13104.0 11964.0 200.0 96.0 the
13368.0 11964.0 604.0 112.0 reopening
14032.0 11960.0 120.0 92.0 of

11912.0 12112.0 188.0 92.0 the
12164.0 12108.0 128.0 96.0 A.
12356.0 12108.0 104.0 100.0 J.
12524.0 12100.0 296.0 116.0 Jolly
12876.0 12100.0 308.0 116.0 High
13252.0 12104.0 396.0 92.0 School
13716.0 12100.0 108.0 92.0 In
13892.0 12096.0 224.0 116.0 Sep-

11908.0 12244.0 436.0 100.0 tember
12428.0 12264.0 232.0 80.0 was
12740.0 12240.0 440.0 104.0 started
13268.0 12244.0 148.0 124.0 by
13492.0 12240.0 456.0 96.0 citizens
14036.0 12244.0 120.0 92.0 in

11904.0 12388.0 196.0 92.0 the
12200.0 12384.0 652.0 108.0 California,
12956.0 12380.0 476.0 108.0 Mentor,
13564.0 12376.0 592.0 112.0 Carthage,

11908.0 12524.0 440.0 100.0 Twelve
12408.0 12516.0 260.0 104.0 Mile
12724.0 12516.0 220.0 100.0 and
13004.0 12520.0 364.0 116.0 Flagg
13424.0 12516.0 456.0 124.0 Springs
13936.0 12516.0 180.0 100.0 dis-

11904.0 12660.0 304.0 104.0 trict
12028.0 12804.0 632.0 100.0 Advocates
12732.0 12800.0 120.0 100.0 of
12928.0 12796.0 196.0 96.0 the
13204.0 12796.0 480.0 116.0 opening
13760.0 12796.0 120.0 92.0 of
13952.0 12796.0 200.0 92.0 the

11904.0 12944.0 388.0 96.0 school
12392.0 12940.0 244.0 100.0 said
12740.0 12936.0 648.0 120.0 yesterday:
13560.0 12936.0 256.0 96.0 "We
13952.0 12956.0 196.0 76.0 are

11904.0 13084.0 472.0 116.0 waiting
12440.0 13084.0 120.0 92.0 to
12624.0 13080.0 276.0 100.0 hear
12960.0 13076.0 596.0 120.0 definitely
13620.0 13072.0 216.0 96.0 and
13908.0 13096.0 204.0 88.0 spe-

11900.0 13224.0 500.0 112.0 cifically
12480.0 13220.0 288.0 96.0 from
12848.0 13216.0 204.0 96.0 Dr.
13128.0 13216.0 308.0 100.0 John
13520.0 13212.0 280.0 104.0 Fred
13888.0 13208.0 216.0 96.0 Wil-

11900.0 13364.0 364.0 108.0 liams,
12320.0 13364.0 316.0 92.0 State
12688.0 13356.0 952.0 120.0 Superintendent
13688.0 13352.0 120.0 96.0 of
13860.0 13348.0 248.0 100.0 Pub-

11900.0 13504.0 144.0 96.0 lic
12140.0 13500.0 688.0 96.0 Instruction
12936.0 13496.0 228.0 96.0 and
13264.0 13492.0 180.0 100.0 his
13536.0 13492.0 612.0 96.0 associates

11904.0 13644.0 108.0 92.0 in
12080.0 13640.0 196.0 100.0 the
12344.0 13636.0 312.0 96.0 State
12720.0 13632.0 756.0 116.0 Department
13536.0 13628.0 116.0 96.0 of
13712.0 13624.0 396.0 96.0 Educa-

11900.0 13784.0 232.0 124.0 tlqp
12224.0 13780.0 124.0 96.0 at
12428.0 13772.0 628.0 104.0 Frankfort
13140.0 13768.0 188.0 100.0 for
13412.0 13788.0 68.0 80.0 a
13560.0 13764.0 332.0 116.0 reply,

12016.0 13916.0 636.0 96.0 "However,
12748.0 13928.0 164.0 76.0 we
13008.0 13928.0 528.0 92.0 presume
13628.0 13900.0 472.0 116.0 Superin-

11892.0 14056.0 472.0 96.0 tendent
12440.0 14044.0 548.0 100.0 Williams
13076.0 14048.0 100.0 92.0 is
13264.0 14060.0 248.0 80.0 now
13596.0 14040.0 184.0 100.0 too
13864.0 14036.0 284.0 112.0 busy

11892.0 14196.0 272.0 96.0 with
12268.0 14188.0 464.0 116.0 politics,
12836.0 14184.0 112.0 96.0 In
13048.0 14176.0 180.0 104.0 his
13328.0 14200.0 256.0 80.0 race
13676.0 14172.0 180.0 100.0 for
13952.0 14172.0 196.0 100.0 the

11896.0 14324.0 700.0 116.0 Republican
12728.0 14316.0 708.0 100.0 nomination
13564.0 14308.0 180.0 96.0 for
13868.0 14304.0 244.0 96.0 Gov

11912.0 14600.0 1216.0 368.0 Dummit
13232.0 14560.0 1272.0 400.0 Accused
14616.0 14576.0 408.0 456.0 By
15128.0 14560.0 904.0 384.0 Asher

12352.0 15096.0 368.0 384.0 Of
12816.0 15096.0 1256.0 456.0 Dodging

12020.0 15624.0 652.0 116.0 Frankfort,
12768.0 15620.0 240.0 120.0 Ky,
13108.0 15620.0 272.0 124.0 July
13464.0 15616.0 548.0 104.0 23-(AP)

11892.0 15804.0 120.0 104.0 A.
12112.0 15808.0 212.0 100.0 Joe
12416.0 15800.0 388.0 116.0 Ashor,
12904.0 15796.0 636.0 100.0 Frankfort
13628.0 15796.0 520.0 116.0 attorney

11896.0 15980.0 372.0 100.0 stated
12328.0 15976.0 340.0 120.0 today
12720.0 15976.0 256.0 96.0 that
13028.0 15972.0 364.0 100.0 Eldon
13452.0 15972.0 100.0 100.0 S.
13604.0 15968.0 540.0 112.0 Dummit,

11892.0 16152.0 556.0 120.0 Attorney
12532.0 16144.0 512.0 116.0 General,
13136.0 16144.0 224.0 100.0 had
13452.0 16144.0 268.0 100.0 been
13808.0 16140.0 300.0 120.0 dodg-

11900.0 16328.0 192.0 116.0 ing
12184.0 16328.0 196.0 96.0 the
12480.0 16324.0 576.0 116.0 gambling
13160.0 16320.0 300.0 100.0 issue
13560.0 16316.0 172.0 100.0 for
13824.0 16320.0 324.0 96.0 three

11896.0 16472.0 220.0 96.0 and
12192.0 16496.0 72.0 72.0 a
12336.0 16472.0 244.0 96.0 half
12648.0 16488.0 356.0 96.0 years.

12016.0 16612.0 132.0 96.0 In
12244.0 16640.0 68.0 68.0 a
12412.0 16608.0 540.0 120.0 pollttical
13052.0 16612.0 412.0 116.0 speech
13560.0 16604.0 588.0 116.0 Saturday,

11896.0 16756.0 368.0 92.0 Asher
12324.0 16752.0 624.0 100.0 contended
13016.0 16756.0 268.0 92.0 that
13348.0 16748.0 504.0 100.0 Dummit
13924.0 16748.0 224.0 96.0 had

11896.0 16896.0 508.0 96.0 declined
12472.0 16900.0 116.0 92.0 to
12656.0 16892.0 252.0 96.0 lend
12976.0 16896.0 304.0 92.0 state
13352.0 16892.0 612.0 96.0 assistance
14032.0 16892.0 116.0 92.0 in

11896.0 17040.0 524.0 112.0 cleaning
12492.0 17056.0 144.0 96.0 up
12712.0 17036.0 588.0 116.0 gambling
13368.0 17032.0 592.0 96.0 situations
14036.0 17032.0 112.0 96.0 In

11896.0 17176.0 572.0 100.0 Northern
12556.0 17176.0 216.0 96.0 and
12864.0 17176.0 568.0 96.0 Southern
13520.0 17176.0 628.0 112.0 Kentucky.

12016.0 17320.0 548.0 108.0 Dummit,
12620.0 17344.0 68.0 72.0 a
12740.0 17320.0 608.0 96.0 candidate
13404.0 17320.0 176.0 96.0 for
13628.0 17312.0 476.0 120.0 Republi-

11896.0 17492.0 208.0 68.0 can
12200.0 17460.0 700.0 100.0 nomination
12992.0 17460.0 188.0 96.0 for
13268.0 17456.0 596.0 112.0 Governor,
13952.0 17484.0 148.0 68.0 an-

11900.0 17608.0 428.0 96.0 swered
12456.0 17600.0 356.0 96.0 Asher
12932.0 17600.0 148.0 116.0 by
13208.0 17600.0 564.0 116.0 declaring
13892.0 17600.0 260.0 96.0 that

11896.0 17752.0 324.0 92.0 when
12316.0 17744.0 576.0 96.0 Governor
12980.0 17744.0 368.0 96.0 Willis
13440.0 17744.0 296.0 116.0 "gets
13828.0 17768.0 68.0 72.0 a
13988.0 17764.0 116.0 72.0 re-

11896.0 17888.0 572.0 116.0 sponsible
12600.0 17908.0 408.0 96.0 person
13152.0 17892.0 120.0 88.0 to
13408.0 17884.0 320.0 100.0 make
13864.0 17884.0 280.0 96.0 such

11896.0 18032.0 512.0 112.0 charges,
12484.0 18032.0 264.0 96.0 then
12820.0 18028.0 56.0 96.0 I
12944.0 18032.0 224.0 92.0 will
13240.0 18048.0 432.0 72.0 answer
13740.0 18020.0 408.0 100.0 them."

12020.0 18176.0 372.0 96.0 Asher
12492.0 18172.0 224.0 96.0 told
12820.0 18172.0 524.0 96.0 Dummit
13440.0 18172.0 104.0 96.0 in
13648.0 18192.0 68.0 72.0 a
13812.0 18168.0 340.0 96.0 letter

11900.0 18320.0 328.0 92.0 made
12284.0 18316.0 372.0 124.0 public
12708.0 18316.0 256.0 96.0 that
13012.0 18316.0 200.0 92.0 the
13268.0 18316.0 536.0 108.0 Attorney
13856.0 18308.0 244.0 96.0 Gen-

11896.0 18460.0 236.0 92.0 eral
12192.0 18484.0 236.0 72.0 was
12484.0 18456.0 676.0 120.0 acquainted
13212.0 18456.0 268.0 96.0 with
13536.0 18452.0 248.0 96.0 "the
13844.0 18452.0 304.0 112.0 fight

11896.0 18600.0 52.0 96.0 I
12024.0 18604.0 292.0 92.0 have
12388.0 18600.0 320.0 96.0 made
12780.0 18600.0 184.0 92.0 for
13032.0 18620.0 336.0 92.0 years
13436.0 18596.0 444.0 116.0 against
13948.0 18596.0 200.0 92.0 the

11900.0 18884.0 1048.0 376.0 Reeves
13076.0 18872.0 1344.0 380.0 Endorses
14544.0 18868.0 1444.0 448.0 Clements;

12448.0 19392.0 596.0 368.0 Hits
13204.0 19376.0 1752.0 388.0 WaterfieldPs
15132.0 19376.0 1336.0 372.0 Promises

12020.0 19924.0 628.0 112.0 Louisville,
12748.0 19924.0 240.0 120.0 Ky,
13092.0 19916.0 264.0 128.0 July
13456.0 19916.0 544.0 100.0 23-(AP)

11896.0 20100.0 136.0 100.0 H.
12112.0 20100.0 344.0 120.0 Clyde
12528.0 20096.0 424.0 96.0 Reeves
13024.0 20092.0 120.0 96.0 of
13216.0 20088.0 616.0 112.0 Louisville,
13912.0 20092.0 184.0 92.0 for-

11900.0 20296.0 240.0 72.0 mer
12224.0 20272.0 316.0 104.0 State
12624.0 20264.0 872.0 100.0 Commissioner
13584.0 20256.0 112.0 100.0 of
13784.0 20260.0 308.0 96.0 Reve-

11904.0 20468.0 244.0 92.0 nue,
12248.0 20440.0 652.0 108.0 announced
13012.0 20440.0 112.0 96.0 in
13232.0 20460.0 72.0 72.0 a
13400.0 20436.0 388.0 116.0 speech
13896.0 20456.0 192.0 96.0 pre-

11904.0 20596.0 340.0 112.0 pared
12316.0 20588.0 180.0 96.0 for
12564.0 20584.0 484.0 112.0 delivery
13116.0 20580.0 264.0 92.0 here
13452.0 20576.0 436.0 112.0 tonight
13960.0 20576.0 172.0 96.0 his

11904.0 20736.0 464.0 112.0 support
12444.0 20724.0 116.0 96.0 of
12632.0 20724.0 268.0 116.0 Rep.
12976.0 20720.0 340.0 100.0 Earle
13392.0 20716.0 104.0 100.0 C.
13572.0 20712.0 564.0 100.0 Clements

11900.0 20880.0 176.0 92.0 for
12148.0 20872.0 188.0 92.0 the
12412.0 20868.0 708.0 96.0 Democratic
13192.0 20860.0 684.0 96.0 nomination
13956.0 20860.0 180.0 96.0 for

11892.0 21016.0 612.0 104.0 Governor.

12020.0 21184.0 432.0 92.0 Reeves
12552.0 21180.0 392.0 96.0 served
13044.0 21200.0 128.0 68.0 as
13268.0 21168.0 868.0 100.0 Commissioner

11896.0 21328.0 404.0 108.0 during
12388.0 21324.0 184.0 100.0 the
12660.0 21320.0 968.0 96.0 administrations
13708.0 21312.0 120.0 96.0 of
13908.0 21312.0 184.0 96.0 for-

11900.0 21492.0 236.0 72.0 mer
12244.0 21468.0 324.0 92.0 Govs.
12676.0 21464.0 120.0 100.0 A.
12908.0 21460.0 120.0 96.0 B.
13152.0 21456.0 500.0 120.0 (Happy)
13768.0 21452.0 316.0 96.0 Chan-

11896.0 21616.0 236.0 92.0 dler
12192.0 21608.0 220.0 96.0 and
12480.0 21604.0 304.0 92.0 Keen
12848.0 21604.0 548.0 100.0 Johnson.

12020.0 21752.0 168.0 92.0 "It
12244.0 21756.0 96.0 88.0 is
12404.0 21748.0 540.0 116.0 painfully
13004.0 21740.0 548.0 116.0 apparent
13616.0 21736.0 244.0 96.0 that
13924.0 21732.0 204.0 96.0 Mr.

11904.0 21892.0 432.0 116.0 (Harry
12392.0 21888.0 260.0 96.0 Lee)
12724.0 21884.0 668.0 100.0 Waterfield
13460.0 21884.0 84.0 92.0 is
13600.0 21880.0 168.0 92.0 set
13828.0 21900.0 296.0 92.0 upon

11892.0 22060.0 60.0 68.0 a
12016.0 22056.0 396.0 72.0 course
12476.0 22028.0 384.0 112.0 which,
12928.0 22024.0 92.0 108.0 If
13084.0 22016.0 536.0 112.0 followed,
13684.0 22020.0 212.0 92.0 will
13972.0 22036.0 112.0 76.0 re-

11892.0 22176.0 224.0 96.0 sult
12180.0 22176.0 108.0 96.0 In
12356.0 22196.0 136.0 72.0 an
12560.0 22168.0 584.0 120.0 operating
13212.0 22168.0 380.0 96.0 deficit
13652.0 22160.0 116.0 92.0 of
13832.0 22160.0 296.0 96.0 from

12032.0 22440.0 1528.0 320.0 CONCERTS

14208.0 4220.0 488.0 96.0 officials
14780.0 4216.0 288.0 100.0 have
15152.0 4212.0 324.0 100.0 made
15556.0 4204.0 524.0 120.0 frequent
16164.0 4204.0 288.0 120.0 trips

14212.0 4364.0 112.0 96.0 to
14404.0 4360.0 744.0 108.0 Washington
15228.0 4356.0 112.0 104.0 In
15424.0 4352.0 400.0 108.0 efforts
15904.0 4356.0 120.0 92.0 to
16100.0 4344.0 352.0 116.0 hurry

14204.0 4504.0 336.0 112.0 along
14652.0 4496.0 544.0 120.0 approval
15308.0 4496.0 124.0 100.0 of
15540.0 4492.0 908.0 120.0 appropriations

14192.0 4656.0 116.0 96.0 to
14372.0 4656.0 180.0 112.0 get
14616.0 4656.0 188.0 96.0 the
14868.0 4648.0 568.0 100.0 floodwall
15504.0 4648.0 344.0 96.0 under
15912.0 4664.0 276.0 96.0 way.

14320.0 4796.0 556.0 108.0 Although
14992.0 4792.0 192.0 92.0 the
15296.0 4784.0 368.0 96.0 House
15772.0 4784.0 672.0 92.0 Committee

14208.0 4924.0 220.0 96.0 had
14552.0 4920.0 632.0 116.0 previously
15308.0 4916.0 548.0 120.0 approved
15984.0 4912.0 468.0 104.0 $850,000

14212.0 5068.0 180.0 92.0 for
14508.0 5064.0 184.0 96.0 the
14808.0 5052.0 1240.0 124.0 Newport-floodwall,
16172.0 5056.0 280.0 108.0 Rep.

14212.0 5208.0 344.0 96.0 Brent
14680.0 5204.0 460.0 116.0 Spenre,
15264.0 5204.0 268.0 96.0 Fort
15644.0 5200.0 528.0 100.0 Thomas,
16300.0 5200.0 108.0 88.0 In-

14216.0 5344.0 424.0 100.0 formed
14760.0 5348.0 104.0 96.0 J.
14988.0 5344.0 124.0 100.0 B.
15240.0 5340.0 556.0 112.0 Morlidge,
15916.0 5340.0 532.0 112.0 Newport

14204.0 5492.0 256.0 112.0 City
14560.0 5488.0 572.0 112.0 Manager,
15240.0 5484.0 240.0 96.0 that
15584.0 5484.0 132.0 92.0 he
15820.0 5480.0 368.0 92.0 would
16288.0 5480.0 120.0 88.0 at-

14212.0 5632.0 356.0 120.0 tempt
14624.0 5636.0 112.0 92.0 to
14792.0 5632.0 284.0 96.0 have
15136.0 5628.0 192.0 96.0 the
15380.0 5632.0 368.0 96.0 House
15804.0 5620.0 608.0 120.0 appropria-

14212.0 5776.0 232.0 92.0 tion
14552.0 5772.0 480.0 116.0 brought
15136.0 5792.0 144.0 100.0 up
15384.0 5776.0 112.0 96.0 to
15592.0 5764.0 184.0 96.0 the
15880.0 5764.0 280.0 96.0 level
16224.0 5784.0 184.0 96.0 .au-

14216.0 5912.0 492.0 100.0 thorized
14772.0 5912.0 140.0 116.0 by
14972.0 5916.0 200.0 92.0 the
15232.0 5908.0 428.0 108.0 Sennte,

14332.0 6060.0 172.0 92.0 An
14656.0 6056.0 620.0 100.0 indication
15428.0 6052.0 244.0 100.0 that
15820.0 6048.0 632.0 112.0 Covington

14212.0 6196.0 356.0 100.0 would
14672.0 6204.0 128.0 96.0 be
14904.0 6196.0 520.0 100.0 included
15532.0 6196.0 104.0 96.0 In
15744.0 6188.0 188.0 104.0 the
16044.0 6192.0 412.0 96.0 Senate

14204.0 6340.0 760.0 100.0 Committee's
15088.0 6340.0 188.0 104.0 list
15396.0 6360.0 300.0 72.0 came
15820.0 6340.0 192.0 92.0 the
16128.0 6332.0 332.0 96.0 other

14212.0 6488.0 220.0 112.0 day
14524.0 6492.0 308.0 88.0 when
14924.0 6484.0 260.0 96.0 Sen.
15276.0 6480.0 340.0 96.0 Alben
15708.0 6476.0 164.0 100.0 W.
15964.0 6476.0 496.0 112.0 Barkley

14212.0 6628.0 468.0 92.0 notified
14752.0 6624.0 316.0 96.0 Theo
15136.0 6620.0 612.0 116.0 Hageman,
15820.0 6616.0 632.0 116.0 Covington

14212.0 6764.0 256.0 120.0 City
14592.0 6772.0 572.0 108.0 Manager,
15296.0 6768.0 240.0 96.0 that
15656.0 6760.0 140.0 96.0 he
15920.0 6760.0 224.0 100.0 had
16272.0 6784.0 148.0 88.0 ap-

14216.0 6912.0 404.0 116.0 peared
14696.0 6912.0 108.0 96.0 In
14888.0 6904.0 392.0 104.0 behalf
15348.0 6908.0 120.0 92.0 of
15532.0 6904.0 620.0 112.0 Covington
16228.0 6896.0 228.0 100.0 and

14216.0 7056.0 216.0 92.0 had
14504.0 7056.0 336.0 112.0 hopes
14904.0 7052.0 256.0 92.0 that
15220.0 7072.0 64.0 72.0 a
15348.0 7044.0 732.0 104.0 "substantial
16140.0 7040.0 316.0 100.0 sum"

14212.0 7196.0 360.0 92.0 would
14652.0 7196.0 128.0 100.0 be
14860.0 7196.0 176.0 92.0 set
15116.0 7188.0 300.0 100.0 aside
15496.0 7196.0 172.0 92.0 for
15744.0 7192.0 248.0 92.0 that
16068.0 7192.0 268.0 112.0 city.

14340.0 7336.0 224.0 96.0 The
14652.0 7336.0 416.0 96.0 Senate
15160.0 7332.0 648.0 100.0 Committee
15896.0 7352.0 284.0 96.0 gave
16268.0 7352.0 152.0 92.0 ap-

14216.0 7476.0 380.0 116.0 proval
14712.0 7476.0 240.0 100.0 also
15072.0 7472.0 116.0 100.0 to
15304.0 7480.0 324.0 96.0 these,
15720.0 7476.0 324.0 100.0 other
16164.0 7472.0 248.0 96.0 Ken-

14216.0 7620.0 336.0 116.0 tucky
14632.0 7616.0 544.0 124.0 projects:
15268.0 7616.0 588.0 116.0 Maysvlllo,
15940.0 7612.0 508.0 112.0 $400,000;

14212.0 7760.0 296.0 96.0 Wolf
14624.0 7760.0 352.0 104.0 Creek
15108.0 7756.0 612.0 108.0 Reservoir,
15848.0 7752.0 600.0 112.0 $8,600,000;

14216.0 7904.0 404.0 116.0 Dewey
14684.0 7904.0 632.0 104.0 Reservoir,
15384.0 7900.0 584.0 112.0 $2,000,000;
16044.0 7900.0 368.0 96.0 Union-

14212.0 8052.0 328.0 100.0 town,
14648.0 8044.0 508.0 116.0 $500,000;
15280.0 8036.0 1132.0 124.0 TaylorsvlllrT$2t0,-

14212.0 8184.0 228.0 116.0 000;
14524.0 8180.0 632.0 116.0 Louisville,
15228.0 8184.0 568.0 112.0 $2,000,000,
15872.0 8184.0 228.0 96.0 and
16176.0 8184.0 276.0 96.0 Dale

14204.0 8328.0 436.0 96.0 Hollow
14752.0 8328.0 628.0 116.0 Reservoir,
14216.0 8328.0 2192.0 264.0 Tennessee-Kentucky,

14672.0 8468.0 592.0 108.0 $2,000,000.

14220.0 10320.0 356.0 84.0 ernor,
14632.0 10304.0 120.0 92.0 to
14808.0 10300.0 256.0 120.0 give
15120.0 10320.0 224.0 96.0 any
15400.0 10288.0 544.0 108.0 attention
16008.0 10296.0 120.0 96.0 to
16188.0 10296.0 272.0 96.0 surh

14220.0 10464.0 72.0 64.0 a
14392.0 10440.0 408.0 92.0 matter
14912.0 10460.0 132.0 72.0 as
15152.0 10436.0 192.0 92.0 the
15448.0 10432.0 472.0 120.0 opening
16032.0 10436.0 124.0 92.0 of
16264.0 10456.0 204.0 76.0 our

14220.0 10576.0 264.0 112.0 high
14552.0 10576.0 376.0 96.0 school
15000.0 10576.0 236.0 96.0 this
15304.0 10568.0 288.0 104.0 fall."

14348.0 10712.0 228.0 96.0 The
14712.0 10712.0 264.0 104.0 high
15120.0 10708.0 376.0 100.0 school
15624.0 10728.0 232.0 76.0 was
16000.0 10700.0 472.0 104.0 ordered

14220.0 10848.0 360.0 108.0 closed
14660.0 10844.0 140.0 116.0 by
14876.0 10848.0 196.0 96.0 the
15152.0 10844.0 308.0 100.0 State
15528.0 10844.0 368.0 104.0 Board
15980.0 10848.0 124.0 88.0 of
16176.0 10844.0 248.0 96.0 EdM

14220.0 10988.0 372.0 92.0 cation
14688.0 10984.0 304.0 100.0 after
15096.0 10980.0 84.0 96.0 It
15272.0 11004.0 232.0 76.0 was
15600.0 10980.0 520.0 116.0 reported
16220.0 10984.0 252.0 92.0 that

14220.0 11124.0 316.0 96.0 there
14656.0 11144.0 296.0 72.0 were
15084.0 11120.0 344.0 96.0 fewer
15544.0 11116.0 276.0 96.0 than
15948.0 11120.0 124.0 92.0 60
16200.0 11116.0 268.0 112.0 high

14224.0 11260.0 372.0 96.0 school
14672.0 11260.0 368.0 116.0 pupils
15116.0 11256.0 112.0 96.0 in
15300.0 11260.0 188.0 92.0 the
15556.0 11256.0 448.0 92.0 district
16076.0 11280.0 132.0 68.0 as
16280.0 11256.0 188.0 92.0 the

14224.0 11396.0 348.0 96.0 result
14632.0 11460.0 12.0 16.0 .
14696.0 11396.0 120.0 96.0 of
14944.0 11420.0 68.0 68.0 a
15144.0 11396.0 460.0 92.0 number
15728.0 11392.0 120.0 100.0 of
15980.0 11388.0 492.0 96.0 families

14228.0 11536.0 408.0 112.0 having
14744.0 11528.0 404.0 100.0 moved
15264.0 11532.0 288.0 92.0 from
15668.0 11528.0 184.0 100.0 the
15968.0 11548.0 276.0 76.0 area
16352.0 11528.0 120.0 92.0 to

14220.0 11668.0 380.0 96.0 obtain
14656.0 11668.0 760.0 112.0 employment
15472.0 11668.0 104.0 92.0 In
15632.0 11688.0 232.0 72.0 war
15916.0 11664.0 384.0 112.0 plants
16360.0 11664.0 108.0 92.0 In

14220.0 11812.0 328.0 92.0 other
14604.0 11808.0 496.0 92.0 sections
15160.0 11804.0 120.0 92.0 of
15344.0 11808.0 184.0 92.0 the
15588.0 11808.0 512.0 96.0 country.

14348.0 11944.0 572.0 104.0 However,
14996.0 11960.0 344.0 100.0 many
15404.0 11940.0 120.0 100.0 of
15592.0 11940.0 312.0 92.0 these
15980.0 11936.0 492.0 96.0 families

14224.0 12088.0 284.0 92.0 have
14596.0 12084.0 532.0 96.0 returned
15224.0 12084.0 220.0 96.0 and
15528.0 12096.0 248.0 72.0 now
15860.0 12076.0 328.0 96.0 there
16276.0 12096.0 196.0 72.0 arc

14228.0 12240.0 300.0 76.0 more
14632.0 12220.0 280.0 92.0 than
15024.0 12212.0 124.0 96.0 70
15252.0 12212.0 256.0 116.0 high
15616.0 12212.0 376.0 96.0 school
16104.0 12212.0 368.0 112.0 pupils

14232.0 12360.0 340.0 112.0 living
14628.0 12356.0 112.0 96.0 in
14796.0 12352.0 192.0 96.0 the
15056.0 12356.0 460.0 112.0 district,
15580.0 12348.0 80.0 96.0 lt
15724.0 12372.0 228.0 76.0 was
16016.0 12344.0 452.0 124.0 pointed

14224.0 12496.0 224.0 92.0 out.

14352.0 12656.0 1008.0 112.0 "Superintendent
15532.0 12648.0 548.0 100.0 Williams
16268.0 12648.0 208.0 100.0 has

14224.0 12796.0 276.0 100.0 been
14572.0 12792.0 560.0 100.0 informed
15200.0 12796.0 120.0 88.0 of
15384.0 12796.0 180.0 96.0 the
15632.0 12792.0 540.0 96.0 situation
16244.0 12784.0 228.0 100.0 and

14224.0 12940.0 192.0 92.0 the
14512.0 12936.0 360.0 100.0 desire
14980.0 12932.0 120.0 96.0 of
15200.0 12932.0 192.0 92.0 the
15492.0 12928.0 456.0 96.0 citizens
16052.0 12928.0 124.0 92.0 of
16280.0 12924.0 192.0 96.0 the

14224.0 13072.0 440.0 96.0 district
14724.0 13072.0 116.0 96.0 to
14912.0 13068.0 288.0 96.0 have
15272.0 13068.0 184.0 96.0 the
15520.0 13064.0 264.0 112.0 high
15852.0 13056.0 384.0 100.0 school
16312.0 13084.0 112.0 72.0 re-

14220.0 13208.0 448.0 112.0 opened,
14792.0 13204.0 204.0 96.0 but
15108.0 13224.0 172.0 72.0 we
15400.0 13204.0 276.0 92.0 have
15792.0 13204.0 204.0 92.0 not
16120.0 13196.0 344.0 96.0 heard

14224.0 13348.0 540.0 112.0 anything
14860.0 13344.0 300.0 92.0 from
15252.0 13340.0 188.0 96.0 the
15536.0 13336.0 304.0 104.0 Stats
15944.0 13336.0 480.0 116.0 Superin

14220.0 13484.0 460.0 96.0 tendent
14760.0 13480.0 316.0 92.0 alnce
15164.0 13480.0 140.0 88.0 he
15384.0 13480.0 448.0 92.0 entered
15924.0 13480.0 192.0 84.0 the
16212.0 13492.0 256.0 76.0 race

14220.0 13620.0 180.0 96.0 for
14472.0 13620.0 184.0 96.0 the
14736.0 13612.0 696.0 112.0 Republican
15512.0 13612.0 696.0 92.0 nomination
16288.0 13608.0 176.0 92.0 for

14220.0 13752.0 660.0 112.0 Governor,"
14944.0 13756.0 196.0 92.0 the
15196.0 13748.0 616.0 112.0 delegation
15872.0 13744.0 280.0 100.0 said.

14348.0 13892.0 104.0 96.0 It
14520.0 13896.0 232.0 96.0 also
14824.0 13916.0 244.0 72.0 was
15144.0 13888.0 644.0 100.0 announced
15868.0 13876.0 144.0 120.0 by
16084.0 13880.0 380.0 104.0 school

14228.0 14032.0 660.0 100.0 authorities
14980.0 14028.0 252.0 96.0 that
15312.0 14048.0 72.0 76.0 &
15464.0 14044.0 236.0 76.0 new
15784.0 14016.0 688.0 100.0 Alexandria

14224.0 14168.0 716.0 120.0 Community
15092.0 14160.0 512.0 116.0 Cannery
15752.0 14172.0 236.0 88.0 was
16144.0 14148.0 324.0 128.0 being

14228.0 14304.0 424.0 116.0 opened
14724.0 14304.0 112.0 96.0 In
14912.0 14300.0 256.0 92.0 that
15236.0 14324.0 292.0 72.0 area.

14184.0 15072.0 1440.0 464.0 Gambling
15728.0 15072.0 752.0 376.0 Issue

14184.0 15608.0 612.0 120.0 .'gambling
14928.0 15604.0 532.0 96.0 interests
15588.0 15604.0 112.0 96.0 in
15832.0 15600.0 644.0 116.0 Kentucky,

14224.0 15752.0 220.0 96.0 and
14532.0 15748.0 572.0 100.0 therefore
15188.0 15764.0 216.0 100.0 you
15492.0 15764.0 188.0 76.0 are
15764.0 15744.0 708.0 116.0 sufficiently

14228.0 15892.0 452.0 96.0 advised
14744.0 15892.0 116.0 92.0 to
14928.0 15888.0 332.0 100.0 know
15328.0 15888.0 244.0 96.0 thnt
15632.0 15888.0 192.0 92.0 the
15888.0 15880.0 588.0 100.0 Governor

14224.0 16036.0 220.0 96.0 had
14540.0 16032.0 472.0 112.0 nothing
15108.0 16028.0 560.0 96.0 whatever
15756.0 16028.0 116.0 92.0 to
15964.0 16024.0 144.0 92.0 do
16196.0 16028.0 272.0 92.0 with

14228.0 16200.0 188.0 96.0 my
14492.0 16176.0 400.0 96.0 review
14972.0 16172.0 128.0 96.0 of
15172.0 16192.0 276.0 96.0 your
15520.0 16192.0 244.0 72.0 own
15852.0 16168.0 392.0 96.0 record
16328.0 16192.0 140.0 72.0 on

14228.0 16324.0 224.0 92.0 this
14520.0 16312.0 512.0 104.0 matter."

14348.0 16460.0 360.0 96.0 Asher
14824.0 16456.0 520.0 96.0 declared
15464.0 16456.0 84.0 96.0 lt
15664.0 16476.0 236.0 72.0 was
16016.0 16452.0 456.0 96.0 "rathor

14228.0 16592.0 556.0 124.0 singular"
14852.0 16600.0 128.0 96.0 of
15044.0 16596.0 508.0 96.0 Dummit
15620.0 16596.0 116.0 92.0 to
15800.0 16596.0 364.0 96.0 brand
16236.0 16596.0 232.0 96.0 him

14224.0 16736.0 916.0 116.0 "irresponsible"
15300.0 16736.0 468.0 96.0 because
15924.0 16736.0 196.0 96.0 the
16280.0 16736.0 152.0 96.0 At

14232.0 16892.0 384.0 112.0 torney
14676.0 16880.0 520.0 116.0 General,
15248.0 16884.0 232.0 112.0 just
15536.0 16876.0 380.0 96.0 before
15976.0 16884.0 192.0 88.0 the
16228.0 16880.0 244.0 92.0 1915

14232.0 17028.0 492.0 120.0 primary
14780.0 17028.0 116.0 96.0 in
14968.0 17028.0 192.0 92.0 the
15224.0 17024.0 712.0 96.0 Harlan-Bell
16004.0 17024.0 460.0 112.0 Judicial

14232.0 17172.0 464.0 112.0 district,
14764.0 17164.0 444.0 96.0 offered
15280.0 17168.0 228.0 92.0 him
15572.0 17188.0 72.0 68.0 a
15708.0 17164.0 188.0 116.0 job
15964.0 17184.0 128.0 72.0 as
16164.0 17164.0 304.0 92.0 third

14232.0 17312.0 540.0 96.0 assistant.
14880.0 17308.0 552.0 112.0 Attorney
15532.0 17300.0 480.0 100.0 General
16136.0 17304.0 92.0 92.0 If
16336.0 17304.0 136.0 96.0 he

14228.0 17456.0 352.0 96.0 would
14656.0 17448.0 596.0 96.0 withdraw
15324.0 17452.0 288.0 92.0 from
15692.0 17448.0 184.0 96.0 the
15956.0 17468.0 260.0 76.0 race
16292.0 17444.0 180.0 100.0 for

14228.0 17592.0 420.0 100.0 Circuit
14708.0 17592.0 404.0 116.0 Judge.

14352.0 17736.0 324.0 96.0 "This
14756.0 17736.0 96.0 96.0 is
14936.0 17732.0 592.0 120.0 especially
15604.0 17732.0 672.0 116.0 significant
16356.0 17728.0 108.0 96.0 in

14232.0 17880.0 276.0 96.0 view
14600.0 17880.0 120.0 96.0 of
14816.0 17876.0 196.0 100.0 the
15116.0 17880.0 240.0 92.0 fact
15444.0 17876.0 256.0 96.0 that
15796.0 17872.0 48.0 96.0 I
15940.0 17896.0 240.0 72.0 was
16276.0 17872.0 192.0 96.0 the

14228.0 18020.0 256.0 116.0 only
14560.0 18020.0 572.0 120.0 opponent
15212.0 18020.0 116.0 92.0 of
15412.0 18016.0 184.0 96.0 the
15680.0 18012.0 788.0 100.0 slot-machine

14228.0 18164.0 384.0 112.0 gang's
14692.0 18160.0 604.0 96.0 candidate
15380.0 18228.0 28.0 32.0 .
15484.0 18224.0 28.0 36.0 .
15596.0 18224.0 28.0 32.0 .
15708.0 18156.0 220.0 96.0 and
16020.0 18180.0 188.0 92.0 my
16292.0 18176.0 132.0 72.0 ac-

14228.0 18312.0 528.0 112.0 ceptance
14828.0 18304.0 124.0 96.0 of
15024.0 18324.0 280.0 100.0 your
15372.0 18300.0 296.0 100.0 offer
15736.0 18296.0 364.0 96.0 would
16180.0 18300.0 288.0 92.0 have

14228.0 18448.0 320.0 112.0 given
14684.0 18448.0 236.0 96.0 him
15060.0 18448.0 192.0 96.0 the
15388.0 18440.0 464.0 100.0 election
15988.0 18440.0 484.0 96.0 without

14228.0 18584.0 724.0 120.0 opposition,"
15028.0 18588.0 356.0 96.0 Asher
15452.0 18584.0 376.0 96.0 wrote.

14228.0 19916.0 612.0 116.0 $20,000,000
14956.0 19924.0 120.0 92.0 to
15192.0 19908.0 604.0 112.0 $45,000,000
15912.0 19932.0 64.0 68.0 a
16096.0 19904.0 360.0 120.0 yar,"

14232.0 20064.0 420.0 92.0 Reeves
14712.0 20060.0 280.0 96.0 said.

14344.0 20200.0 696.0 108.0 Waterfield,
15128.0 20192.0 588.0 120.0 Kentucky
15800.0 20212.0 656.0 92.0 newspaper

14232.0 20344.0 564.0 124.0 publisher
14856.0 20336.0 224.0 100.0 and
15152.0 20336.0 488.0 116.0 Speaker
15696.0 20336.0 124.0 92.0 of
15884.0 20332.0 188.0 96.0 the
16140.0 20328.0 312.0 96.0 State

14232.0 20492.0 364.0 92.0 House
14656.0 20484.0 116.0 100.0 of
14832.0 20476.0 1016.0 124.0 Representatives,
15920.0 20472.0 92.0 92.0 Is
16072.0 20492.0 208.0 68.0 one
16344.0 20468.0 112.0 88.0 of

14228.0 20624.0 652.0 104.0 Clements's
14996.0 20620.0 608.0 124.0 opponents
15720.0 20616.0 108.0 92.0 in
15940.0 20612.0 188.0 96.0 the
16248.0 20604.0 164.0 120.0 pri-

14228.0 20800.0 340.0 92.0 mary.
14348.0 20916.0 108.0 96.0 "I
14564.0 20936.0 176.0 72.0 am
14860.0 20908.0 180.0 96.0 for
15152.0 20908.0 324.0 92.0 Earle
15580.0 20896.0 112.0 96.0 C.
15800.0 20880.0 660.0 112.0 Clements,"

14228.0 21060.0 420.0 92.0 Reeves
14732.0 21052.0 280.0 104.0 said,
15108.0 21044.0 520.0 92.0 "because
15716.0 21044.0 104.0 92.0 in
15912.0 21032.0 176.0 100.0 his
16176.0 21052.0 240.0 76.0 com-

14220.0 21200.0 572.0 92.0 mitments
14872.0 21192.0 136.0 92.0 he
15076.0 21188.0 204.0 92.0 has
15336.0 21188.0 268.0 92.0 been
15672.0 21172.0 476.0 96.0 mindful
16220.0 21172.0 244.0 96.0 that

14220.0 21340.0 184.0 96.0 the
14468.0 21336.0 380.0 116.0 people
14916.0 21352.0 196.0 72.0 are
15176.0 21320.0 596.0 100.0 interested
15844.0 21320.0 104.0 92.0 in
16024.0 21316.0 436.0 88.0 results.

14344.0 21476.0 260.0 96.0 "His
14664.0 21472.0 572.0 112.0 opponent
15292.0 21464.0 200.0 96.0 has
15552.0 21460.0 360.0 96.0 rested
15976.0 21456.0 176.0 92.0 his
16208.0 21480.0 256.0 68.0 case

14220.0 21640.0 288.0 96.0 upon
14584.0 21616.0 332.0 104.0 being
14992.0 21608.0 244.0 92.0 able
15312.0 21608.0 112.0 92.0 to
15496.0 21628.0 236.0 64.0 woo
15804.0 21600.0 188.0 92.0 the
16072.0 21596.0 348.0 92.0 Demo-

14216.0 21764.0 300.0 92.0 crats
14588.0 21756.0 120.0 96.0 of
14780.0 21744.0 604.0 116.0 Kentucky
15452.0 21740.0 264.0 92.0 with
15796.0 21740.0 548.0 116.0 promises
14216.0 21784.0 2240.0 212.0 -fabulous

14792.0 21892.0 548.0 112.0 promises
15392.0 21880.0 352.0 100.0 which
15820.0 21880.0 188.0 92.0 the
16072.0 21872.0 388.0 112.0 simple

14220.0 22032.0 636.0 100.0 arithmetic
14928.0 22032.0 120.0 92.0 of
15112.0 22052.0 68.0 68.0 a
15240.0 22024.0 284.0 92.0 child
15596.0 22016.0 548.0 96.0 indicates
16212.0 22040.0 200.0 68.0 can-

14220.0 22176.0 192.0 96.0 not
14476.0 22176.0 128.0 96.0 be
14672.0 22168.0 516.0 100.0 fulfilled.

14340.0 22312.0 424.0 96.0 Reeves
14832.0 22308.0 244.0 96.0 said
15144.0 22304.0 552.0 96.0 Clements
15756.0 22296.0 704.0 116.0 "repeatedly

14216.0 22456.0 204.0 92.0 has
14480.0 22456.0 384.0 100.0 shown
14940.0 22448.0 140.0 120.0 by
15152.0 22448.0 168.0 92.0 his
15388.0 22452.0 244.0 88.0 vote
15700.0 22444.0 248.0 96.0 that
16032.0 22448.0 128.0 92.0 he
16236.0 22460.0 224.0 68.0 was

14204.0 22620.0 68.0 68.0 a
14332.0 22592.0 360.0 92.0 friend
14752.0 22588.0 120.0 100.0 of
14940.0 22588.0 260.0 92.0 both
15276.0 22588.0 176.0 88.0 the
15516.0 22580.0 628.0 96.0 Tennessee
16208.0 22572.0 200.0 96.0 Val

14196.0 22736.0 176.0 108.0 ley
14424.0 22728.0 608.0 112.0 Authority
15072.0 22732.0 216.0 92.0 and
15352.0 22716.0 340.0 100.0 Rural
15756.0 22712.0 656.0 100.0 Electrifica

14216.0 22880.0 228.0 92.0 tion
14524.0 22864.0 1032.0 100.0 Administration."

14336.0 23012.0 228.0 96.0 The
14652.0 23008.0 484.0 120.0 speaker
15216.0 23004.0 236.0 96.0 said
15552.0 23004.0 132.0 96.0 he
15772.0 23000.0 344.0 112.0 urged
16212.0 23024.0 208.0 84.0 sup-

14212.0 23156.0 248.0 116.0 port
14552.0 23152.0 116.0 96.0 of
14752.0 23152.0 572.0 96.0 Clements
15404.0 23140.0 532.0 96.0 "because
16032.0 23144.0 132.0 92.0 he
16260.0 23140.0 200.0 88.0 has

14208.0 23292.0 588.0 124.0 presented
14916.0 23324.0 68.0 68.0 a
15104.0 23308.0 508.0 100.0 program
15724.0 23288.0 248.0 92.0 that
16088.0 23304.0 328.0 84.0 recog-

14212.0 23436.0 324.0 108.0 nizes,
14580.0 23436.0 188.0 96.0 the
14844.0 23424.0 560.0 124.0 problems
15468.0 23416.0 732.0 116.0 confronting
16268.0 23420.0 188.0 92.0 the

14212.0 23576.0 324.0 96.0 state.

14336.0 23712.0 224.0 96.0 "He
14692.0 23708.0 400.0 100.0 makes
15204.0 23732.0 136.0 68.0 no
15448.0 23704.0 256.0 96.0 rash
15820.0 23696.0 636.0 128.0 promises,"

14216.0 23852.0 424.0 96.0 Reeves
14728.0 23848.0 644.0 96.0 concluded.
15520.0 23844.0 208.0 96.0 "As
15812.0 23872.0 64.0 68.0 a
15968.0 23868.0 268.0 72.0 man
16328.0 23844.0 128.0 92.0 he

14216.0 24000.0 200.0 92.0 has
14496.0 23996.0 184.0 92.0 the
14768.0 23992.0 680.0 112.0 experience,
15528.0 23988.0 492.0 104.0 balance,
16116.0 23984.0 304.0 112.0 integ-

14220.0 24136.0 220.0 116.0 rity
14492.0 24128.0 216.0 100.0 and
14768.0 24128.0 660.0 116.0 Judgement
15488.0 24128.0 108.0 92.0 to
15656.0 24124.0 328.0 96.0 make
16052.0 24148.0 64.0 68.0 a
16180.0 24120.0 276.0 116.0 good

14220.0 24264.0 640.0 120.0 governor."

14212.0 24600.0 692.0 220.0 Newport
14984.0 24604.0 612.0 212.0 Suspect
15668.0 24600.0 504.0 180.0 Jailed

14572.0 24852.0 224.0 176.0 On
14896.0 24844.0 324.0 180.0 Bad
15300.0 24844.0 484.0 180.0 Check
15876.0 24840.0 588.0 208.0 Charge

14336.0 25088.0 96.0 96.0 A
14540.0 25112.0 260.0 72.0 man
14928.0 25080.0 600.0 120.0 registered
15644.0 25104.0 124.0 72.0 as
15884.0 25084.0 360.0 92.0 Oscar
16356.0 25088.0 100.0 92.0 S.

14216.0 25248.0 580.0 120.0 Swlnford,
14984.0 25256.0 84.0 108.0 0,
15196.0 25252.0 176.0 96.0 930
15492.0 25252.0 652.0 96.0 Monmouth
16276.0 25248.0 184.0 112.0 St,

14212.0 25428.0 552.0 120.0 Newport,
14868.0 25448.0 240.0 72.0 was
15212.0 25424.0 496.0 96.0 arrested
15816.0 25416.0 148.0 120.0 by
16064.0 25420.0 352.0 96.0 Detec-

14216.0 25596.0 220.0 96.0 tive
14572.0 25592.0 360.0 116.0 Leroy
15068.0 25588.0 656.0 96.0 Fredericks
15860.0 25588.0 600.0 116.0 yesterday

14216.0 25760.0 584.0 104.0 afternoon
14868.0 25784.0 144.0 72.0 on
15076.0 25780.0 72.0 76.0 a
15200.0 25760.0 396.0 116.0 charge
15660.0 25756.0 120.0 96.0 of
15840.0 25756.0 624.0 120.0 delivering

14212.0 25932.0 220.0 96.0 and
14500.0 25904.0 500.0 140.0 uttering
15064.0 25952.0 68.0 68.0 a
15192.0 25928.0 576.0 96.0 worthless
15832.0 25924.0 388.0 96.0 check.
16288.0 25920.0 168.0 104.0 He

14216.0 26104.0 92.0 92.0 Is
14364.0 26096.0 332.0 120.0 being
14756.0 26096.0 260.0 96.0 held
15084.0 26096.0 108.0 92.0 In
15252.0 26100.0 524.0 112.0 Newport
15836.0 26088.0 200.0 120.0 Jail
16104.0 26088.0 356.0 100.0 under

14212.0 26264.0 332.0 116.0 $1,500
14628.0 26264.0 328.0 100.0 bond.

14340.0 26432.0 552.0 104.0 Swlnford
15036.0 26460.0 228.0 72.0 was
15396.0 26432.0 356.0 96.0 seized
15884.0 26432.0 300.0 96.0 after
16320.0 26432.0 140.0 96.0 he

14212.0 26632.0 276.0 88.0 gave
14596.0 26612.0 440.0 104.0 George
15152.0 26600.0 580.0 116.0 Wilhelmi,
15848.0 26624.0 380.0 72.0 owner
16340.0 26600.0 120.0 96.0 of

14204.0 26780.0 640.0 100.0 Wilhelmi's
15068.0 26772.0 512.0 124.0 Hy-Pure
15796.0 26776.0 676.0 104.0 Drugstore,

14212.0 26916.0 236.0 100.0 1001
14512.0 26912.0 656.0 96.0 Monmouth
15244.0 26912.0 180.0 112.0 St,
15480.0 26932.0 68.0 72.0 a
15612.0 26908.0 348.0 96.0 check
16032.0 26908.0 180.0 92.0 for
16276.0 26908.0 180.0 112.0 $36

14208.0 27052.0 112.0 92.0 to
14440.0 27072.0 208.0 92.0 pay
14764.0 27048.0 180.0 96.0 for
15068.0 27072.0 56.0 68.0 a
15252.0 27068.0 440.0 76.0 camera
15808.0 27044.0 404.0 96.0 valued
16336.0 27044.0 116.0 96.0 at

14208.0 27184.0 356.0 112.0 J27.50.

14332.0 27324.0 320.0 96.0 After
14728.0 27324.0 420.0 112.0 calling
15224.0 27324.0 184.0 96.0 the
15480.0 27316.0 300.0 100.0 bank
15864.0 27344.0 136.0 72.0 on
16084.0 27320.0 364.0 96.0 which

14212.0 27464.0 180.0 92.0 the
14472.0 27460.0 348.0 96.0 check
14904.0 27488.0 232.0 64.0 was
15220.0 27460.0 372.0 92.0 drawn
15672.0 27484.0 128.0 72.0 as
15888.0 27456.0 560.0 100.0 Swlnford

14212.0 27600.0 200.0 96.0 lift
14520.0 27604.0 184.0 92.0 the
14824.0 27604.0 336.0 104.0 store,
15272.0 27596.0 548.0 96.0 Wilhelmi
15936.0 27592.0 512.0 96.0 followed

14212.0 27740.0 180.0 96.0 the
14448.0 27736.0 452.0 120.0 suspect
14956.0 27744.0 112.0 88.0 to
15128.0 27736.0 184.0 100.0 the
15368.0 27736.0 656.0 100.0 Monmouth
16084.0 27732.0 368.0 96.0 Street

14196.0 27884.0 488.0 96.0 address.
14832.0 27880.0 176.0 100.0 He
15096.0 27884.0 256.0 96.0 then
15440.0 27880.0 344.0 92.0 called
15876.0 27880.0 384.0 112.0 police.

14328.0 28016.0 560.0 100.0 Wilhelmi
14992.0 28012.0 576.0 96.0 Identified
15668.0 28008.0 560.0 96.0 Swlnford
16324.0 28028.0 128.0 72.0 as

14216.0 28152.0 184.0 96.0 the
14516.0 28176.0 260.0 76.0 man
14892.0 28152.0 256.0 92.0 who
15264.0 28152.0 220.0 96.0 had
15592.0 28144.0 632.0 120.0 attempted
16336.0 28144.0 116.0 96.0 to

14212.0 28312.0 260.0 104.0 pass
14544.0 28292.0 192.0 100.0 th.
14808.0 28284.0 228.0 104.0 bad
15116.0 28284.0 376.0 104.0 check.

16928.0 2648.0 592.0 464.0 NEW
17648.0 2656.0 704.0 464.0 RATE

17228.0 3260.0 840.0 44.0 BaTSBJaTSBBBajBHaMaSaTJStaSBBBJ

16524.0 3448.0 224.0 264.0 Is
16920.0 3444.0 908.0 268.0 Foolish
17984.0 3448.0 768.0 272.0 Effort

16524.0 4076.0 204.0 216.0 In
16820.0 4076.0 916.0 276.0 Covington
17824.0 4080.0 460.0 280.0 Now,
18376.0 4080.0 380.0 284.0 City

16812.0 4384.0 780.0 212.0 Solicitor
17660.0 4388.0 784.0 224.0 Advises.

16528.0 4916.0 492.0 164.0 Lower
17216.0 4908.0 400.0 176.0 Costs
17816.0 4916.0 936.0 180.0 Improbable.

16764.0 5148.0 624.0 200.0 Cushing
17456.0 5164.0 564.0 176.0 Asserts
18096.0 5168.0 412.0 156.0 After

16964.0 5392.0 428.0 164.0 Talks
17472.0 5392.0 156.0 164.0 In
17712.0 5396.0 592.0 196.0 Capital.

16664.0 5664.0 236.0 120.0 Any
17000.0 5668.0 472.0 116.0 attempt
17568.0 5668.0 140.0 124.0 by
17804.0 5672.0 616.0 120.0 Covington
18520.0 5676.0 236.0 116.0 city

16532.0 5808.0 488.0 96.0 offlritils
17108.0 5812.0 116.0 92.0 to
17316.0 5812.0 336.0 96.0 effect
17740.0 5840.0 64.0 76.0 a
17888.0 5840.0 204.0 92.0 gas
18180.0 5816.0 568.0 100.0 franchise

16532.0 5944.0 240.0 92.0 deal
16868.0 5948.0 264.0 92.0 with
17236.0 5948.0 184.0 92.0 the
17512.0 5948.0 388.0 112.0 Union,
17996.0 5952.0 360.0 116.0 Light,
18456.0 5952.0 300.0 96.0 Heat

16712.0 6084.0 388.0 96.0 Power
17180.0 6076.0 216.0 116.0 Co,
17476.0 6088.0 260.0 96.0 with
17820.0 6108.0 64.0 72.0 a
17960.0 6092.0 288.0 92.0 view
18328.0 6084.0 420.0 104.0 toward

16536.0 6224.0 332.0 92.0 lower
16972.0 6220.0 304.0 96.0 rates
17376.0 6224.0 348.0 96.0 would
17836.0 6224.0 128.0 92.0 be
18064.0 6228.0 464.0 96.0 "foolish
18632.0 6224.0 128.0 104.0 at

16536.0 6364.0 224.0 88.0 this
16852.0 6352.0 360.0 120.0 time,"
17300.0 6360.0 292.0 96.0 John
17684.0 6364.0 112.0 96.0 L.
17884.0 6360.0 532.0 120.0 dishing,
18504.0 6360.0 256.0 120.0 City

16536.0 6496.0 540.0 108.0 Solicltnr,
17152.0 6500.0 236.0 92.0 said
17468.0 6496.0 220.0 96.0 late
17760.0 6504.0 620.0 112.0 yesterday.

16656.0 6636.0 524.0 104.0 Cushing.
17256.0 6636.0 244.0 92.0 who
17568.0 6640.0 584.0 96.0 conferred
18228.0 6636.0 264.0 96.0 with
18564.0 6636.0 192.0 96.0 the

16540.0 6776.0 380.0 96.0 Public
17104.0 6772.0 440.0 96.0 Service
17720.0 6772.0 736.0 96.0 Commission
18636.0 6776.0 128.0 92.0 at

16540.0 6912.0 612.0 96.0 Frankfort
17284.0 6912.0 140.0 92.0 all
17560.0 6912.0 536.0 112.0 Tuesday,
18236.0 6908.0 524.0 96.0 returned

16540.0 7052.0 584.0 116.0 yesterday
17232.0 7048.0 216.0 96.0 and
17560.0 7044.0 596.0 100.0 reiterated
18264.0 7048.0 248.0 96.0 that
18624.0 7048.0 136.0 88.0 he

16544.0 7188.0 348.0 96.0 would
17008.0 7188.0 404.0 100.0 Inform
17524.0 7188.0 184.0 92.0 the
17816.0 7184.0 360.0 96.0 Board
18292.0 7184.0 116.0 92.0 of
18508.0 7176.0 252.0 116.0 City

16536.0 7324.0 920.0 100.0 Commissioners
17592.0 7328.0 240.0 88.0 that
17964.0 7324.0 544.0 92.0 "chances
18640.0 7316.0 124.0 100.0 of

16540.0 7464.0 528.0 108.0 lowering
17136.0 7484.0 196.0 96.0 gas
17400.0 7464.0 296.0 96.0 rates
17760.0 7460.0 116.0 96.0 at
17940.0 7460.0 228.0 96.0 this
18240.0 7460.0 260.0 92.0 time
18564.0 7476.0 196.0 72.0 are

16540.0 7604.0 644.0 120.0 practically
17268.0 7596.0 236.0 100.0 nil."

16660.0 7744.0 48.0 96.0 I
16768.0 7744.0 320.0 92.0 think
17144.0 7744.0 88.0 88.0 it
17288.0 7744.0 220.0 88.0 best
17576.0 7744.0 108.0 84.0 to
17736.0 7744.0 144.0 88.0 let
17944.0 7744.0 488.0 108.0 sleeping
18488.0 7744.0 272.0 96.0 dogs

16536.0 7876.0 240.0 108.0 lie,"
16836.0 7880.0 492.0 108.0 Cushing
17392.0 7876.0 264.0 92.0 said.

16664.0 8020.0 200.0 96.0 His
16928.0 8016.0 652.0 100.0 conference
17644.0 8012.0 260.0 92.0 with
17968.0 8012.0 192.0 92.0 the
18224.0 8004.0 252.0 104.0 PSC
18540.0 8000.0 220.0 100.0 will

16536.0 8160.0 128.0 92.0 be
16768.0 8152.0 512.0 120.0 repotted
17376.0 8156.0 116.0 88.0 at
17588.0 8148.0 188.0 96.0 the
17876.0 8148.0 444.0 112.0 regulnr
18416.0 8140.0 344.0 96.0 board

16540.0 8300.0 488.0 108.0 meeting
17100.0 8292.0 364.0 108.0 today,
17540.0 8292.0 116.0 88.0 at
17732.0 8288.0 356.0 92.0 which
18168.0 8288.0 268.0 88.0 time
18512.0 8288.0 252.0 84.0 that

16540.0 8440.0 372.0 108.0 report
17000.0 8432.0 92.0 88.0 is
17172.0 8420.0 520.0 116.0 expected
17780.0 8428.0 112.0 88.0 to
17980.0 8420.0 132.0 96.0 be
18196.0 8412.0 572.0 104.0 "received

16540.0 8572.0 216.0 96.0 and
16828.0 8568.0 328.0 100.0 filed"
17228.0 8564.0 140.0 116.0 by
17436.0 8564.0 180.0 92.0 the
17684.0 8556.0 952.0 104.0 Commissioners.

16668.0 8712.0 232.0 96.0 The
17084.0 8708.0 344.0 88.0 whole
17604.0 8700.0 724.0 108.0 controversy
18504.0 8708.0 272.0 76.0 over

16552.0 8848.0 432.0 112.0 getting
17040.0 8868.0 64.0 72.0 a
17164.0 8864.0 240.0 72.0 new
17456.0 8864.0 196.0 92.0 gas
17708.0 8836.0 572.0 96.0 franchise
18336.0 8820.0 436.0 108.0 started

16552.0 8996.0 212.0 92.0 last
16876.0 8984.0 476.0 116.0 Monday
17456.0 8984.0 312.0 92.0 when
17872.0 8976.0 252.0 120.0 City
18232.0 8972.0 540.0 112.0 Manager

16548.0 9132.0 300.0 100.0 Theo
16956.0 9120.0 584.0 120.0 Hageman
17652.0 9112.0 500.0 104.0 received
18260.0 9140.0 76.0 76.0 a
18440.0 9112.0 332.0 96.0 letter

16556.0 9272.0 640.0 116.0 requesting
17312.0 9264.0 184.0 96.0 the
17612.0 9256.0 288.0 120.0 "city
18016.0 9256.0 496.0 100.0 officials
18628.0 9256.0 148.0 88.0 do

16552.0 9412.0 628.0 108.0 something
17272.0 9408.0 112.0 96.0 to
17476.0 9404.0 328.0 96.0 lower
17896.0 9392.0 188.0 104.0 the
18168.0 9412.0 208.0 96.0 gas
18464.0 9380.0 344.0 136.0 rate",

16560.0 9556.0 284.0 92.0 from
16904.0 9544.0 384.0 104.0 Albert
17344.0 9544.0 128.0 100.0 R.
17528.0 9544.0 400.0 116.0 Keller,
17992.0 9536.0 416.0 100.0 former
18456.0 9528.0 272.0 96.0 Pres-

16560.0 9692.0 300.0 96.0 ident
16944.0 9688.0 116.0 100.0 of
17144.0 9688.0 188.0 96.0 the
17420.0 9684.0 436.0 92.0 Kenton
17944.0 9676.0 440.0 116.0 County
18460.0 9668.0 316.0 104.0 Good

16548.0 9832.0 760.0 100.0 Government
17392.0 9820.0 464.0 116.0 League.

16748.0 9992.0 680.0 108.0 POSITION
17492.0 9992.0 132.0 96.0 IS
17696.0 9984.0 888.0 104.0 EXPLAINED.

16672.0 10172.0 500.0 116.0 Cushing
17236.0 10168.0 200.0 96.0 has
17500.0 10160.0 680.0 100.0 maintained
18244.0 10160.0 184.0 96.0 the
18496.0 10152.0 236.0 120.0 posi-

16560.0 10320.0 228.0 96.0 tion
16864.0 10312.0 276.0 112.0 that,
17220.0 10308.0 616.0 112.0 regardless
17900.0 10300.0 124.0 100.0 of
18096.0 10300.0 248.0 92.0 who
18412.0 10296.0 368.0 96.0 wants

16560.0 10460.0 332.0 92.0 lower
16996.0 10476.0 200.0 92.0 gas
17304.0 10452.0 320.0 108.0 rates,
17728.0 10444.0 188.0 96.0 the
18024.0 10440.0 260.0 104.0 PSC
18392.0 10436.0 92.0 100.0 Is
18588.0 10436.0 192.0 100.0 the

16556.0 10596.0 668.0 108.0 controlling
17304.0 10612.0 412.0 92.0 agency
17796.0 10584.0 112.0 92.0 to
17992.0 10584.0 172.0 96.0 set
18244.0 10580.0 248.0 100.0 that
18572.0 10572.0 164.0 120.0 fig-

16564.0 10764.0 192.0 72.0 ure
16820.0 10736.0 220.0 96.0 and
17104.0 10728.0 352.0 104.0 sddad
17524.0 10728.0 240.0 100.0 that
17832.0 10720.0 332.0 100.0 "with
18232.0 10720.0 184.0 96.0 the
18484.0 10740.0 256.0 100.0 pres-

16564.0 10880.0 184.0 100.0 ent
16820.0 10876.0 264.0 112.0 high
17152.0 10868.0 272.0 104.0 level
17492.0 10868.0 112.0 100.0 of
17672.0 10864.0 468.0 96.0 salaries
18204.0 10860.0 216.0 100.0 and
18492.0 10880.0 240.0 72.0 com-

16564.0 11020.0 508.0 100.0 modities
17144.0 11008.0 680.0 116.0 throughout
17896.0 11004.0 192.0 100.0 the
18156.0 10996.0 500.0 120.0 country,
18728.0 10992.0 60.0 100.0 I

16564.0 11164.0 400.0 96.0 cannot
17056.0 11180.0 180.0 72.0 see
17332.0 11152.0 232.0 96.0 how
17660.0 11148.0 184.0 96.0 the
17944.0 11164.0 200.0 92.0 gas
18236.0 11156.0 552.0 100.0 company

16564.0 11328.0 204.0 72.0 can
16840.0 11300.0 436.0 100.0 furnish
17340.0 11316.0 64.0 68.0 a
17468.0 11292.0 328.0 100.0 lower
17864.0 11292.0 240.0 92.0 rate
18168.0 11280.0 116.0 100.0 to
18352.0 11300.0 432.0 100.0 anyone

16564.0 11448.0 116.0 96.0 at
16752.0 11444.0 224.0 104.0 this
17048.0 11432.0 360.0 100.0 time."

16684.0 11588.0 228.0 96.0 The
16972.0 11580.0 248.0 108.0 City
17276.0 11568.0 920.0 100.0 Commissioners
18252.0 11564.0 280.0 100.0 have
18592.0 11556.0 196.0 100.0 not

16560.0 11724.0 380.0 100.0 voiced
17044.0 11716.0 608.0 104.0 Individual
17748.0 11712.0 512.0 116.0 opinions
18356.0 11728.0 140.0 72.0 on
18600.0 11700.0 188.0 100.0 the

16560.0 11864.0 464.0 116.0 subject.

16684.0 12008.0 380.0 96.0 Keller
17124.0 12000.0 216.0 96.0 last
17408.0 11992.0 312.0 120.0 night
17760.0 11988.0 332.0 120.0 again
18136.0 11976.0 652.0 124.0 challenged

16560.0 12152.0 228.0 112.0 city
16868.0 12144.0 496.0 100.0 officials
17444.0 12144.0 112.0 92.0 to
17632.0 12136.0 308.0 116.0 "give
18020.0 12152.0 136.0 76.0 us
18240.0 12148.0 68.0 76.0 a
18384.0 12148.0 408.0 96.0 square

16564.0 12284.0 340.0 108.0 deal."

16688.0 12432.0 204.0 96.0 His
16976.0 12420.0 344.0 104.0 latest
17400.0 12412.0 384.0 112.0 attack
17872.0 12436.0 236.0 72.0 was
18200.0 12404.0 592.0 100.0 contained

16572.0 12580.0 104.0 92.0 In
16764.0 12596.0 60.0 72.0 a
16912.0 12568.0 400.0 100.0 second
17400.0 12560.0 324.0 100.0 letter
17800.0 12556.0 116.0 96.0 to
18000.0 12556.0 584.0 112.0 Hageman
18680.0 12548.0 112.0 96.0 In

16572.0 12712.0 360.0 100.0 which
16996.0 12700.0 376.0 104.0 Keller
17436.0 12700.0 260.0 100.0 took
17760.0 12692.0 296.0 104.0 Issue
18120.0 12696.0 272.0 96.0 with
18448.0 12684.0 296.0 104.0 Cush-

16572.0 12856.0 212.0 104.0 ing.
16664.0 12984.0 472.0 104.0 Keller's
17240.0 12980.0 332.0 100.0 letter
17676.0 12980.0 112.0 96.0 to
17892.0 12976.0 588.0 120.0 Hageman
18592.0 12964.0 152.0 100.0 fol

16544.0 13132.0 308.0 96.0 lows:

16668.0 13268.0 164.0 108.0 "It
16932.0 13264.0 92.0 100.0 Is
17116.0 13260.0 268.0 100.0 with
17480.0 13256.0 460.0 108.0 Interest
18028.0 13252.0 256.0 104.0 that
18380.0 13268.0 52.0 80.0 I
18520.0 13248.0 268.0 96.0 read

16544.0 13412.0 188.0 96.0 the
16828.0 13428.0 312.0 84.0 press
17236.0 13404.0 368.0 108.0 report
17692.0 13400.0 120.0 104.0 of
17904.0 13396.0 204.0 100.0 Mr.
18200.0 13388.0 592.0 108.0 Cushlng's

16544.0 13548.0 664.0 92.0 conference
17284.0 13544.0 260.0 96.0 with
17624.0 13536.0 184.0 100.0 the
17880.0 13532.0 392.0 104.0 Public
18348.0 13524.0 444.0 104.0 Service

16540.0 13692.0 772.0 100.0 Commission.
17484.0 13684.0 604.0 100.0 Inasmuch
18200.0 13700.0 128.0 76.0 as
18436.0 13672.0 108.0 104.0 I'
18600.0 13700.0 192.0 72.0 am

16548.0 13832.0 184.0 92.0 the
16792.0 13840.0 404.0 104.0 person
17252.0 13820.0 244.0 92.0 who
17552.0 13816.0 480.0 116.0 brought
18092.0 13812.0 228.0 96.0 this
18380.0 13808.0 416.0 96.0 matter

16552.0 13972.0 108.0 92.0 to
16732.0 13984.0 284.0 100.0 your
17088.0 13956.0 580.0 120.0 attention,
17744.0 13976.0 260.0 92.0 may
18076.0 13948.0 56.0 104.0 I
18216.0 13948.0 304.0 116.0 point
18596.0 13940.0 196.0 100.0 out

16544.0 14108.0 248.0 108.0 that
16864.0 14108.0 196.0 92.0 the
17128.0 14096.0 512.0 120.0 question
17716.0 14092.0 116.0 96.0 of
17908.0 14084.0 692.0 108.0 Installation
18676.0 14080.0 120.0 100.0 of

16548.0 14268.0 68.0 72.0 a
16692.0 14236.0 808.0 132.0 publlo-owned
17580.0 14228.0 760.0 112.0 Calorimeter,
18428.0 14220.0 368.0 104.0 which

16560.0 14384.0 92.0 88.0 Is
16720.0 14400.0 68.0 72.0 a
16856.0 14384.0 380.0 88.0 device
17304.0 14384.0 172.0 84.0 for
17536.0 14384.0 556.0 96.0 checking
18160.0 14384.0 216.0 80.0 ana
18448.0 14384.0 308.0 72.0 meas-

16564.0 14516.0 328.0 108.0 uring
17020.0 14512.0 192.0 92.0 the
17340.0 14508.0 420.0 96.0 British
17884.0 14500.0 484.0 96.0 thermal
18492.0 14496.0 316.0 96.0 units

16576.0 14656.0 384.0 96.0 (BTU)
17036.0 14648.0 516.0 96.0 contents
17616.0 14644.0 120.0 96.0 of
17796.0 14664.0 228.0 100.0 gas,
18092.0 14664.0 232.0 76.0 was
18392.0 14640.0 192.0 96.0 not
18648.0 14632.0 112.0 104.0 In-

16560.0 14792.0 384.0 96.0 eluded
17088.0 14788.0 108.0 92.0 In
17344.0 14788.0 192.0 92.0 Mr.
17668.0 14780.0 596.0 120.0 Cushlng's
18396.0 14772.0 408.0 128.0 report.

16564.0 14928.0 304.0 120.0 Why,
16936.0 14948.0 256.0 92.0 may
17248.0 14924.0 56.0 96.0 I
17360.0 14920.0 280.0 100.0 ask?

16940.0 15084.0 528.0 112.0 rOlNTS
17528.0 15092.0 184.0 100.0 TO
17768.0 15088.0 636.0 104.0 MISTERS.

16676.0 15268.0 184.0 100.0 "In
16964.0 15284.0 332.0 96.0 every
17388.0 15264.0 320.0 100.0 home
17804.0 15268.0 336.0 108.0 using
18232.0 15288.0 200.0 96.0 gas
18524.0 15256.0 272.0 104.0 both

16548.0 15408.0 176.0 100.0 for
16816.0 15408.0 468.0 112.0 heating
17372.0 15404.0 216.0 96.0 and
17676.0 15404.0 488.0 116.0 rooking
18260.0 15424.0 536.0 96.0 purposes

16548.0 15552.0 184.0 92.0 the
16828.0 15572.0 200.0 88.0 gas
17120.0 15564.0 544.0 96.0 company
17752.0 15544.0 436.0 100.0 Installs
18280.0 15564.0 72.0 72.0 a
18432.0 15544.0 364.0 96.0 meter

16544.0 15692.0 176.0 88.0 for
16780.0 15680.0 548.0 120.0 checking
17388.0 15680.0 112.0 96.0 of
17560.0 15684.0 604.0 100.0 household
18208.0 15700.0 544.0 96.0 consump

16544.0 15828.0 264.0 100.0 tion.
16940.0 15820.0 128.0 100.0 In
17136.0 15824.0 320.0 96.0 other
17516.0 15824.0 388.0 100.0 words,
17976.0 15824.0 188.0 96.0 the
18228.0 15844.0 200.0 92.0 gas
18496.0 15844.0 244.0 68.0 com

16548.0 15984.0 288.0 96.0 pany
16956.0 15964.0 264.0 92.0 does
17336.0 15964.0 192.0 96.0 not
17648.0 15964.0 288.0 96.0 trust
18060.0 15960.0 184.0 100.0 the
18368.0 15960.0 416.0 116.0 people.

16540.0 16104.0 312.0 116.0 Why,
16916.0 16100.0 300.0 112.0 then,
17280.0 16124.0 256.0 92.0 may
17592.0 16100.0 56.0 104.0 I
17708.0 16100.0 232.0 108.0 ssk,
18012.0 16128.0 192.0 68.0 are
18264.0 16120.0 164.0 72.0 we
18488.0 16120.0 240.0 72.0 com-

16544.0 16240.0 344.0 116.0 pelled
16976.0 16244.0 120.0 92.0 to
17176.0 16244.0 292.0 92.0 trust
17548.0 16240.0 184.0 96.0 the
17808.0 16264.0 204.0 88.0 gas
18088.0 16232.0 692.0 120.0 company?"

16660.0 16380.0 380.0 96.0 Keller
17116.0 16380.0 240.0 96.0 said
17436.0 16380.0 248.0 96.0 that
17760.0 16400.0 328.0 96.0 every
18168.0 16380.0 616.0 96.0 indication

16540.0 16520.0 444.0 116.0 pointed
17056.0 16520.0 116.0 92.0 to
17240.0 16516.0 444.0 100.0 himself
17744.0 16520.0 220.0 92.0 snd
18032.0 16520.0 320.0 92.0 other
18420.0 16540.0 312.0 92.0 prom-

16536.0 16664.0 304.0 100.0 inent
16904.0 16656.0 552.0 96.0 members
17508.0 16656.0 116.0 96.0 of
17676.0 16660.0 184.0 92.0 the
17916.0 16656.0 452.0 96.0 Kenton
18420.0 16656.0 316.0 100.0 Coun

16536.0 16808.0 116.0 108.0 ty
16720.0 16796.0 308.0 96.0 Good
17100.0 16796.0 752.0 100.0 Government
17920.0 16792.0 452.0 120.0 League
18444.0 16796.0 344.0 116.0 going;

16536.0 16940.0 112.0 92.0 to
16760.0 16928.0 620.0 108.0 Frankfort
17484.0 16928.0 280.0 104.0 "and
17880.0 16932.0 632.0 120.0 personally
18620.0 16932.0 120.0 100.0 in

16540.0 17080.0 488.0 112.0 forming
17144.0 17076.0 184.0 96.0 the
17452.0 17076.0 256.0 96.0 PSC
17812.0 17072.0 236.0 116.0 just
18168.0 17076.0 308.0 96.0 what
18588.0 17076.0 200.0 96.0 the

16536.0 17240.0 196.0 92.0 gas
16804.0 17212.0 540.0 100.0 situation
17416.0 17212.0 108.0 96.0 in
17592.0 17212.0 624.0 112.0 Covington
18292.0 17212.0 496.0 116.0 actually

16540.0 17356.0 88.0 96.0 Is
16716.0 17364.0 220.0 92.0 and
17024.0 17352.0 300.0 100.0 what
17412.0 17372.0 204.0 76.0 can
17704.0 17352.0 132.0 100.0 be
17924.0 17356.0 284.0 96.0 done
18296.0 17356.0 112.0 96.0 to
18500.0 17376.0 236.0 80.0 rem

16536.0 17496.0 208.0 120.0 edy
16812.0 17488.0 176.0 100.0 it."

16600.0 17792.0 416.0 384.0 SIX
17160.0 17792.0 1552.0 384.0 DEMOCRATS

16540.0 18448.0 296.0 136.0 SiM'k
16976.0 18444.0 724.0 140.0 Nomination
17832.0 18452.0 220.0 136.0 For
18176.0 18448.0 616.0 172.0 Maysville

16708.0 18656.0 264.0 172.0 City
17040.0 18652.0 892.0 132.0 Commissioner
18088.0 18656.0 508.0 132.0 Election

17068.0 18856.0 504.0 136.0 Interest
17644.0 18856.0 112.0 136.0 h
17832.0 18864.0 416.0 164.0 Slight.

16604.0 19156.0 300.0 64.0 PKI'lJtt.
16960.0 19152.0 336.0 64.0 TrtKI'ATI
17340.0 19152.0 64.0 60.0 Ft
17464.0 19152.0 108.0 64.0 TO
17628.0 19152.0 184.0 64.0 THJI
17868.0 19152.0 476.0 76.0 KNQeUHlll.

16664.0 19272.0 600.0 116.0 Maysville,
17328.0 19276.0 240.0 112.0 Ky,
17628.0 19272.0 264.0 116.0 July
17952.0 19276.0 124.0 96.0 23
18208.0 19272.0 564.0 120.0 Although

16540.0 19412.0 308.0 92.0 there
16956.0 19432.0 188.0 72.0 are
17252.0 19408.0 168.0 96.0 six
17516.0 19412.0 464.0 112.0 seeking
18080.0 19412.0 196.0 96.0 the
18376.0 19420.0 360.0 96.0 Demo

16536.0 19552.0 348.0 88.0 cratic
17000.0 19544.0 688.0 100.0 nomination
17804.0 19548.0 180.0 96.0 for
18096.0 19552.0 256.0 112.0 City
18456.0 19548.0 276.0 100.0 Com

16540.0 19688.0 612.0 104.0 missioner,
17268.0 19684.0 268.0 96.0 with
17652.0 19688.0 216.0 92.0 two
17988.0 19688.0 116.0 100.0 to
18216.0 19684.0 136.0 96.0 be
18464.0 19712.0 264.0 72.0 nom-

16536.0 19824.0 376.0 92.0 inated
17020.0 19828.0 120.0 88.0 at
17244.0 19820.0 184.0 96.0 the
17536.0 19824.0 432.0 112.0 August
18076.0 19828.0 64.0 96.0 2
18244.0 19820.0 532.0 124.0 primary,

16540.0 19964.0 460.0 92.0 interest
17092.0 19956.0 260.0 96.0 thus
17440.0 19956.0 180.0 96.0 far
17712.0 19964.0 92.0 92.0 is
17892.0 19960.0 488.0 116.0 lacking.

16640.0 20100.0 376.0 120.0 Harry
17144.0 20096.0 212.0 108.0 Lee
17488.0 20104.0 688.0 112.0 Waterfield,
18304.0 20104.0 472.0 116.0 seeking

16536.0 20240.0 184.0 88.0 the
16876.0 20236.0 700.0 96.0 Democratic
17736.0 20232.0 696.0 104.0 nomination
18592.0 20240.0 184.0 96.0 for

16532.0 20376.0 600.0 108.0 Governor,
17200.0 20372.0 92.0 92.0 is
17356.0 20372.0 188.0 96.0 the
17608.0 20376.0 256.0 116.0 only
17928.0 20372.0 844.0 120.0 gubernatorial

16532.0 20508.0 588.0 96.0 candidate
17244.0 20512.0 244.0 92.0 who
17616.0 20512.0 200.0 92.0 has
17940.0 20516.0 556.0 96.0 delivered
18620.0 20536.0 152.0 76.0 an

16536.0 20648.0 456.0 96.0 address
17076.0 20644.0 260.0 96.0 here
17420.0 20652.0 100.0 92.0 in
17608.0 20648.0 184.0 96.0 the
17876.0 20648.0 632.0 120.0 campaign.

16652.0 20784.0 644.0 108.0 Attracting
17392.0 20804.0 300.0 72.0 some
17788.0 20784.0 500.0 116.0 interest,
18388.0 20792.0 96.0 92.0 is
18580.0 20788.0 196.0 100.0 the

16536.0 20948.0 244.0 72.0 race
16892.0 20920.0 176.0 96.0 for
17172.0 20920.0 184.0 92.0 the
17460.0 20924.0 708.0 96.0 Democratic
18272.0 20928.0 456.0 92.0 nomina-

16532.0 21064.0 228.0 88.0 tion
16880.0 21056.0 176.0 96.0 for
17164.0 21056.0 948.0 100.0 Commonwealth
18224.0 21064.0 552.0 112.0 Attorney

16532.0 21200.0 112.0 88.0 of
16728.0 21200.0 188.0 88.0 the
17000.0 21192.0 244.0 96.0 19th
17328.0 21196.0 472.0 100.0 Judicial
17888.0 21200.0 508.0 108.0 District,
18480.0 21224.0 240.0 68.0 com-

16536.0 21332.0 328.0 112.0 posed
17024.0 21328.0 116.0 100.0 of
17304.0 21332.0 412.0 112.0 Mason,
17876.0 21332.0 516.0 116.0 Fleming
18544.0 21336.0 228.0 100.0 and

16536.0 21468.0 508.0 92.0 Bracken
17164.0 21468.0 552.0 96.0 Counties.
17872.0 21472.0 232.0 96.0 The
18228.0 21476.0 548.0 112.0 opposing

16520.0 21612.0 652.0 96.0 candidates
17256.0 21640.0 184.0 68.0 are
17524.0 21612.0 288.0 100.0 Matt
17896.0 21612.0 96.0 100.0 J.
18080.0 21612.0 684.0 120.0 Hennessey,

16532.0 21752.0 112.0 84.0 of
16744.0 21752.0 504.0 104.0 Augusta
17352.0 21752.0 212.0 88.0 and
17672.0 21752.0 608.0 108.0 Maysville,
18376.0 21780.0 72.0 72.0 a
18544.0 21752.0 180.0 88.0 for-

16532.0 21908.0 232.0 68.0 mer
16852.0 21880.0 936.0 96.0 Commonwealth
17876.0 21888.0 580.0 112.0 Attorney,
18540.0 21884.0 232.0 104.0 and

16532.0 22016.0 436.0 96.0 Russell
17056.0 22020.0 424.0 116.0 rorter,
17560.0 22020.0 576.0 112.0 Maysville
18220.0 22024.0 552.0 112.0 attorney.

16660.0 22156.0 488.0 92.0 Addison
17292.0 22152.0 112.0 100.0 L.
17548.0 22152.0 484.0 116.0 Everett,
18188.0 22156.0 580.0 112.0 Maysville

16532.0 22292.0 768.0 96.0 businessman
17392.0 22292.0 88.0 92.0 Is
17560.0 22292.0 464.0 116.0 seeking
18104.0 22296.0 188.0 96.0 the
18368.0 22300.0 404.0 96.0 Demo-

16528.0 22456.0 52.0 60.0 r
16600.0 22428.0 276.0 92.0 ratio
17040.0 22428.0 680.0 92.0 nomination
17888.0 22428.0 180.0 96.0 for
18232.0 22432.0 532.0 96.0 Railroad

16532.0 22564.0 860.0 96.0 Commissioner
17496.0 22564.0 172.0 92.0 for
17776.0 22564.0 188.0 96.0 the
18072.0 22564.0 344.0 100.0 Third
18520.0 22564.0 200.0 100.0 Dis-

16532.0 22704.0 292.0 96.0 trict.
16652.0 22840.0 228.0 92.0 The
16968.0 22840.0 164.0 92.0 six
17220.0 22864.0 244.0 68.0 men
17552.0 22836.0 464.0 124.0 seeking
18100.0 22844.0 184.0 92.0 the
18364.0 22848.0 356.0 96.0 Demo

16528.0 22976.0 348.0 92.0 cratic
16996.0 22976.0 684.0 96.0 nomination
17788.0 22976.0 184.0 96.0 for
18084.0 22976.0 252.0 116.0 City
18444.0 22984.0 276.0 96.0 Com-

16528.0 23124.0 580.0 88.0 missioner
17208.0 23144.0 188.0 72.0 are
17500.0 23116.0 384.0 100.0 James
17988.0 23124.0 144.0 92.0 M.
18236.0 23120.0 532.0 124.0 Buckley,

16532.0 23256.0 668.0 104.0 Incumbent,
17268.0 23256.0 372.0 112.0 Bryan
17708.0 23256.0 568.0 112.0 Greenlee,
18340.0 23256.0 376.0 100.0 incum-

16532.0 23392.0 288.0 112.0 bent,
16904.0 23388.0 480.0 100.0 Andrew
17464.0 23388.0 508.0 116.0 Clooney,
18052.0 23392.0 488.0 100.0 Thomas
18620.0 23396.0 144.0 96.0 R.

16532.0 23528.0 616.0 108.0 Valentine,
17252.0 23524.0 512.0 100.0 Houston
17868.0 23524.0 120.0 104.0 L.
18088.0 23528.0 348.0 100.0 Wood
18536.0 23532.0 224.0 100.0 and

16532.0 23664.0 348.0 92.0 Lewis
16952.0 23660.0 288.0 100.0 Hall.

16656.0 23800.0 440.0 96.0 Clinton
17240.0 23784.0 408.0 128.0 House;
17792.0 23800.0 724.0 120.0 Republican,
18668.0 23808.0 100.0 100.0 la

16532.0 23932.0 468.0 100.0 without
17064.0 23932.0 620.0 120.0 opposition
17756.0 23936.0 180.0 96.0 for
18008.0 23944.0 188.0 96.0 the
18264.0 23940.0 456.0 100.0 nomina-

16532.0 24072.0 260.0 96.0 tion.
16532.0 24336.0 352.0 180.0 Plea
16956.0 24332.0 196.0 188.0 Of
17212.0 24340.0 700.0 180.0 Innocent
17980.0 24344.0 448.0 184.0 Made

16760.0 24576.0 216.0 212.0 By
17036.0 24576.0 700.0 184.0 Florence
17792.0 24584.0 380.0 180.0 Malt
18232.0 24584.0 548.0 188.0 Dealer

16664.0 24816.0 296.0 96.0 John
17056.0 24816.0 272.0 120.0 Ray,
17420.0 24820.0 144.0 112.0 36,
17656.0 24820.0 184.0 100.0 848
17932.0 24832.0 320.0 100.0 Dixie
18344.0 24832.0 424.0 112.0 Hgwy,

16548.0 24956.0 556.0 108.0 Florence,
17232.0 24960.0 452.0 116.0 pleaded
17812.0 24968.0 532.0 100.0 innocent
18464.0 24976.0 120.0 92.0 of
18696.0 25004.0 80.0 72.0 a

16544.0 25100.0 408.0 120.0 charge
17020.0 25096.0 120.0 96.0 of
17204.0 25104.0 520.0 116.0 carrying
17788.0 25128.0 140.0 72.0 on
18000.0 25116.0 192.0 88.0 the
18256.0 25108.0 516.0 104.0 business

16544.0 25244.0 112.0 92.0 of
16748.0 25272.0 68.0 68.0 a
16904.0 25244.0 584.0 96.0 wholesale
17584.0 25244.0 276.0 108.0 malt
17944.0 25248.0 364.0 120.0 liquor
18392.0 25256.0 384.0 96.0 dealer

16544.0 25384.0 468.0 96.0 without
17076.0 25408.0 396.0 96.0 proper
17536.0 25384.0 472.0 104.0 Federal
18072.0 25396.0 196.0 92.0 tax
18336.0 25396.0 436.0 112.0 stamps

16544.0 25524.0 588.0 112.0 yesterday
17172.0 25520.0 372.0 96.0 before
17600.0 25524.0 256.0 104.0 Orle
17916.0 25528.0 104.0 104.0 S,
18072.0 25532.0 356.0 120.0 Ware,
18480.0 25528.0 128.0 104.0 U.
18664.0 25532.0 108.0 108.0 S.

16544.0 25660.0 888.0 112.0 Commissioner,
17500.0 25660.0 660.0 124.0 Covington.

16664.0 25804.0 232.0 96.0 The
16996.0 25804.0 608.0 104.0 defendant
17696.0 25824.0 236.0 80.0 was
18020.0 25808.0 508.0 100.0 arrested
18620.0 25804.0 156.0 124.0 by

16544.0 25944.0 420.0 100.0 Robert
17056.0 25944.0 472.0 96.0 Perkins
17620.0 25948.0 220.0 100.0 and
17936.0 25948.0 424.0 96.0 Homer
18448.0 25948.0 272.0 100.0 Sulli

16540.0 26116.0 240.0 80.0 van,
16888.0 26088.0 412.0 112.0 special
17400.0 26088.0 796.0 116.0 investigators
18292.0 26084.0 180.0 104.0 for
18572.0 26088.0 200.0 104.0 the

16544.0 26228.0 464.0 96.0 Federal
17080.0 26224.0 452.0 100.0 Alcohol
17596.0 26228.0 240.0 96.0 Tax
17904.0 26228.0 300.0 100.0 Unit.

16664.0 26368.0 252.0 116.0 Ray
17004.0 26368.0 424.0 96.0 waived
17520.0 26364.0 760.0 104.0 examination
18376.0 26360.0 396.0 104.0 before

16544.0 26512.0 184.0 96.0 the
16800.0 26508.0 860.0 100.0 Commissioner
17728.0 26508.0 220.0 96.0 and
18016.0 26528.0 236.0 72.0 was
18324.0 26504.0 252.0 100.0 held
18644.0 26512.0 132.0 92.0 to

16548.0 26656.0 184.0 92.0 the
16796.0 26644.0 480.0 100.0 October
17340.0 26652.0 288.0 92.0 term
17696.0 26644.0 120.0 96.0 of
17880.0 26644.0 472.0 100.0 Federal
18416.0 26644.0 352.0 104.0 Court

16544.0 26792.0 352.0 100.0 under
16964.0 26788.0 244.0 112.0 $500
17268.0 26788.0 316.0 96.0 bond.

16596.0 27092.0 604.0 128.0 REALTY
17272.0 27088.0 416.0 124.0 BANK
17760.0 27084.0 568.0 128.0 OUTING
18396.0 27084.0 304.0 128.0 SET.

16644.0 27300.0 228.0 96.0 The
16968.0 27292.0 564.0 116.0 Campbell
17636.0 27288.0 436.0 124.0 County
18172.0 27284.0 368.0 100.0 Board
18640.0 27284.0 120.0 100.0 of

16520.0 27440.0 544.0 104.0 Realtors,
17112.0 27436.0 108.0 92.0 In
17276.0 27432.0 704.0 116.0 cooperation
18040.0 27428.0 264.0 96.0 with
18360.0 27424.0 348.0 120.0 Camp

16520.0 27580.0 208.0 96.0 bell
16788.0 27576.0 436.0 112.0 County
17284.0 27572.0 352.0 96.0 banks
17692.0 27572.0 220.0 92.0 and
17972.0 27568.0 500.0 116.0 building
18524.0 27568.0 236.0 96.0 and

16524.0 27720.0 248.0 92.0 loan
16860.0 27712.0 756.0 104.0 associations,
17692.0 27708.0 220.0 96.0 will
17992.0 27704.0 256.0 100.0 hold
18324.0 27728.0 68.0 72.0 a
18464.0 27704.0 292.0 116.0 joint

16528.0 27856.0 352.0 116.0 picnic
16960.0 27876.0 140.0 72.0 on
17176.0 27844.0 716.0 120.0 Wednesday,
17960.0 27848.0 436.0 112.0 August
18468.0 27844.0 84.0 108.0 6,
18632.0 27860.0 132.0 80.0 ac

16524.0 27996.0 496.0 120.0 Brogal's
17120.0 27996.0 388.0 112.0 Grove,
17612.0 27992.0 672.0 104.0 Melbourne,
18384.0 27984.0 104.0 104.0 J.
18588.0 27980.0 172.0 112.0 W,

16524.0 28136.0 444.0 108.0 Tarvln,
17064.0 28128.0 612.0 116.0 President,
17772.0 28116.0 656.0 108.0 announced
18516.0 28136.0 204.0 104.0 yes

16532.0 28276.0 420.0 116.0 terday.
