19480 29216
3056.0 1024.0 1984.0 688.0 THE
5488.0 1024.0 5536.0 688.0 CINCINNATI
11312.0 1040.0 5120.0 720.0 ENQUIRER

17184.0 1112.0 1224.0 304.0 FINAL

16936.0 1616.0 1712.0 304.0 EDITION

764.0 1176.0 724.0 136.0 TOD.WS
1592.0 1176.0 836.0 132.0 WEATHER

616.0 1412.0 868.0 112.0 CINCINNATI
1520.0 1416.0 304.0 100.0 AND
1860.0 1412.0 712.0 104.0 VICINITY:

736.0 1556.0 272.0 108.0 Fair
1076.0 1564.0 256.0 92.0 And
1400.0 1568.0 224.0 92.0 Not
1692.0 1560.0 328.0 112.0 Quito
2096.0 1564.0 144.0 96.0 So
2304.0 1556.0 268.0 100.0 Cool

740.0 1700.0 388.0 116.0 Today
1240.0 1696.0 252.0 100.0 And
1604.0 1688.0 516.0 128.0 Tonight.
2268.0 1696.0 304.0 120.0 High

736.0 1832.0 424.0 124.0 Today,
1232.0 1836.0 152.0 100.0 82.

8264.0 1852.0 712.0 156.0 Copyright,
9084.0 1852.0 344.0 144.0 1947,
9532.0 1860.0 208.0 120.0 the
9840.0 1856.0 700.0 124.0 Cincinnati
10640.0 1852.0 620.0 152.0 Enquirer

472.0 2424.0 552.0 176.0 I07th
1120.0 2424.0 568.0 168.0 YEAR
1944.0 2424.0 360.0 184.0 NO.
2416.0 2416.0 344.0 176.0 105
3016.0 2416.0 648.0 176.0 DAILY

7616.0 2416.0 1136.0 176.0 THURSDAY
8896.0 2424.0 1040.0 192.0 MORNING,
10088.0 2416.0 528.0 176.0 JULY
10760.0 2424.0 240.0 192.0 21,
11168.0 2416.0 368.0 176.0 1917

14428.0 2428.0 348.0 80.0 tnttrvtf
15076.0 2428.0 536.0 76.0 Mrond-cUn
15708.0 2424.0 308.0 76.0 nutttr
16116.0 2428.0 196.0 76.0 Aur
16424.0 2424.0 80.0 80.0 s,
16604.0 2420.0 240.0 72.0 17S

14424.0 2540.0 96.0 68.0 (t
14572.0 2536.0 144.0 72.0 Ult
14768.0 2532.0 196.0 76.0 Fort
15020.0 2532.0 308.0 80.0 Olllct,
15380.0 2528.0 500.0 80.0 CUKtmutl,
15932.0 2520.0 248.0 88.0 Ohio,
16236.0 2520.0 152.0 80.0 Act
16436.0 2520.0 88.0 76.0 of
16580.0 2520.0 268.0 76.0 M7i.

17560.0 2412.0 500.0 168.0 FIVE
18160.0 2412.0 660.0 168.0 CENTS

416.0 2928.0 1352.0 808.0 Test
2112.0 2920.0 2640.0 816.0 Grounds
5080.0 2936.0 1192.0 800.0 Are
6592.0 2936.0 984.0 808.0 Set
7904.0 2952.0 896.0 984.0 Up

904.0 3968.0 1104.0 792.0 For
2336.0 3960.0 664.0 808.0 U.
3320.0 3960.0 528.0 808.0 S.
4160.0 3960.0 2848.0 992.0 Weapons
7352.0 3968.0 808.0 808.0 At
8504.0 3968.0 1072.0 808.0 Sea

9672.0 2936.0 2224.0 1000.0 Capitol
12008.0 2944.0 2584.0 992.0 Weapon
14736.0 2936.0 2304.0 808.0 Carrier
17184.0 2928.0 1448.0 808.0 Held

12000.0 3968.0 1712.0 808.0 After
14040.0 3968.0 3000.0 800.0 Truman's
17376.0 3960.0 1456.0 808.0 Visit

10152.0 3984.0 1496.0 800.0 Soon

116.0 27700.0 128.0 152.0 V;

496.0 5192.0 2040.0 480.0 ATOMPLANTS

388.0 6004.0 732.0 336.0 Going
1308.0 6004.0 496.0 264.0 Full
1996.0 5996.0 644.0 268.0 Blast

384.0 6676.0 448.0 216.0 With
924.0 6680.0 200.0 212.0 U.
1216.0 6680.0 172.0 208.0 S.
1488.0 6668.0 828.0 216.0 Resolved
2408.0 6672.0 224.0 208.0 To

620.0 7016.0 828.0 212.0 Maintain
1528.0 7020.0 240.0 204.0 Its
1848.0 7004.0 516.0 216.0 Lead.

380.0 7552.0 184.0 168.0 So
692.0 7548.0 360.0 196.0 Says
1192.0 7540.0 596.0 168.0 Civilian
1912.0 7540.0 404.0 200.0 Body
2440.0 7532.0 188.0 164.0 As

516.0 7792.0 140.0 160.0 It
772.0 7788.0 392.0 160.0 Calls
1280.0 7788.0 276.0 156.0 For
1672.0 7772.0 272.0 168.0 Aid
2064.0 7776.0 416.0 160.0 From

732.0 8024.0 580.0 164.0 Private
1392.0 8016.0 860.0 200.0 Enterprise.

496.0 8308.0 780.0 112.0 Washington,
1316.0 8300.0 260.0 116.0 July
1656.0 8296.0 120.0 100.0 23
1920.0 8292.0 344.0 100.0 (INS)
2404.0 8240.0 244.0 144.0 The'

376.0 8468.0 436.0 108.0 Atomic
944.0 8468.0 456.0 124.0 Energy
1528.0 8460.0 744.0 96.0 Commission
2400.0 8452.0 228.0 100.0 told

376.0 8644.0 552.0 120.0 Congress
1016.0 8644.0 348.0 112.0 today
1448.0 8636.0 252.0 96.0 that
1784.0 8632.0 88.0 96.0 it
1956.0 8652.0 236.0 72.0 was
2280.0 8648.0 312.0 96.0 press-

376.0 8812.0 196.0 120.0 ing
700.0 8812.0 180.0 92.0 for
1012.0 8800.0 816.0 132.0 improvement
1960.0 8796.0 128.0 96.0 of
2220.0 8792.0 408.0 96.0 atomic

376.0 8972.0 520.0 92.0 weapons
968.0 8948.0 224.0 96.0 and
1272.0 8944.0 248.0 96.0 that
1592.0 8944.0 84.0 96.0 it
1744.0 8960.0 236.0 68.0 was
2052.0 8928.0 532.0 96.0 establish-

376.0 9088.0 196.0 116.0 ing
640.0 9088.0 472.0 116.0 proving
1188.0 9076.0 488.0 124.0 grounds
1752.0 9076.0 112.0 92.0 in
1936.0 9068.0 192.0 96.0 the
2204.0 9064.0 424.0 96.0 Pacific

380.0 9220.0 372.0 100.0 Ocean
828.0 9224.0 116.0 92.0 to
1020.0 9224.0 232.0 92.0 test
1324.0 9236.0 244.0 76.0 new
1640.0 9208.0 868.0 108.0 developments.

504.0 9360.0 224.0 96.0 The
868.0 9352.0 720.0 96.0 commission
1732.0 9336.0 516.0 96.0 declared
2384.0 9332.0 248.0 96.0 that

376.0 9492.0 496.0 100.0 talented
972.0 9488.0 572.0 96.0 scientists
1632.0 9480.0 224.0 92.0 and
1960.0 9480.0 212.0 104.0 key
2264.0 9468.0 324.0 96.0 indus-

372.0 9632.0 280.0 96.0 tries
752.0 9640.0 300.0 92.0 must
1160.0 9612.0 668.0 128.0 participate
1936.0 9608.0 484.0 116.0 actively
2520.0 9604.0 108.0 96.0 in

376.0 9772.0 192.0 92.0 the
668.0 9764.0 412.0 96.0 atomic
1188.0 9780.0 520.0 96.0 program
1840.0 9772.0 276.0 72.0 even
2224.0 9744.0 88.0 92.0 if
2408.0 9744.0 224.0 92.0 this

376.0 9900.0 396.0 100.0 should
928.0 9896.0 672.0 96.0 necessitate
1756.0 9888.0 420.0 108.0 setting
2328.0 9876.0 304.0 96.0 aside

380.0 10044.0 304.0 92.0 what
820.0 10036.0 268.0 120.0 they
1236.0 10052.0 240.0 76.0 now
1620.0 10048.0 288.0 72.0 were
2056.0 10016.0 336.0 112.0 doing
2520.0 10016.0 112.0 88.0 to

376.0 10172.0 552.0 100.0 maintain
1048.0 10168.0 596.0 96.0 American
1772.0 10152.0 628.0 112.0 leadership
2520.0 10144.0 108.0 100.0 in

380.0 10312.0 456.0 100.0 nuclear
920.0 10308.0 472.0 96.0 science.

508.0 10448.0 224.0 96.0 The
852.0 10428.0 812.0 108.0 commission's
1788.0 10420.0 408.0 104.0 second
2320.0 10416.0 272.0 104.0 semi-

376.0 10576.0 420.0 104.0 annual
900.0 10580.0 384.0 112.0 report
1388.0 10576.0 112.0 88.0 to
1600.0 10572.0 192.0 96.0 the
1900.0 10560.0 408.0 100.0 Senate
2416.0 10556.0 216.0 96.0 and

380.0 10716.0 376.0 100.0 House
844.0 10740.0 284.0 88.0 gave
1220.0 10732.0 136.0 76.0 no
1444.0 10700.0 400.0 100.0 details
1928.0 10724.0 144.0 68.0 on
2160.0 10696.0 188.0 92.0 the
2436.0 10688.0 160.0 96.0 Pa-

380.0 10860.0 260.0 92.0 cific
752.0 10852.0 428.0 108.0 testing
1292.0 10840.0 456.0 116.0 ground,
1868.0 10832.0 404.0 116.0 saying
2384.0 10828.0 252.0 108.0 only

380.0 10992.0 256.0 96.0 that
708.0 10988.0 84.0 92.0 it
868.0 10988.0 372.0 96.0 would
1320.0 10980.0 128.0 96.0 be
1528.0 10972.0 272.0 96.0 used
1876.0 10972.0 184.0 92.0 for
2136.0 10964.0 496.0 96.0 "routine

380.0 11128.0 756.0 120.0 experiments
1252.0 11116.0 220.0 100.0 and
1588.0 11116.0 284.0 92.0 tests
1992.0 11104.0 116.0 96.0 of
2224.0 11100.0 404.0 96.0 atomic

380.0 11260.0 620.0 120.0 weapons."

508.0 11412.0 228.0 68.0 thp
816.0 11404.0 376.0 76.0 rpnnrt
1304.0 11396.0 268.0 84.0 with
1652.0 11392.0 188.0 88.0 the
1924.0 11392.0 284.0 88.0 erim
2284.0 11404.0 308.0 72.0 warn

384.0 11540.0 200.0 116.0 ing
672.0 11540.0 252.0 100.0 that
1020.0 11540.0 488.0 96.0 reliance
1600.0 11556.0 144.0 72.0 on
1836.0 11532.0 236.0 88.0 this
2164.0 11516.0 480.0 100.0 nation's

384.0 11680.0 484.0 112.0 existing
956.0 11676.0 628.0 92.0 know-how
1668.0 11672.0 324.0 88.0 could
2084.0 11672.0 128.0 80.0 be
2300.0 11672.0 300.0 80.0 disas-

384.0 11820.0 344.0 104.0 trous,
852.0 11812.0 248.0 96.0 said
1228.0 11816.0 304.0 84.0 "new
1656.0 11820.0 576.0 96.0 processes
2360.0 11796.0 276.0 92.0 have

388.0 11948.0 276.0 104.0 been
732.0 11944.0 668.0 120.0 developed"
1472.0 11944.0 120.0 92.0 at
1660.0 11936.0 416.0 96.0 atomic
2152.0 11924.0 448.0 100.0 installa-

224.0 12164.0 44.0 40.0 ,
392.0 12096.0 296.0 88.0 tions
756.0 12088.0 368.0 92.0 which
1200.0 12104.0 192.0 72.0 are
1468.0 12080.0 336.0 112.0 going
1876.0 12068.0 208.0 96.0 full
2156.0 12064.0 296.0 92.0 blast
2524.0 12064.0 116.0 88.0 at

388.0 12228.0 248.0 92.0 Oak
712.0 12220.0 384.0 116.0 Ridge,
1180.0 12220.0 372.0 100.0 Tenn.,
1632.0 12200.0 552.0 112.0 Hanford,
2264.0 12196.0 372.0 96.0 Wash,

384.0 12364.0 224.0 100.0 and
688.0 12360.0 628.0 92.0 elsewhere.
1456.0 12348.0 108.0 92.0 It
1636.0 12348.0 420.0 92.0 stated:

504.0 12500.0 324.0 124.0 "The,
852.0 12488.0 748.0 100.0 Commission
1672.0 12484.0 204.0 88.0 has
1940.0 12480.0 328.0 112.0 given
2340.0 12472.0 248.0 120.0 prin-

380.0 12640.0 288.0 116.0 cipal
752.0 12636.0 564.0 92.0 attention
1400.0 12632.0 108.0 88.0 to
1584.0 12620.0 548.0 112.0 fulfilling
2216.0 12616.0 184.0 92.0 the
2484.0 12636.0 112.0 68.0 re

368.0 12776.0 692.0 120.0 quirements
1116.0 12760.0 680.0 104.0 established
1848.0 12756.0 144.0 116.0 by
2040.0 12756.0 188.0 96.0 the
2280.0 12748.0 308.0 100.0 Presi-

380.0 12916.0 292.0 108.0 dent,
736.0 12912.0 268.0 92.0 with
1076.0 12908.0 192.0 96.0 the
1336.0 12900.0 384.0 96.0 advice
1784.0 12896.0 120.0 92.0 of
1972.0 12896.0 188.0 92.0 the
2224.0 12888.0 408.0 100.0 Armed

380.0 13048.0 436.0 108.0 Forces,
940.0 13072.0 124.0 68.0 as
1184.0 13048.0 120.0 96.0 to
1420.0 13036.0 188.0 96.0 the
1732.0 13028.0 664.0 120.0 production
2516.0 13024.0 116.0 96.0 of

384.0 13184.0 652.0 100.0 fissionable
1168.0 13176.0 576.0 100.0 materials
1872.0 13168.0 224.0 96.0 and
2220.0 13164.0 412.0 104.0 atomic

380.0 13344.0 552.0 96.0 weapons.

620.0 13488.0 348.0 108.0 NEW
1040.0 13484.0 656.0 108.0 SOURCES
1776.0 13468.0 612.0 112.0 SOUGHT.

504.0 13664.0 260.0 96.0 "We
860.0 13684.0 336.0 72.0 mean
1296.0 13664.0 116.0 92.0 to
1504.0 13652.0 556.0 100.0 maintain
2156.0 13648.0 228.0 96.0 and
2480.0 13644.0 112.0 104.0 in-

380.0 13828.0 380.0 76.0 crease
840.0 13800.0 196.0 96.0 the
1120.0 13796.0 460.0 120.0 present
1656.0 13788.0 780.0 120.0 preeminence
2516.0 13780.0 124.0 100.0 of

376.0 13944.0 192.0 100.0 the
660.0 13936.0 400.0 100.0 United
1144.0 13940.0 372.0 100.0 States
1596.0 13932.0 112.0 96.0 in
1788.0 13928.0 416.0 96.0 atomic
2280.0 13944.0 316.0 92.0 weap-

380.0 14108.0 204.0 72.0 ons
640.0 14080.0 284.0 92.0 until
988.0 14076.0 276.0 96.0 such
1324.0 14072.0 264.0 100.0 time
1644.0 14092.0 128.0 72.0 as
1832.0 14068.0 192.0 96.0 the
2080.0 14064.0 552.0 116.0 Congress

380.0 14220.0 452.0 96.0 affirms
888.0 14216.0 260.0 92.0 that
1200.0 14200.0 648.0 120.0 acceptable
1900.0 14200.0 688.0 96.0 internation-

376.0 14360.0 108.0 72.0 al
588.0 14352.0 712.0 80.0 agreements
1396.0 14344.0 284.0 88.0 have
1780.0 14336.0 280.0 96.0 been
2156.0 14332.0 480.0 96.0 reached

380.0 14492.0 224.0 92.0 and
668.0 14484.0 184.0 96.0 the
924.0 14476.0 724.0 120.0 appropriate
1712.0 14472.0 664.0 112.0 machinery
2432.0 14468.0 208.0 92.0 has

376.0 14632.0 284.0 88.0 tieen
716.0 14632.0 688.0 84.0 established
1464.0 14632.0 116.0 76.0 to
1644.0 14632.0 396.0 76.0 assure
2100.0 14632.0 256.0 68.0 mat
2416.0 14632.0 220.0 72.0 mis

372.0 14756.0 476.0 116.0 activity
912.0 14780.0 216.0 68.0 can
1196.0 14752.0 136.0 96.0 be
1404.0 14744.0 448.0 100.0 relaxed
1912.0 14740.0 480.0 96.0 without
2460.0 14760.0 176.0 72.0 en-

460.0 14896.0 544.0 116.0 angering
1080.0 14892.0 192.0 100.0 the
1352.0 14880.0 500.0 100.0 national
1932.0 14872.0 580.0 116.0 security."

196.0 15048.0 164.0 40.0 -"
508.0 15036.0 104.0 96.0 It
704.0 15028.0 556.0 96.0 disclosed
1356.0 15024.0 252.0 96.0 that
1704.0 15016.0 524.0 100.0 research
2324.0 15008.0 308.0 96.0 work

264.0 15160.0 236.0 136.0 7Jn
568.0 15168.0 664.0 100.0 connection
1304.0 15160.0 272.0 96.0 with
1644.0 15156.0 192.0 96.0 the
1912.0 15148.0 416.0 100.0 atomic
2400.0 15172.0 192.0 96.0 pro-

192.0 15276.0 80.0 36.0 "
388.0 15332.0 308.0 52.0 crnm
788.0 15328.0 232.0 56.0 was
1112.0 15304.0 332.0 80.0 hpinz
1528.0 15292.0 624.0 92.0 conducted
2288.0 15288.0 352.0 96.0 under

380.0 15448.0 516.0 96.0 contract
988.0 15464.0 128.0 72.0 or
1208.0 15436.0 592.0 100.0 otherwise
1936.0 15432.0 112.0 92.0 in
2148.0 15432.0 120.0 96.0 at
2360.0 15424.0 280.0 96.0 least

384.0 15584.0 120.0 96.0 52
584.0 15576.0 744.0 112.0 universities,
1408.0 15568.0 576.0 116.0 including
2064.0 15568.0 576.0 92.0 Columbia

308.0 15708.0 748.0 140.0 '.University,
1140.0 15712.0 900.0 100.0 Massachusetts
2108.0 15700.0 528.0 100.0 Institute

336.0 15824.0 176.0 132.0 "of
632.0 15852.0 716.0 120.0 Technology
1476.0 15844.0 216.0 100.0 and
1824.0 15848.0 200.0 92.0 the
2156.0 15836.0 484.0 104.0 Battello

384.0 15992.0 588.0 104.0 Memorial
1068.0 15992.0 536.0 96.0 Institute
1704.0 15984.0 112.0 96.0 in
1916.0 15976.0 320.0 100.0 Ohio.

508.0 16140.0 232.0 92.0 The
876.0 16124.0 724.0 100.0 commission
1732.0 16116.0 336.0 96.0 noted
2208.0 16108.0 424.0 120.0 signifl-

384.0 16272.0 384.0 72.0 rontlv
832.0 16264.0 256.0 80.0 that
1156.0 16260.0 144.0 84.0 its
1368.0 16260.0 224.0 84.0 five
1660.0 16248.0 556.0 96.0 DrinciPal
2288.0 16248.0 348.0 92.0 labor-

304.0 16404.0 500.0 100.0 ..atorles
896.0 16424.0 296.0 68.0 were
1288.0 16388.0 240.0 96.0 well
1628.0 16376.0 672.0 108.0 distributed
2396.0 16404.0 204.0 92.0 geo

388.0 16544.0 724.0 116.0 graphically.

516.0 16676.0 228.0 96.0 The
812.0 16668.0 216.0 100.0 Los
1100.0 16672.0 480.0 108.0 Alamos,
1644.0 16660.0 136.0 96.0 N.
1848.0 16652.0 320.0 108.0 Mex.,
2232.0 16648.0 364.0 96.0 Labor-

388.0 16820.0 348.0 104.0 atory,
808.0 16812.0 108.0 92.0 in
988.0 16808.0 504.0 92.0 addition
1564.0 16808.0 112.0 84.0 to
1748.0 16792.0 328.0 112.0 being
2140.0 16796.0 188.0 88.0 the
2392.0 16808.0 200.0 72.0 cen-

380.0 16948.0 180.0 96.0 ter
608.0 16944.0 116.0 92.0 of
784.0 16940.0 184.0 96.0 the
1028.0 16932.0 412.0 100.0 atomic
1496.0 16952.0 528.0 88.0 weapons
2080.0 16940.0 548.0 100.0 program,

384.0 17104.0 232.0 76.0 was
708.0 17076.0 580.0 96.0 described
1380.0 17096.0 124.0 68.0 as
1596.0 17064.0 340.0 112.0 doing
2020.0 17060.0 612.0 108.0 important

388.0 17212.0 520.0 104.0 research
1084.0 17208.0 312.0 96.0 work
1568.0 17208.0 108.0 88.0 in
1852.0 17208.0 776.0 80.0 fundamental

396.0 17352.0 452.0 92.0 nuclear
1004.0 17340.0 476.0 120.0 physics.

516.0 17480.0 564.0 100.0 Facilities
1208.0 17480.0 120.0 88.0 at
1456.0 17472.0 184.0 88.0 the
1768.0 17456.0 528.0 116.0 Argonne
2416.0 17452.0 176.0 96.0 Na-

384.0 17620.0 340.0 96.0 tional
808.0 17608.0 724.0 108.0 Laboratory,
1576.0 17624.0 268.0 68.0 near
1888.0 17592.0 516.0 108.0 Chicago,
2448.0 17612.0 184.0 72.0 are

388.0 17752.0 324.0 112.0 being
896.0 17740.0 608.0 120.0 expanded,
1684.0 17736.0 328.0 88.0 while
2192.0 17720.0 436.0 100.0 Clinton

388.0 17884.0 788.0 100.0 Laboratories
1260.0 17880.0 120.0 92.0 at
1460.0 17868.0 240.0 96.0 Oak
1788.0 17864.0 388.0 108.0 Ridge,
2264.0 17860.0 364.0 100.0 Tenn.,

388.0 18044.0 284.0 72.0 were
752.0 18016.0 240.0 100.0 said
1072.0 18020.0 112.0 84.0 to
1260.0 18008.0 128.0 92.0 be
1468.0 18000.0 612.0 116.0 producing
2156.0 17996.0 436.0 88.0 increas-

392.0 18160.0 192.0 116.0 ing
656.0 18148.0 616.0 120.0 quantities
1348.0 18136.0 116.0 100.0 of
1540.0 18136.0 856.0 108.0 radio-isotopes
2464.0 18124.0 176.0 96.0 for

396.0 18284.0 716.0 108.0 distribution
1232.0 18284.0 112.0 92.0 to
1460.0 18268.0 540.0 120.0 qualified
2120.0 18264.0 512.0 96.0 research

392.0 18424.0 524.0 104.0 workers.

588.0 18592.0 324.0 100.0 TWO
1012.0 18584.0 304.0 100.0 ARE
1408.0 18572.0 464.0 104.0 BEING
1960.0 18556.0 476.0 112.0 BUILT.

512.0 18764.0 232.0 96.0 The
816.0 18752.0 752.0 100.0 Brookhaven
1628.0 18736.0 540.0 104.0 National
2236.0 18728.0 364.0 100.0 Labor-

388.0 18904.0 352.0 104.0 atory,
864.0 18916.0 140.0 76.0 on
1132.0 18884.0 316.0 108.0 Long
1572.0 18872.0 412.0 108.0 Island,
2112.0 18872.0 220.0 96.0 and
2452.0 18868.0 188.0 92.0 the

392.0 19032.0 392.0 108.0 Knolls
836.0 19028.0 444.0 92.0 Atomic
1340.0 19020.0 388.0 92.0 Power
1776.0 19008.0 700.0 112.0 Laboratory
2524.0 19008.0 116.0 88.0 at

396.0 19156.0 800.0 116.0 Schenectady,
1268.0 19152.0 132.0 96.0 N.
1472.0 19144.0 152.0 116.0 Y.,
1700.0 19172.0 192.0 68.0 are
1968.0 19140.0 356.0 96.0 under
2392.0 19156.0 204.0 72.0 con-

392.0 19300.0 580.0 104.0 atruction.
520.0 19432.0 224.0 100.0 The
868.0 19420.0 752.0 104.0 commission,
1744.0 19404.0 480.0 100.0 without
2348.0 19424.0 248.0 76.0 men-

388.0 19572.0 436.0 108.0 tioning
1004.0 19548.0 588.0 128.0 published
1776.0 19544.0 440.0 116.0 reports
2396.0 19540.0 248.0 96.0 that

392.0 19704.0 408.0 100.0 atomic
860.0 19700.0 424.0 92.0 secrets
1344.0 19688.0 212.0 92.0 had
1616.0 19684.0 276.0 92.0 been
1952.0 19672.0 392.0 108.0 stolen,
2404.0 19668.0 232.0 100.0 said

392.0 19832.0 488.0 112.0 security
952.0 19820.0 692.0 120.0 regulations
1720.0 19816.0 108.0 88.0 in
1904.0 19808.0 348.0 96.0 effect
2324.0 19808.0 312.0 88.0 when

392.0 19976.0 92.0 96.0 it
576.0 19964.0 264.0 100.0 took
940.0 19984.0 268.0 72.0 over
1296.0 19952.0 508.0 108.0 January
1896.0 19944.0 56.0 92.0 1
2052.0 19940.0 216.0 96.0 had
2368.0 19932.0 272.0 96.0 been

396.0 20100.0 508.0 116.0 changed
968.0 20100.0 116.0 92.0 to
1148.0 20088.0 444.0 120.0 provide
1656.0 20080.0 448.0 116.0 greater
2160.0 20072.0 488.0 112.0 security

392.0 20244.0 224.0 100.0 and
708.0 20224.0 744.0 112.0 workability.

524.0 20380.0 108.0 96.0 It
704.0 20368.0 548.0 100.0 disclosed
1328.0 20364.0 248.0 92.0 that
1652.0 20380.0 68.0 72.0 a
1792.0 20368.0 408.0 96.0 survey
2272.0 20348.0 120.0 92.0 of
2464.0 20344.0 184.0 96.0 the

392.0 20508.0 800.0 104.0 effectiveness
1284.0 20500.0 116.0 92.0 of
1492.0 20496.0 496.0 104.0 security
2080.0 20504.0 564.0 76.0 measures

396.0 20652.0 224.0 96.0 still
720.0 20668.0 232.0 64.0 was
1052.0 20636.0 340.0 116.0 going
1488.0 20652.0 140.0 68.0 on
1728.0 20624.0 224.0 96.0 and
2056.0 20620.0 360.0 104.0 would
2516.0 20616.0 128.0 92.0 be

396.0 20784.0 188.0 96.0 the
680.0 20772.0 436.0 116.0 subject
1208.0 20768.0 116.0 92.0 of
1424.0 20760.0 628.0 96.0 "continual
2152.0 20748.0 488.0 100.0 review."

528.0 20908.0 768.0 120.0 "Large-scale
1372.0 20896.0 660.0 120.0 production
2104.0 20888.0 116.0 104.0 of
2292.0 20908.0 360.0 96.0 power

400.0 21064.0 184.0 96.0 for
672.0 21048.0 600.0 100.0 industrial
1364.0 21036.0 220.0 96.0 and
1676.0 21032.0 692.0 112.0 community
2460.0 21048.0 188.0 72.0 use

412.0 21196.0 580.0 96.0 continues
1092.0 21192.0 116.0 92.0 to
1300.0 21180.0 136.0 96.0 be
1528.0 21204.0 68.0 68.0 a
1684.0 21168.0 396.0 112.0 major,
2180.0 21164.0 88.0 96.0 if
2356.0 21168.0 256.0 108.0 long-

404.0 21340.0 316.0 100.0 term,
800.0 21328.0 284.0 112.0 goal.
1188.0 21320.0 224.0 96.0 But
1480.0 21340.0 68.0 68.0 a
1620.0 21308.0 472.0 100.0 number
2168.0 21308.0 116.0 92.0 of
2348.0 21304.0 304.0 92.0 basic

404.0 21476.0 560.0 96.0 advances
1028.0 21472.0 112.0 88.0 in
1208.0 21456.0 444.0 120.0 physics
1692.0 21448.0 224.0 96.0 will
1972.0 21448.0 132.0 96.0 be
2152.0 21440.0 504.0 116.0 required

408.0 21612.0 376.0 100.0 before
872.0 21624.0 376.0 96.0 power
1328.0 21596.0 92.0 96.0 is
1500.0 21584.0 560.0 120.0 produced
2144.0 21580.0 116.0 100.0 at
2340.0 21576.0 276.0 104.0 satis-

408.0 21752.0 444.0 104.0 factory
948.0 21736.0 604.0 108.0 efficiency
1648.0 21724.0 216.0 100.0 and
1972.0 21728.0 268.0 88.0 cost.
2368.0 21720.0 104.0 96.0 It
2568.0 21716.0 88.0 100.0 is

408.0 21880.0 688.0 124.0 speculative
1204.0 21936.0 300.0 36.0 ...
1604.0 21868.0 116.0 92.0 to
1808.0 21860.0 516.0 100.0 estimate
2412.0 21860.0 244.0 96.0 how

412.0 22024.0 260.0 120.0 long
748.0 22016.0 88.0 96.0 it
916.0 22012.0 224.0 96.0 will
1216.0 22004.0 224.0 104.0 be."

532.0 22160.0 288.0 92.0 "The
932.0 22144.0 808.0 108.0 continuation,
1852.0 22164.0 124.0 68.0 or
2084.0 22156.0 280.0 72.0 even
2472.0 22136.0 144.0 92.0 im-

404.0 22292.0 688.0 132.0 provement,
1172.0 22296.0 116.0 88.0 of
1380.0 22284.0 448.0 112.0 present
1916.0 22300.0 572.0 92.0 processes
2572.0 22276.0 92.0 96.0 is

404.0 22452.0 188.0 68.0 nnt
688.0 22424.0 540.0 96.0 enouch."
1320.0 22428.0 188.0 88.0 the
1600.0 22416.0 812.0 100.0 commission's
2504.0 22436.0 116.0 72.0 re

408.0 22584.0 252.0 116.0 port
784.0 22572.0 272.0 96.0 said.
1216.0 22564.0 216.0 92.0 "To
1560.0 22560.0 228.0 116.0 rely
1912.0 22584.0 144.0 68.0 on
2184.0 22556.0 476.0 116.0 existing

404.0 22712.0 652.0 108.0 knowledge
1176.0 22708.0 316.0 96.0 alone
1604.0 22704.0 364.0 88.0 would
2076.0 22704.0 136.0 88.0 be
2320.0 22704.0 300.0 84.0 disas-

408.0 22860.0 316.0 68.0 trrim
856.0 22856.0 280.0 72.0 How
1208.0 22844.0 404.0 84.0 efforts
1688.0 22840.0 112.0 88.0 in
1872.0 22840.0 784.0 88.0 fundamental

404.0 22992.0 524.0 100.0 research
1000.0 22992.0 304.0 88.0 must
1368.0 22980.0 128.0 96.0 be
1564.0 22972.0 320.0 100.0 made
1956.0 22976.0 704.0 112.0 comparable

404.0 23136.0 124.0 100.0 in
616.0 23136.0 540.0 100.0 intensity
1244.0 23136.0 216.0 80.0 and
1560.0 23136.0 468.0 76.0 oreaatn
2116.0 23136.0 116.0 68.0 oi
2324.0 23136.0 300.0 92.0 imag-

404.0 23272.0 428.0 100.0 ination
896.0 23272.0 116.0 88.0 to
1072.0 23264.0 192.0 92.0 the
1324.0 23256.0 508.0 100.0 wartime
1892.0 23252.0 348.0 100.0 effort
2300.0 23256.0 360.0 96.0 which

412.0 23404.0 560.0 128.0 produced
1096.0 23464.0 36.0 40.0 .
1248.0 23464.0 36.0 40.0 .
1396.0 23460.0 36.0 40.0 .
1548.0 23396.0 188.0 96.0 the
1864.0 23392.0 268.0 100.0 first
2252.0 23392.0 408.0 96.0 atomic

412.0 23544.0 416.0 104.0 bomb."

408.0 23812.0 432.0 192.0 THE
952.0 23804.0 1212.0 192.0 WEATHER:

412.0 24084.0 416.0 108.0 Fleas?,
920.0 24080.0 200.0 100.0 oil
1208.0 24076.0 200.0 96.0 Gill
1492.0 24080.0 544.0 108.0 Hummer,
2124.0 24072.0 320.0 100.0 make
2524.0 24096.0 140.0 96.0 up

688.0 24240.0 276.0 88.0 your
1040.0 24212.0 372.0 96.0 mind:

424.0 24356.0 252.0 108.0 Quit
764.0 24348.0 416.0 116.0 flirtin'
1308.0 24344.0 228.0 96.0 ri'h
1628.0 24344.0 400.0 96.0 winter
2172.0 24344.0 220.0 100.0 he's
2484.0 24352.0 184.0 92.0 not

692.0 24508.0 272.0 96.0 your
1040.0 24484.0 188.0 96.0 kin
1248.0 24484.0 128.0 92.0 ft!

544.0 24764.0 644.0 104.0 Cincinnati
1252.0 24756.0 220.0 100.0 and
1536.0 24760.0 540.0 120.0 Vicinity:
2152.0 24760.0 260.0 104.0 Fair
2452.0 24764.0 216.0 96.0 and

424.0 24920.0 196.0 92.0 riot
676.0 24908.0 300.0 112.0 quite
1040.0 24924.0 120.0 68.0 so
1224.0 24900.0 232.0 92.0 cool
1520.0 24900.0 336.0 112.0 today
1916.0 24900.0 224.0 96.0 and
2204.0 24904.0 464.0 116.0 tonight.

424.0 25048.0 300.0 112.0 High
808.0 25044.0 368.0 108.0 today,
1256.0 25040.0 144.0 92.0 82.

532.0 25208.0 452.0 104.0 STATE
1072.0 25200.0 840.0 100.0 FORECASTS
2048.0 25200.0 328.0 100.0 Ohio:
2428.0 25208.0 256.0 100.0 Fair

428.0 25348.0 220.0 100.0 and
728.0 25348.0 192.0 92.0 not
1000.0 25368.0 124.0 68.0 so
1200.0 25340.0 236.0 92.0 cool
1512.0 25340.0 620.0 116.0 Thursday.
2276.0 25344.0 408.0 112.0 Friday

428.0 25484.0 408.0 108.0 mostly
948.0 25476.0 408.0 116.0 cloudy
1464.0 25476.0 216.0 92.0 and
1796.0 25496.0 508.0 96.0 warmer,
2416.0 25480.0 264.0 92.0 with

428.0 25616.0 564.0 100.0 scattered
1084.0 25612.0 488.0 92.0 showers
1660.0 25608.0 104.0 96.0 in
1856.0 25612.0 616.0 100.0 afternoon,

576.0 25736.0 652.0 120.0 Kentucky:
1324.0 25744.0 652.0 116.0 Increasirg
2064.0 25744.0 624.0 100.0 cloudiness

428.0 25896.0 228.0 96.0 and
804.0 25908.0 484.0 72.0 warmer
1440.0 25880.0 620.0 116.0 Thursday.
2284.0 25880.0 404.0 116.0 Friday

432.0 26024.0 408.0 112.0 mostly
952.0 26016.0 400.0 116.0 cloudy
1464.0 26020.0 220.0 92.0 and
1800.0 26036.0 508.0 92.0 warmer,
2420.0 26020.0 260.0 92.0 with

432.0 26172.0 496.0 92.0 showers
1000.0 26156.0 108.0 92.0 in
1184.0 26152.0 276.0 96.0 west
1532.0 26152.0 472.0 112.0 portion.

568.0 26288.0 520.0 100.0 Indiana:
1272.0 26284.0 404.0 116.0 Mostly
1780.0 26284.0 224.0 96.0 fair
2112.0 26284.0 580.0 120.0 Thursday

420.0 26436.0 224.0 104.0 a,nd
708.0 26428.0 444.0 112.0 Friday,
1228.0 26424.0 452.0 108.0 slightly
1744.0 26440.0 512.0 76.0 warmer.

556.0 26704.0 636.0 100.0 Clnclnnntl
1304.0 26696.0 528.0 96.0 Weather
1940.0 26696.0 444.0 100.0 Bureau
2496.0 26700.0 144.0 96.0 Of

432.0 26848.0 220.0 104.0 flee
732.0 26836.0 388.0 100.0 record
1204.0 26836.0 176.0 92.0 for
1448.0 26836.0 260.0 112.0 July
1784.0 26832.0 144.0 104.0 23,
2012.0 26836.0 284.0 96.0 1947:

1556.0 27000.0 372.0 116.0 Temp.
2004.0 27000.0 328.0 100.0 Hum.
2376.0 27008.0 304.0 96.0 Prec.

424.0 27152.0 236.0 100.0 7:30
728.0 27176.0 96.0 72.0 a.
896.0 27172.0 140.0 80.0 m.
1700.0 27144.0 112.0 88.0 54
2168.0 27144.0 116.0 88.0 90
2628.0 27140.0 64.0 96.0 0

432.0 27292.0 236.0 96.0 7:30
736.0 27308.0 96.0 92.0 p.
908.0 27304.0 104.0 72.0 rr.
1696.0 27276.0 120.0 92.0 73
2168.0 27276.0 116.0 96.0 47
2632.0 27300.0 56.0 72.0 u

1708.0 27444.0 268.0 96.0 1947.
2056.0 27448.0 172.0 92.0 '46.
2304.0 27448.0 380.0 96.0 '4S.N1.

448.0 27600.0 480.0 116.0 Highest
1000.0 27588.0 756.0 116.0 temperature
1832.0 27588.0 116.0 96.0 77
2080.0 27584.0 124.0 92.0 88
2332.0 27584.0 116.0 92.0 95
2576.0 27580.0 120.0 100.0 86

452.0 27736.0 436.0 100.0 Lowest
964.0 27732.0 788.0 112.0 temperature.
1836.0 27724.0 120.0 92.0 49
2084.0 27720.0 120.0 96.0 66
2332.0 27720.0 120.0 96.0 69
2576.0 27720.0 120.0 104.0 66

452.0 27868.0 808.0 120.0 precipitation
1892.0 27860.0 60.0 96.0 0
2148.0 27856.0 56.0 96.0 0
2396.0 27852.0 60.0 96.0 0
2596.0 27928.0 84.0 28.0 ..

576.0 28036.0 372.0 112.0 Today
1088.0 28028.0 452.0 96.0 Sunrise
1592.0 28024.0 232.0 104.0 5:31
1880.0 28056.0 96.0 72.0 a.
2032.0 28052.0 144.0 76.0 m.
2296.0 28028.0 400.0 100.0 Sunset

344.0 28256.0 40.0 40.0 ,
448.0 28168.0 240.0 112.0 7:57
764.0 28192.0 100.0 96.0 p.
940.0 28192.0 148.0 72.0 m.

456.0 28376.0 588.0 100.0 WEATHER
1132.0 28384.0 920.0 96.0 OBSERVATIONS,
2148.0 28380.0 304.0 88.0 PAGE
2540.0 28384.0 164.0 84.0 IB.

2732.0 5128.0 1068.0 380.0 Dancer
3900.0 5132.0 652.0 372.0 And
4652.0 5132.0 872.0 376.0 Model
5636.0 5132.0 1020.0 468.0 Testify

3000.0 5636.0 380.0 376.0 At
3576.0 5640.0 1228.0 380.0 Senate's
5000.0 5644.0 1912.0 464.0 Investigation

3252.0 6144.0 360.0 380.0 Of
3784.0 6148.0 1116.0 464.0 Hughes
5084.0 6144.0 572.0 380.0 War
5836.0 6148.0 1428.0 380.0 Contracts

3280.0 10464.0 376.0 104.0 JUDY
3732.0 10468.0 124.0 100.0 A.
3936.0 10468.0 440.0 104.0 COOK.

2832.0 10660.0 684.0 128.0 Hollywood,
3620.0 10668.0 260.0 120.0 July
3988.0 10672.0 116.0 96.0 23
4452.0 10676.0 280.0 104.0 (UP)

2712.0 10832.0 444.0 104.0 Dancer
3308.0 10840.0 292.0 120.0 Judy
3748.0 10844.0 316.0 96.0 Cook
4224.0 10844.0 224.0 100.0 and
4608.0 10852.0 348.0 96.0 Model

2720.0 11008.0 452.0 96.0 Martha
3232.0 11008.0 744.0 108.0 Goldthwaite
4040.0 11024.0 204.0 112.0 put
4312.0 11024.0 304.0 100.0 aside
4676.0 11024.0 284.0 96.0 their

2716.0 11180.0 524.0 96.0 innocent
3348.0 11184.0 352.0 100.0 stares
3800.0 11188.0 348.0 120.0 today
4256.0 11196.0 220.0 92.0 and
4580.0 11212.0 376.0 80.0 owned

2716.0 11372.0 140.0 92.0 up
2952.0 11352.0 116.0 96.0 to
3168.0 11356.0 412.0 120.0 having
3672.0 11384.0 260.0 72.0 seen
4028.0 11364.0 388.0 116.0 Army,
4512.0 11392.0 404.0 92.0 govern-

2720.0 11524.0 304.0 96.0 ment
3144.0 11524.0 216.0 96.0 and
3480.0 11532.0 472.0 104.0 aircraft
4072.0 11556.0 552.0 96.0 company
4744.0 11536.0 176.0 124.0 big-

2712.0 11692.0 276.0 112.0 wigs
3080.0 11696.0 120.0 96.0 at
3288.0 11696.0 480.0 100.0 Howard
3852.0 11704.0 576.0 116.0 Hughes's
4516.0 11716.0 440.0 108.0 parties.

2836.0 11836.0 96.0 88.0 A
3064.0 11844.0 828.0 108.0 congressional
4028.0 11848.0 648.0 100.0 committee
4812.0 11852.0 104.0 92.0 in-

2712.0 11968.0 300.0 96.0 vited
3096.0 11976.0 188.0 96.0 the
3316.0 11964.0 700.0 132.0 'Hollywood
4100.0 11980.0 516.0 116.0 glamour
4700.0 11992.0 260.0 116.0 girls

2716.0 12112.0 112.0 92.0 to
2896.0 12112.0 736.0 116.0 Washington
3700.0 12124.0 116.0 88.0 to
3884.0 12120.0 196.0 96.0 tell
4152.0 12124.0 152.0 100.0 all
4372.0 12124.0 332.0 100.0 about
4772.0 12128.0 188.0 96.0 the

2716.0 12248.0 524.0 100.0 fabulous
3304.0 12252.0 484.0 120.0 Hughes.
3928.0 12264.0 232.0 96.0 But
4232.0 12264.0 376.0 96.0 unless
4676.0 12268.0 288.0 92.0 their

2720.0 12412.0 500.0 96.0 memory
3288.0 12392.0 576.0 116.0 improves,
3936.0 12404.0 332.0 88.0 those
4340.0 12408.0 364.0 92.0 solons
4772.0 12432.0 188.0 68.0 arc

2716.0 12532.0 332.0 112.0 going
3156.0 12536.0 112.0 88.0 to
3380.0 12532.0 124.0 96.0 be
3612.0 12540.0 436.0 116.0 mighty
4156.0 12540.0 804.0 116.0 disappointed.

2840.0 12668.0 468.0 100.0 Neither
3372.0 12672.0 120.0 96.0 of
3548.0 12680.0 184.0 92.0 the
3796.0 12680.0 472.0 116.0 shapely
4332.0 12684.0 344.0 96.0 ladles
4736.0 12708.0 224.0 72.0 was

2720.0 12812.0 304.0 112.0 quite
3136.0 12836.0 256.0 68.0 sure
3500.0 12816.0 244.0 96.0 who
3852.0 12824.0 152.0 92.0 all
4124.0 12824.0 192.0 88.0 the
4432.0 12816.0 532.0 116.0 big-shots

2724.0 12968.0 316.0 76.0 were.
3168.0 12948.0 248.0 96.0 And
3484.0 12952.0 264.0 120.0 they
3816.0 12960.0 304.0 96.0 can't
4188.0 12960.0 436.0 96.0 refresh
4696.0 12964.0 264.0 96.0 each

2720.0 13084.0 412.0 100.0 ether's
3244.0 13092.0 760.0 100.0 recollections
4124.0 13096.0 472.0 100.0 because
4708.0 13100.0 260.0 116.0 they

2720.0 13228.0 456.0 96.0 weren't
3252.0 13228.0 120.0 92.0 at
3440.0 13228.0 184.0 100.0 the
3696.0 13256.0 308.0 72.0 same
4080.0 13236.0 452.0 96.0 soirees.

2836.0 13364.0 276.0 100.0 Miss
3224.0 13368.0 300.0 96.0 Cook
3628.0 13372.0 472.0 96.0 allowed
4212.0 13376.0 200.0 96.0 she
4520.0 13376.0 436.0 120.0 spotted

2728.0 13680.0 1752.0 384.0 Indonesians
4620.0 13696.0 732.0 372.0 Burn
5488.0 13696.0 1168.0 460.0 Villages

2844.0 14192.0 296.0 364.0 In
3204.0 14192.0 1316.0 376.0 Advance
4596.0 14200.0 356.0 368.0 Of
5024.0 14204.0 888.0 364.0 Dutch
5980.0 14200.0 1128.0 452.0 Troops;

3212.0 14696.0 1292.0 376.0 Invaders
4640.0 14700.0 720.0 372.0 Near
5504.0 14696.0 1032.0 460.0 Capital
6680.0 14700.0 616.0 452.0 City

2840.0 15228.0 516.0 112.0 Batavia,
3468.0 15236.0 312.0 104.0 Java,
3900.0 15228.0 276.0 116.0 July
4300.0 15224.0 116.0 96.0 23
4548.0 15224.0 280.0 104.0 (AP)

2720.0 15396.0 676.0 96.0 Indonesian
3524.0 15396.0 764.0 120.0 Republicans
4420.0 15392.0 352.0 120.0 began
4896.0 15424.0 68.0 68.0 a

2720.0 15564.0 932.0 116.0 systematic
3796.0 15568.0 696.0 120.0 application
4636.0 15564.0 120.0 100.0 of
4896.0 15592.0 72.0 72.0 a

2720.0 15736.0 540.0 96.0 scorched
3396.0 15740.0 312.0 92.0 earth
3856.0 15740.0 372.0 116.0 policy
4372.0 15736.0 332.0 120.0 today
4840.0 15764.0 124.0 68.0 as

2720.0 15904.0 368.0 96.0 Dutch
3180.0 15932.0 376.0 72.0 armor
3636.0 15912.0 224.0 92.0 and
3948.0 15908.0 524.0 116.0 infantry
4556.0 15908.0 368.0 100.0 threat-

2720.0 16076.0 276.0 92.0 ened
3060.0 16076.0 192.0 96.0 the
3312.0 16076.0 676.0 96.0 Indonesian
4056.0 16080.0 424.0 116.0 capital
4544.0 16076.0 116.0 96.0 of
4712.0 16080.0 216.0 112.0 Jog-

2720.0 16212.0 460.0 116.0 jakarta
3256.0 16220.0 272.0 96.0 with
3604.0 16244.0 68.0 72.0 a
3752.0 16224.0 528.0 108.0 two-way
4360.0 16220.0 304.0 96.0 drive
4744.0 16220.0 220.0 96.0 and

2720.0 16356.0 428.0 92.0 headed
3244.0 16356.0 116.0 92.0 to
3448.0 16356.0 388.0 96.0 within
3936.0 16356.0 124.0 96.0 20
4152.0 16352.0 324.0 96.0 miles
4568.0 16356.0 120.0 92.0 of
4780.0 16356.0 184.0 96.0 the

2716.0 16488.0 300.0 96.0 chief
3084.0 16488.0 692.0 116.0 Republican
3848.0 16492.0 284.0 96.0 Port
4196.0 16492.0 128.0 92.0 of
4388.0 16492.0 576.0 96.0 Cheribon.

2844.0 16628.0 304.0 100.0 Four
3216.0 16632.0 684.0 116.0 Republican
3976.0 16636.0 376.0 92.0 towns
4416.0 16656.0 284.0 76.0 were
4772.0 16636.0 196.0 112.0 put

2716.0 16768.0 112.0 96.0 to
2928.0 16768.0 196.0 96.0 the
3228.0 16772.0 312.0 92.0 torch
3636.0 16768.0 140.0 116.0 by
3876.0 16772.0 200.0 92.0 the
4180.0 16768.0 780.0 120.0 Republicans,

2712.0 16928.0 144.0 72.0 an
3012.0 16900.0 668.0 100.0 Indonesian
3836.0 16908.0 792.0 116.0 communique
4780.0 16932.0 140.0 72.0 an

2716.0 17040.0 536.0 96.0 nounced.
3384.0 17040.0 524.0 120.0 Salatiga,
4044.0 17048.0 620.0 112.0 Important
4788.0 17044.0 136.0 96.0 ob

2712.0 17176.0 408.0 112.0 jective
3252.0 17184.0 324.0 92.0 south
3708.0 17188.0 116.0 88.0 of
3956.0 17184.0 656.0 116.0 Semarang,
4732.0 17208.0 232.0 72.0 was

2716.0 17320.0 484.0 112.0 burning
3296.0 17320.0 312.0 92.0 when
3708.0 17324.0 380.0 92.0 Dutch
4188.0 17324.0 396.0 104.0 forces,
4684.0 17324.0 240.0 92.0 driv-

2720.0 17456.0 184.0 112.0 ing
3020.0 17452.0 292.0 96.0 from
3436.0 17456.0 620.0 120.0 Semarang
4172.0 17460.0 424.0 96.0 toward
4716.0 17460.0 208.0 116.0 Jog-

2716.0 17592.0 484.0 112.0 jakarta,
3276.0 17596.0 448.0 96.0 entered
3796.0 17596.0 188.0 96.0 the
4060.0 17600.0 336.0 92.0 town.
4472.0 17596.0 492.0 112.0 Salatiga

2716.0 17728.0 196.0 92.0 lies
2984.0 17732.0 120.0 92.0 46
3180.0 17728.0 312.0 96.0 miles
3564.0 17732.0 136.0 116.0 by
3776.0 17736.0 276.0 92.0 road
4132.0 17756.0 384.0 72.0 across
4592.0 17760.0 324.0 72.0 moun-

2716.0 17868.0 448.0 96.0 tainous
3240.0 17872.0 416.0 96.0 terrain
3740.0 17872.0 296.0 96.0 from
4120.0 17872.0 680.0 112.0 Jogjakarta

2840.0 18004.0 228.0 96.0 The
3168.0 18004.0 612.0 120.0 retreating
3876.0 18008.0 764.0 120.0 Republicans
4732.0 18012.0 228.0 96.0 also

2720.0 18144.0 196.0 112.0 put
2992.0 18144.0 192.0 92.0 the
3260.0 18148.0 316.0 92.0 torch
3652.0 18152.0 112.0 92.0 to
3844.0 18144.0 536.0 116.0 Lawang,
4460.0 18148.0 116.0 100.0 12
4656.0 18152.0 308.0 88.0 miles

2720.0 18280.0 332.0 96.0 north
3144.0 18280.0 120.0 92.0 of
3356.0 18280.0 476.0 120.0 Malang,
3928.0 18288.0 116.0 92.0 in
4140.0 18284.0 288.0 100.0 East
4520.0 18288.0 440.0 96.0 Central

2720.0 18416.0 316.0 112.0 Java,
3148.0 18420.0 424.0 100.0 toward
3676.0 18428.0 372.0 92.0 which
4168.0 18428.0 324.0 92.0 other
4600.0 18424.0 364.0 100.0 Dutch

2724.0 18552.0 368.0 96.0 forces
3236.0 18576.0 288.0 80.0 were
3672.0 18560.0 676.0 116.0 advancing,
4496.0 18560.0 216.0 96.0 and
4852.0 18560.0 116.0 92.0 to

2724.0 18692.0 700.0 116.0 Soemedang
3552.0 18700.0 220.0 92.0 and
3912.0 18696.0 804.0 120.0 Tjitjalengka,
4852.0 18696.0 120.0 96.0 20

2724.0 18828.0 316.0 96.0 miles
3108.0 18836.0 244.0 92.0 east
3416.0 18832.0 120.0 96.0 of
3596.0 18836.0 652.0 116.0 Bandoeng,
4320.0 18840.0 112.0 92.0 in
4496.0 18836.0 468.0 96.0 western

2720.0 18964.0 320.0 100.0 Java.

2844.0 19108.0 132.0 96.0 In
3064.0 19108.0 588.0 116.0 Sumatra,'
3704.0 19108.0 116.0 100.0 to
3904.0 19112.0 376.0 92.0 which
4364.0 19112.0 188.0 96.0 the
4640.0 19112.0 288.0 112.0 fight

2724.0 19240.0 192.0 116.0 ing
2984.0 19240.0 228.0 100.0 had
3288.0 19248.0 424.0 108.0 spread,
3788.0 19252.0 224.0 92.0 and
4092.0 19248.0 436.0 96.0 official
4600.0 19248.0 368.0 104.0 Dutch

2724.0 19384.0 516.0 112.0 dispatch
3328.0 19388.0 240.0 96.0 said
3652.0 19392.0 568.0 112.0 irregular
4304.0 19392.0 656.0 96.0 Indonesian

2720.0 19520.0 472.0 96.0 soldiers
3280.0 19516.0 592.0 124.0 belonging
3960.0 19532.0 120.0 88.0 to
4172.0 19528.0 192.0 92.0 the
4456.0 19524.0 512.0 96.0 so-called

2724.0 19660.0 500.0 112.0 People's
3332.0 19660.0 340.0 116.0 Army
3780.0 19664.0 228.0 96.0 had
4124.0 19660.0 432.0 100.0 burned
4668.0 19688.0 300.0 72.0 more

2724.0 19796.0 272.0 92.0 than
3088.0 19792.0 184.0 96.0 100
3356.0 19796.0 380.0 100.0 homes
3820.0 19800.0 400.0 96.0 before
4308.0 19804.0 664.0 112.0 evacuating

2724.0 19932.0 644.0 112.0 Arnhemia,
3480.0 19968.0 68.0 72.0 a
3652.0 19940.0 220.0 92.0 few
3984.0 19940.0 328.0 92.0 miles
4424.0 19940.0 320.0 96.0 south
4852.0 19940.0 120.0 92.0 of

2728.0 20068.0 464.0 100.0 Medan.-
3252.0 20072.0 492.0 116.0 Damage
3836.0 20076.0 304.0 92.0 from
4232.0 20076.0 188.0 92.0 the
4504.0 20076.0 268.0 100.0 fires
4856.0 20076.0 108.0 96.0 In

2728.0 20336.0 1752.0 392.0 Time-Bomb
4616.0 20344.0 752.0 384.0 Blast
5512.0 20344.0 792.0 384.0 Sinks
6440.0 20344.0 640.0 464.0 Ship

2952.0 20856.0 408.0 376.0 As
3464.0 20864.0 752.0 376.0 Jews
4328.0 20856.0 400.0 376.0 Go
4824.0 20856.0 1072.0 376.0 Ashore
6000.0 20856.0 376.0 376.0 At
6480.0 20856.0 832.0 384.0 Haifa

2848.0 21388.0 664.0 120.0 Jerusalem,
3648.0 21392.0 268.0 120.0 July
4060.0 21388.0 120.0 96.0 23
4328.0 21388.0 280.0 104.0 (AP)
4748.0 21384.0 232.0 100.0 The

2732.0 21560.0 452.0 120.0 Empire
3292.0 21560.0 640.0 124.0 Lifeguard,
4052.0 21564.0 428.0 92.0 former
4588.0 21552.0 392.0 124.0 liberty

2736.0 21736.0 272.0 116.0 ship,
3080.0 21760.0 232.0 72.0 was
3380.0 21740.0 284.0 92.0 sunk
3732.0 21740.0 108.0 96.0 in
3908.0 21736.0 368.0 100.0 Haifa
4340.0 21728.0 436.0 100.0 Harbor
4840.0 21724.0 140.0 128.0 by

2732.0 21936.0 64.0 68.0 a
2872.0 21908.0 648.0 96.0 time-bomb
3588.0 21908.0 296.0 104.0 blast
3960.0 21904.0 348.0 120.0 today
4380.0 21904.0 320.0 96.0 while
4772.0 21900.0 164.0 100.0 dis-

2732.0 22084.0 544.0 112.0 charging
3372.0 22080.0 284.0 120.0 legal
3748.0 22080.0 432.0 100.0 Jewish
4280.0 22076.0 700.0 116.0 immigrants

2732.0 22256.0 288.0 96.0 from
3124.0 22256.0 456.0 116.0 Cyprus.
3704.0 22260.0 236.0 96.0 The
4040.0 22252.0 464.0 112.0 sinking
4592.0 22272.0 348.0 96.0 appar-

2732.0 22428.0 304.0 116.0 ently
3112.0 22452.0 228.0 68.0 was
3412.0 22456.0 68.0 68.0 a
3540.0 22424.0 284.0 100.0 blow
3896.0 22432.0 116.0 92.0 to
4092.0 22444.0 480.0 92.0 revenge
4644.0 22420.0 336.0 116.0 ship's

2732.0 22604.0 252.0 112.0 part
3096.0 22600.0 108.0 96.0 In
3328.0 22596.0 768.0 120.0 deportations
4212.0 22596.0 124.0 96.0 of
4448.0 22588.0 528.0 100.0 would-be

2732.0 22740.0 744.0 116.0 immigrants.

2852.0 22880.0 236.0 100.0 The
3192.0 22872.0 596.0 124.0 Lifeguard
3896.0 22876.0 224.0 100.0 had
4224.0 22872.0 480.0 120.0 brought
4804.0 22872.0 172.0 96.0 2G1

2732.0 23020.0 712.0 112.0 immigrants
3536.0 23020.0 292.0 96.0 from
3920.0 23020.0 448.0 112.0 Cyprus
4456.0 23012.0 220.0 96.0 and
4768.0 23008.0 208.0 100.0 had

2732.0 23160.0 664.0 112.0 discharged
3496.0 23160.0 140.0 92.0 all
3736.0 23156.0 204.0 100.0 but
4040.0 23156.0 128.0 92.0 40
4268.0 23176.0 132.0 72.0 or
4484.0 23152.0 152.0 112.0 60,
4744.0 23152.0 236.0 92.0 who

2732.0 23300.0 288.0 92.0 later
3092.0 23320.0 292.0 72.0 were
3464.0 23296.0 336.0 96.0 taken
3884.0 23296.0 180.0 100.0 off
4144.0 23292.0 396.0 116.0 safely.

2852.0 23436.0 236.0 96.0 The
3192.0 23436.0 440.0 116.0 pattern
3728.0 23440.0 120.0 96.0 of
3944.0 23436.0 204.0 96.0 the
4248.0 23432.0 388.0 96.0 attack
4736.0 23456.0 200.0 92.0 sug

2732.0 23576.0 388.0 112.0 gested
3232.0 23576.0 252.0 100.0 that
3592.0 23580.0 84.0 96.0 it
3784.0 23604.0 240.0 68.0 was
4144.0 23576.0 192.0 100.0 the
4452.0 23580.0 304.0 92.0 work
4868.0 23576.0 112.0 88.0 of

2732.0 23720.0 516.0 108.0 Hagana,
3336.0 23716.0 188.0 100.0 the
3612.0 23712.0 372.0 116.0 illegal
4072.0 23712.0 428.0 100.0 Jewish
4592.0 23716.0 396.0 96.0 militia

2728.0 23860.0 364.0 92.0 which
3152.0 23860.0 200.0 92.0 has
3412.0 23856.0 708.0 96.0 undertaken
4176.0 23856.0 192.0 92.0 the
4424.0 23852.0 516.0 116.0 organiza

2732.0 24000.0 232.0 92.0 tion
3028.0 23996.0 124.0 96.0 of
3216.0 23996.0 756.0 120.0 Immigration
4048.0 23996.0 452.0 112.0 against
4572.0 23996.0 408.0 92.0 British

2736.0 24140.0 440.0 96.0 wishes.
3312.0 24136.0 264.0 96.0 This
3680.0 24160.0 236.0 72.0 was
4028.0 24136.0 196.0 92.0 the
4340.0 24132.0 380.0 96.0 fourth
4832.0 24136.0 112.0 92.0 at

2740.0 24276.0 260.0 96.0 tack
3084.0 24300.0 144.0 68.0 on
3316.0 24308.0 68.0 68.0 a
3464.0 24276.0 712.0 116.0 deportation
4264.0 24272.0 280.0 116.0 ship.

2860.0 24416.0 360.0 96.0 Three
3364.0 24416.0 312.0 96.0 other
3820.0 24412.0 568.0 100.0 incidents
4532.0 24412.0 456.0 96.0 marked

2740.0 24552.0 660.0 100.0 Palestine's
3472.0 24580.0 304.0 72.0 wave
3852.0 24556.0 124.0 92.0 of
4048.0 24552.0 504.0 96.0 violence
4632.0 24552.0 356.0 116.0 today.

2744.0 24696.0 296.0 92.0 Four
3168.0 24696.0 456.0 96.0 soldiers
3752.0 24720.0 292.0 72.0 were
4172.0 24692.0 540.0 116.0 seriously
4840.0 24700.0 104.0 84.0 In-

2744.0 24840.0 316.0 108.0 jured
3164.0 24840.0 108.0 96.0 in
3368.0 24836.0 184.0 96.0 the
3648.0 24840.0 436.0 104.0 mining
4180.0 24836.0 120.0 92.0 of
4392.0 24856.0 64.0 72.0 a
4544.0 24836.0 244.0 116.0 jeep
4880.0 24832.0 104.0 96.0 in

2744.0 24972.0 376.0 112.0 Haifa,
3260.0 24976.0 216.0 96.0 and
3608.0 25000.0 136.0 72.0 an
3884.0 24976.0 420.0 92.0 officer
4436.0 24976.0 216.0 92.0 and
4784.0 24996.0 204.0 72.0 one

2744.0 25112.0 408.0 96.0 soldier
3212.0 25136.0 280.0 76.0 were
3556.0 25116.0 256.0 96.0 hurt
3880.0 25112.0 552.0 116.0 seriously
4488.0 25112.0 212.0 96.0 and
4772.0 25112.0 216.0 100.0 five

2744.0 25252.0 496.0 116.0 privates
3364.0 25256.0 444.0 116.0 slightly
3936.0 25256.0 276.0 96.0 hurt
4340.0 25252.0 312.0 100.0 when
4780.0 25260.0 212.0 84.0 two

2760.0 25528.0 600.0 376.0 Rail
3448.0 25536.0 896.0 376.0 Union
4424.0 25528.0 1024.0 376.0 Leader
5520.0 25520.0 696.0 376.0 Falls
6304.0 25520.0 768.0 376.0 Dead

3016.0 26032.0 376.0 384.0 At
3592.0 26040.0 1344.0 376.0 Southern
5144.0 26032.0 1008.0 368.0 Pacific
6352.0 26024.0 976.0 464.0 Parley

2876.0 26576.0 228.0 100.0 San
3168.0 26580.0 624.0 116.0 Francisco,
3856.0 26584.0 272.0 124.0 July
4192.0 26576.0 120.0 100.0 23
4452.0 26576.0 284.0 104.0 (UP)
4884.0 26568.0 148.0 104.0 P.1

2748.0 26748.0 120.0 104.0 O.
2956.0 26752.0 564.0 120.0 Peterson,
3604.0 26756.0 220.0 96.0 San
3920.0 26756.0 412.0 104.0 Mateo,
4416.0 26748.0 380.0 100.0 offical
4880.0 26752.0 116.0 92.0 of

2756.0 26920.0 184.0 100.0 the
3004.0 26924.0 760.0 100.0 Brotherhoo''
3836.0 26928.0 116.0 96.0 of
4016.0 26924.0 708.0 96.0 Locomotive
4788.0 26920.0 168.0 96.0 En-

2760.0 27096.0 468.0 112.0 gineers,
3288.0 27096.0 188.0 96.0 fell
3536.0 27100.0 268.0 96.0 dead
3872.0 27100.0 116.0 92.0 at
4052.0 27120.0 64.0 72.0 a
4180.0 27096.0 296.0 96.0 hotel
4536.0 27096.0 252.0 96.0 here
4848.0 27096.0 116.0 92.0 to-

2752.0 27268.0 212.0 116.0 day
3032.0 27268.0 364.0 100.0 where
3464.0 27268.0 588.0 104.0 President
4124.0 27264.0 580.0 100.0 Truman's
4768.0 27288.0 188.0 92.0 spe-

2760.0 27432.0 208.0 96.0 cial
3032.0 27436.0 344.0 96.0 board
3448.0 27452.0 24.0 32.0 '
3612.0 27440.0 332.0 120.0 study
4008.0 27436.0 192.0 100.0 the
4264.0 27440.0 432.0 112.0 dispute
4736.0 27436.0 264.0 92.0 with

2760.0 27604.0 184.0 96.0 the
3020.0 27604.0 544.0 100.0 Southern
3608.0 27612.0 432.0 96.0 Pacific
4084.0 27636.0 232.0 68.0 was
4388.0 27608.0 100.0 96.0 in
4556.0 27608.0 448.0 100.0 session.

2888.0 27768.0 540.0 104.0 Peterson
3488.0 27776.0 240.0 96.0 didd
3796.0 27784.0 116.0 96.0 at
3976.0 27808.0 72.0 72.0 a
4112.0 27776.0 488.0 116.0 meeting
4660.0 27768.0 340.0 104.0 called

2772.0 27940.0 112.0 96.0 to
2972.0 27936.0 272.0 104.0 hear
3336.0 27964.0 64.0 72.0 a
3484.0 27952.0 372.0 112.0 report
3944.0 27968.0 144.0 76.0 on
4180.0 27940.0 640.0 104.0 settlement
4892.0 27944.0 120.0 96.0 of

2772.0 28076.0 184.0 92.0 the
3088.0 28076.0 832.0 100.0 brotherhood's
4048.0 28084.0 504.0 96.0 six-hour
4672.0 28080.0 344.0 96.0 strike

2772.0 28212.0 448.0 120.0 against
3296.0 28216.0 188.0 100.0 the
3564.0 28220.0 488.0 104.0 railroad
4144.0 28220.0 224.0 100.0 last
4448.0 28220.0 504.0 116.0 Monday.

2888.0 28348.0 580.0 128.0 Peterson,
3552.0 28352.0 484.0 108.0 General
4136.0 28352.0 608.0 108.0 Chairman
4832.0 28352.0 184.0 108.0 for

5356.0 10372.0 28.0 56.0 (
5792.0 10316.0 464.0 76.0 Anocttted
6336.0 10316.0 140.0 76.0 Pre
6628.0 10320.0 544.0 84.0 Wlrtphotoi.

5196.0 10464.0 620.0 104.0 MARTHA
5860.0 10460.0 1116.0 108.0 GOLDTHWAITE.

5024.0 10672.0 368.0 100.0 Julius
5472.0 10672.0 336.0 116.0 Krug,
5888.0 10676.0 268.0 96.0 then
6236.0 10668.0 260.0 100.0 War
6568.0 10672.0 692.0 100.0 Production

5032.0 10816.0 284.0 120.0 boss,
5416.0 10820.0 120.0 92.0 at
5628.0 10844.0 64.0 68.0 a
5788.0 10816.0 444.0 116.0 shindig
6324.0 10812.0 456.0 116.0 Hughes
6880.0 10816.0 384.0 96.0 tossed

5024.0 10960.0 180.0 96.0 for
5328.0 10960.0 360.0 96.0 friend
5808.0 10960.0 392.0 96.0 Elliott
6324.0 10960.0 584.0 96.0 Roosevelt
7036.0 10960.0 228.0 92.0 and

5028.0 11104.0 300.0 116.0 Faye
5412.0 11104.0 568.0 96.0 Emerson.
6128.0 11104.0 292.0 96.0 That
6508.0 11128.0 220.0 68.0 was
6812.0 11108.0 112.0 96.0 in
7012.0 11100.0 252.0 96.0 1944

5024.0 11248.0 120.0 112.0 ju
5216.0 11252.0 44.0 92.0 t
5344.0 11248.0 372.0 96.0 before
5788.0 11248.0 288.0 100.0 Jack
6156.0 11248.0 316.0 112.0 Frye,
6552.0 11248.0 260.0 92.0 then
6900.0 11248.0 320.0 96.0 Presi-

5028.0 11388.0 268.0 96.0 dent
5432.0 11388.0 116.0 96.0 of
5672.0 11388.0 552.0 116.0 Hughes's
6356.0 11388.0 312.0 100.0 TWA
6796.0 11388.0 468.0 104.0 Airline,

5020.0 11532.0 260.0 92.0 flew
5396.0 11536.0 296.0 92.0 them
5792.0 11536.0 116.0 88.0 to
6016.0 11532.0 188.0 96.0 the
6312.0 11532.0 372.0 96.0 Grand
6792.0 11532.0 472.0 116.0 Canyon

5032.0 11676.0 108.0 92.0 in
5212.0 11700.0 68.0 68.0 a
5348.0 11676.0 316.0 96.0 TWA
5736.0 11680.0 320.0 108.0 plane
6124.0 11680.0 116.0 88.0 to
6308.0 11676.0 180.0 112.0 get
6556.0 11676.0 516.0 92.0 married.

5152.0 11820.0 116.0 96.0 "I
5352.0 11820.0 632.0 112.0 recognized
6072.0 11820.0 200.0 92.0 Mr.
6356.0 11820.0 300.0 112.0 Frye,
6736.0 11820.0 216.0 112.0 too,
7036.0 11820.0 228.0 92.0 and

5024.0 11960.0 436.0 96.0 several
5540.0 11964.0 120.0 96.0 U.
5744.0 11960.0 100.0 100.0 S.
5928.0 11960.0 532.0 92.0 Senators
6540.0 11956.0 216.0 104.0 and
6844.0 11960.0 380.0 112.0 Repre-

5028.0 12104.0 616.0 92.0 sentatives
5700.0 12124.0 284.0 72.0 were
6052.0 12100.0 444.0 116.0 pointed
6560.0 12104.0 188.0 96.0 out
6808.0 12104.0 116.0 96.0 to
6988.0 12104.0 276.0 112.0 me,"

5024.0 12248.0 200.0 92.0 she
5320.0 12244.0 240.0 96.0 said
5648.0 12248.0 500.0 112.0 vaguely.
6304.0 12244.0 408.0 96.0 "There
6808.0 12268.0 292.0 72.0 were
7200.0 12272.0 64.0 64.0 a

5028.0 12388.0 156.0 96.0 lot
5260.0 12388.0 120.0 96.0 of
5456.0 12388.0 792.0 116.0 high-ranking
6316.0 12412.0 312.0 92.0 army
6696.0 12388.0 572.0 100.0 officers."

5152.0 12528.0 232.0 100.0 The
5468.0 12528.0 808.0 116.0 Congressmen
6364.0 12528.0 272.0 124.0 hope
6720.0 12536.0 112.0 88.0 to
6924.0 12552.0 344.0 92.0 prove

5024.0 12700.0 308.0 72.0 some
5432.0 12676.0 648.0 92.0 connection
6180.0 12672.0 484.0 96.0 between
6756.0 12672.0 508.0 112.0 Hughes,

5032.0 12820.0 192.0 92.0 the
5308.0 12816.0 348.0 116.0 Army
5736.0 12836.0 248.0 76.0 men
6072.0 12816.0 220.0 100.0 and
6376.0 12816.0 184.0 92.0 the
6644.0 12812.0 628.0 112.0 $40,000,000

5036.0 12964.0 112.0 96.0 in
5204.0 12964.0 564.0 92.0 contracts
5820.0 12964.0 132.0 92.0 he
6008.0 12964.0 192.0 116.0 got
6252.0 12968.0 112.0 88.0 to
6420.0 12956.0 284.0 100.0 build
6764.0 12984.0 68.0 72.0 a
6888.0 12960.0 348.0 116.0 photo-

5036.0 13100.0 924.0 92.0 reconnaissance
6084.0 13100.0 320.0 120.0 plane
6520.0 13100.0 216.0 96.0 and
6852.0 13132.0 68.0 68.0 a
7044.0 13100.0 192.0 116.0 ply-

5036.0 13244.0 320.0 96.0 wood
5432.0 13240.0 348.0 120.0 flying
5848.0 13244.0 260.0 96.0 boat
6180.0 13240.0 244.0 100.0 that
6488.0 13240.0 360.0 100.0 hasn't
6916.0 13240.0 356.0 100.0 flown

5036.0 13384.0 216.0 116.0 yet.

5252.0 15352.0 600.0 156.0 BRITAIN
5932.0 15352.0 196.0 152.0 TO
6204.0 15348.0 392.0 156.0 TAKE
6672.0 15352.0 416.0 152.0 HAND

5232.0 15588.0 484.0 108.0 London,
5784.0 15588.0 264.0 112.0 July
6120.0 15588.0 120.0 100.0 23
6380.0 15584.0 276.0 96.0 (AP)
6800.0 15580.0 428.0 100.0 Ernest

5112.0 15736.0 384.0 108.0 Bevin,
5564.0 15732.0 420.0 100.0 British
6056.0 15732.0 472.0 112.0 Foreign
6596.0 15732.0 628.0 112.0 Secretary,

5112.0 15876.0 244.0 96.0 said
5436.0 15876.0 328.0 108.0 today
5840.0 15876.0 248.0 92.0 that
6164.0 15872.0 428.0 92.0 Britain
6676.0 15896.0 224.0 72.0 was
6972.0 15868.0 204.0 100.0 "de-

5108.0 16016.0 612.0 96.0 termined"
5824.0 16020.0 112.0 96.0 to
6044.0 16016.0 324.0 108.0 bring
6472.0 16016.0 184.0 96.0 the
6760.0 16012.0 468.0 96.0 earliest

5112.0 16160.0 476.0 116.0 possible
5688.0 16160.0 212.0 96.0 end
6000.0 16160.0 120.0 92.0 to
6220.0 16156.0 188.0 100.0 the
6508.0 16156.0 496.0 112.0 fighting
7104.0 16160.0 120.0 92.0 in

5116.0 16304.0 620.0 104.0 Indonesia,
5804.0 16300.0 200.0 96.0 but
6068.0 16300.0 492.0 96.0 declined
6624.0 16304.0 112.0 92.0 to
6800.0 16320.0 380.0 76.0 recom-

5108.0 16448.0 340.0 92.0 mend
5528.0 16444.0 368.0 96.0 action
5972.0 16440.0 488.0 116.0 through
6540.0 16448.0 180.0 92.0 the
6804.0 16436.0 424.0 100.0 United

5116.0 16588.0 480.0 96.0 Nations
5660.0 16596.0 116.0 84.0 at
5840.0 16588.0 188.0 96.0 the
6100.0 16584.0 444.0 120.0 present
6608.0 16588.0 300.0 100.0 time.

5240.0 16732.0 352.0 92.0 Bevin
5676.0 16728.0 220.0 96.0 told
5980.0 16732.0 192.0 88.0 the
6252.0 16732.0 368.0 96.0 House
6704.0 16732.0 116.0 92.0 of
6900.0 16728.0 280.0 96.0 Com-

5120.0 16896.0 320.0 76.0 mons
5524.0 16880.0 132.0 100.0 he
5740.0 16872.0 320.0 92.0 could
6148.0 16872.0 188.0 96.0 not
6420.0 16896.0 236.0 68.0 now
6740.0 16872.0 248.0 116.0 give
7076.0 16896.0 152.0 76.0 an

5096.0 17028.0 448.0 112.0 opinion
5624.0 17024.0 116.0 92.0 of
5812.0 17024.0 560.0 92.0 "whether
6444.0 17024.0 180.0 92.0 the
6704.0 17016.0 524.0 120.0 Security

5096.0 17164.0 456.0 96.0 Council
5632.0 17164.0 116.0 92.0 of
5824.0 17164.0 184.0 96.0 the
6088.0 17156.0 400.0 100.0 United
6568.0 17156.0 476.0 100.0 Nations
7132.0 17160.0 96.0 96.0 is

5108.0 17296.0 188.0 96.0 the
5420.0 17292.0 236.0 92.0 best
5768.0 17292.0 216.0 96.0 and
6104.0 17296.0 288.0 84.0 most
6500.0 17292.0 724.0 116.0 appropriate

5116.0 17436.0 444.0 92.0 means"
5660.0 17432.0 112.0 92.0 of
5868.0 17432.0 588.0 112.0 achieving
6548.0 17456.0 140.0 72.0 an
6788.0 17432.0 216.0 96.0 end
7108.0 17436.0 120.0 92.0 to

5108.0 17584.0 188.0 88.0 the
5484.0 17576.0 480.0 116.0 fighting
6144.0 17576.0 460.0 92.0 because
6780.0 17576.0 444.0 96.0 several

5108.0 17724.0 516.0 116.0 previous
5680.0 17720.0 660.0 116.0 complaints
6396.0 17720.0 212.0 100.0 had
6664.0 17716.0 564.0 116.0 "dragged

5092.0 17872.0 208.0 96.0 on"
5372.0 17872.0 856.0 116.0 inconclusively
6296.0 17864.0 464.0 116.0 through
6836.0 17872.0 388.0 92.0 vetoes

5108.0 18004.0 224.0 96.0 and
5444.0 18004.0 308.0 92.0 other
5856.0 17996.0 944.0 124.0 "disappointing"
6912.0 18000.0 268.0 96.0 diffi-

5112.0 18144.0 428.0 96.0 culties.
5240.0 18288.0 252.0 116.0 But,
5588.0 18288.0 128.0 92.0 he
5808.0 18288.0 388.0 112.0 added,
6292.0 18296.0 132.0 92.0 he
6512.0 18312.0 228.0 72.0 was
6828.0 18284.0 360.0 116.0 "keep-

5112.0 18432.0 196.0 112.0 ing
5400.0 18436.0 112.0 92.0 in
5604.0 18428.0 284.0 100.0 close
5980.0 18432.0 336.0 96.0 touch
6408.0 18432.0 264.0 92.0 with
6764.0 18428.0 464.0 100.0 events"

5116.0 18572.0 220.0 96.0 and
5396.0 18596.0 228.0 68.0 was
5680.0 18568.0 508.0 116.0 working
6240.0 18596.0 136.0 72.0 on
6436.0 18572.0 372.0 96.0 "other
6864.0 18572.0 320.0 100.0 meth-

5112.0 18712.0 260.0 100.0 ods"
5476.0 18712.0 360.0 100.0 which
5936.0 18716.0 360.0 116.0 might
6400.0 18708.0 124.0 104.0 be
6624.0 18736.0 308.0 76.0 more
7036.0 18736.0 152.0 96.0 ap-

5112.0 18860.0 564.0 112.0 propriate
5800.0 18856.0 88.0 100.0 if
6004.0 18860.0 268.0 112.0 they
6384.0 18856.0 404.0 120.0 proved
6912.0 18884.0 276.0 92.0 prac-

5112.0 19000.0 436.0 96.0 ticable.
5720.0 19000.0 168.0 96.0 He
6008.0 19000.0 180.0 96.0 did
6308.0 19004.0 188.0 92.0 not
6604.0 19024.0 200.0 96.0 say
6916.0 19000.0 320.0 100.0 what

5120.0 19144.0 312.0 100.0 these
5500.0 19144.0 500.0 100.0 methods
6060.0 19168.0 320.0 72.0 were.

5048.0 19420.0 524.0 92.0 Sumatra
5708.0 19440.0 232.0 72.0 was
6080.0 19416.0 580.0 96.0 estimated
6804.0 19412.0 148.0 120.0 by
7096.0 19416.0 200.0 100.0 the

5052.0 19552.0 380.0 100.0 Dutch
5504.0 19576.0 124.0 72.0 as
5700.0 19556.0 264.0 112.0 high
6040.0 19584.0 128.0 72.0 as
6236.0 19552.0 476.0 116.0 $200,000.

5176.0 19692.0 236.0 92.0 The
5488.0 19692.0 364.0 96.0 Dutch
5936.0 19696.0 648.0 96.0 discounted
6672.0 19696.0 184.0 92.0 the
6948.0 19692.0 308.0 96.0 effec

5056.0 19832.0 492.0 92.0 tiveness
5600.0 19832.0 116.0 92.0 of
5776.0 19836.0 184.0 92.0 the
6020.0 19832.0 664.0 100.0 Indonesian
6748.0 19836.0 548.0 92.0 scorched

5048.0 20072.0 620.0 100.0 Continued
5752.0 20076.0 168.0 92.0 On
6004.0 20076.0 308.0 112.0 Page
6388.0 20076.0 184.0 108.0 2A,
6644.0 20072.0 480.0 96.0 Column
7208.0 20076.0 92.0 96.0 1.

5052.0 21392.0 396.0 100.0 trucks
5556.0 21412.0 280.0 80.0 were
5952.0 21388.0 356.0 96.0 blown
6424.0 21412.0 144.0 92.0 up
6672.0 21384.0 148.0 124.0 by
6936.0 21392.0 372.0 96.0 mines

5052.0 21552.0 144.0 76.0 on
5316.0 21532.0 184.0 96.0 the
5612.0 21528.0 368.0 96.0 Citrus
6096.0 21528.0 248.0 96.0 Belt
6456.0 21528.0 556.0 116.0 Highway
7132.0 21524.0 132.0 100.0 be

5048.0 21672.0 364.0 92.0 tween
5468.0 21668.0 572.0 92.0 Rehoveth
6100.0 21664.0 220.0 100.0 and
6376.0 21668.0 416.0 96.0 Rishon
6852.0 21664.0 448.0 104.0 Lezlon.

5180.0 21804.0 96.0 96.0 A
5364.0 21804.0 300.0 100.0 third
5744.0 21804.0 496.0 104.0 Incident
6324.0 21804.0 520.0 100.0 occurred
6928.0 21836.0 68.0 68.0 a
7088.0 21808.0 224.0 96.0 few

5060.0 21944.0 324.0 96.0 miles
5500.0 21944.0 284.0 96.0 from
5892.0 21948.0 608.0 108.0 Nathanya
6604.0 21948.0 320.0 96.0 when
7052.0 21948.0 260.0 96.0 four

5060.0 22080.0 468.0 96.0 soldiers
5604.0 22104.0 284.0 76.0 were
5972.0 22084.0 436.0 112.0 injured
6484.0 22080.0 140.0 120.0 by
6700.0 22084.0 188.0 96.0 the
6968.0 22084.0 296.0 96.0 blast-

5064.0 22220.0 192.0 112.0 ing
5436.0 22220.0 116.0 92.0 of
5716.0 22244.0 72.0 68.0 a
5960.0 22220.0 280.0 116.0 Jeep.
6416.0 22220.0 480.0 100.0 Soldiers
7080.0 22224.0 232.0 92.0 still

5068.0 22352.0 536.0 100.0 searched
5696.0 22360.0 188.0 96.0 the
5984.0 22356.0 444.0 100.0 martial
6524.0 22360.0 204.0 96.0 law
6824.0 22384.0 276.0 72.0 area
7192.0 22360.0 124.0 96.0 of

5048.0 22496.0 612.0 116.0 Nathanya
5916.0 22496.0 176.0 92.0 for
6348.0 22500.0 212.0 92.0 two
6728.0 22496.0 572.0 116.0 kidnaped

5064.0 22636.0 428.0 96.0 British
5616.0 22632.0 600.0 120.0 Sergeants
6348.0 22632.0 320.0 124.0 being
6792.0 22640.0 256.0 96.0 held
7184.0 22664.0 128.0 68.0 as

5060.0 22776.0 528.0 112.0 hostages
5660.0 22780.0 172.0 88.0 for
5904.0 22776.0 320.0 96.0 three
6300.0 22776.0 544.0 92.0 members
6916.0 22776.0 124.0 96.0 of
7112.0 22772.0 196.0 96.0 the

5060.0 22912.0 788.0 112.0 underground
5948.0 22912.0 252.0 96.0 who
6308.0 22912.0 272.0 96.0 have
6680.0 22912.0 276.0 96.0 been
7064.0 22936.0 204.0 72.0 sen-

5064.0 23048.0 396.0 96.0 tenced
5536.0 23052.0 116.0 92.0 to
5724.0 23048.0 372.0 100.0 death.

5184.0 23184.0 160.0 100.0 As
5436.0 23184.0 440.0 116.0 salvage
5968.0 23212.0 352.0 72.0 crews
6404.0 23188.0 292.0 100.0 went
6780.0 23192.0 120.0 96.0 to
6992.0 23188.0 316.0 96.0 work

5064.0 23328.0 272.0 92.0 with
5460.0 23328.0 336.0 108.0 hopes
5916.0 23324.0 120.0 96.0 of
6156.0 23324.0 420.0 120.0 raising
6696.0 23328.0 188.0 96.0 the
7012.0 23324.0 260.0 96.0 Life-

5064.0 23460.0 384.0 116.0 guard,
5524.0 23460.0 412.0 96.0 Jewish
6012.0 23484.0 448.0 76.0 sources
6532.0 23464.0 384.0 96.0 voiced
6996.0 23464.0 316.0 92.0 fear3

5072.0 23604.0 252.0 96.0 that
5452.0 23600.0 184.0 96.0 the
5768.0 23600.0 424.0 92.0 British
6328.0 23600.0 484.0 116.0 military
6944.0 23600.0 376.0 112.0 might

5064.0 23736.0 344.0 100.0 crack
5472.0 23736.0 312.0 92.0 down
5848.0 23736.0 412.0 96.0 harder
6328.0 23760.0 132.0 72.0 on
6524.0 23736.0 140.0 104.0 all
6728.0 23740.0 336.0 108.0 Jews,
7132.0 23736.0 136.0 100.0 be-

5064.0 23900.0 340.0 72.0 cause
5492.0 23872.0 116.0 96.0 of
5692.0 23872.0 188.0 96.0 the
5968.0 23896.0 248.0 72.0 new
6300.0 23876.0 356.0 92.0 terror
6740.0 23876.0 572.0 96.0 offensive

5068.0 24016.0 112.0 92.0 in
5292.0 24012.0 360.0 92.0 which
5768.0 24012.0 312.0 116.0 eight
6188.0 24012.0 280.0 96.0 have
6572.0 24012.0 272.0 96.0 been
6964.0 24012.0 344.0 96.0 killed

5068.0 24152.0 220.0 96.0 and
5372.0 24172.0 300.0 72.0 more
5752.0 24152.0 272.0 92.0 than
6104.0 24148.0 120.0 96.0 60
6296.0 24148.0 536.0 96.0 wounded
6916.0 24148.0 120.0 96.0 In
7116.0 24152.0 192.0 92.0 the

5072.0 24292.0 224.0 92.0 last
5352.0 24284.0 332.0 96.0 week.

5192.0 24424.0 416.0 100.0 Jewish
5712.0 24424.0 432.0 96.0 leaders
6244.0 24416.0 464.0 104.0 recalled
6812.0 24424.0 256.0 96.0 that
7172.0 24448.0 144.0 68.0 on

5068.0 24564.0 292.0 96.0 June
5456.0 24560.0 140.0 112.0 29,
5684.0 24560.0 264.0 100.0 1943,
6040.0 24564.0 192.0 92.0 the
6328.0 24560.0 408.0 96.0 British
6836.0 24560.0 432.0 96.0 sudden-

5072.0 24704.0 108.0 112.0 ly
5248.0 24696.0 516.0 116.0 occupied
5832.0 24696.0 420.0 100.0 Jewish
6324.0 24696.0 692.0 96.0 institutions
7084.0 24696.0 228.0 96.0 and

5072.0 24836.0 496.0 100.0 rounded
5668.0 24860.0 140.0 92.0 up
5904.0 24860.0 64.0 68.0 a
6072.0 24832.0 460.0 100.0 number
6624.0 24836.0 120.0 92.0 of
6836.0 24836.0 392.0 112.0 Jewry
7268.0 24860.0 48.0 68.0 s

5072.0 24984.0 296.0 92.0 most
5428.0 24972.0 240.0 96.0 able
5720.0 24976.0 436.0 92.0 leaders
6212.0 24972.0 252.0 96.0 here
6524.0 24976.0 292.0 88.0 after
6872.0 24972.0 440.0 96.0 several

5072.0 25112.0 372.0 96.0 weeks
5520.0 25112.0 112.0 96.0 of
5700.0 25112.0 492.0 96.0 violence
6268.0 25108.0 408.0 124.0 flaring
6748.0 25108.0 296.0 96.0 from
7120.0 25108.0 196.0 100.0 the

5084.0 25248.0 808.0 112.0 underground.

5080.0 26572.0 188.0 96.0 the
5388.0 26564.0 420.0 100.0 Pacific
5928.0 26564.0 244.0 96.0 unit
6288.0 26560.0 112.0 96.0 of
6512.0 26564.0 184.0 96.0 the
6812.0 26560.0 476.0 96.0 brother-

5080.0 26708.0 284.0 100.0 hood
5456.0 26704.0 168.0 96.0 for
5704.0 26724.0 296.0 80.0 more
6088.0 26704.0 272.0 92.0 than
6444.0 26700.0 116.0 96.0 20
6636.0 26724.0 356.0 96.0 years,
7080.0 26724.0 240.0 68.0 was

5076.0 26868.0 208.0 72.0 one
5408.0 26840.0 112.0 92.0 of
5636.0 26864.0 64.0 72.0 a
5816.0 26840.0 468.0 96.0 number
6400.0 26840.0 112.0 92.0 of
6628.0 26840.0 336.0 96.0 union
7092.0 26840.0 228.0 92.0 and

5080.0 26976.0 484.0 100.0 railroad
5672.0 26976.0 432.0 96.0 leaders
6212.0 26976.0 336.0 96.0 called
6660.0 26980.0 112.0 92.0 to
6884.0 26980.0 436.0 108.0 testify.

5080.0 27120.0 608.0 92.0 Witnesses
5784.0 27116.0 236.0 92.0 said
6124.0 27116.0 524.0 92.0 Peterson
6748.0 27112.0 572.0 116.0 collapsed

5088.0 27260.0 104.0 92.0 in
5288.0 27256.0 188.0 92.0 the
5568.0 27252.0 512.0 116.0 doorway
6172.0 27260.0 112.0 88.0 to
6376.0 27252.0 180.0 92.0 the
6644.0 27252.0 680.0 92.0 conference

5088.0 27416.0 340.0 72.0 room.

5208.0 27528.0 232.0 96.0 The
5520.0 27528.0 368.0 92.0 leader
5968.0 27552.0 232.0 68.0 was
6280.0 27548.0 196.0 72.0 one
6560.0 27524.0 112.0 96.0 of
6756.0 27528.0 188.0 100.0 the
7028.0 27524.0 248.0 116.0 prin-

5084.0 27668.0 288.0 112.0 cipal
5504.0 27668.0 680.0 112.0 negotiators
6308.0 27664.0 396.0 116.0 during
6828.0 27668.0 500.0 92.0 sessions

5080.0 27808.0 436.0 108.0 leading
5604.0 27832.0 144.0 88.0 up
5832.0 27824.0 112.0 80.0 to
6028.0 27812.0 188.0 96.0 the
6300.0 27808.0 340.0 96.0 strike
6724.0 27808.0 284.0 96.0 dead
7104.0 27808.0 216.0 96.0 line

5088.0 27948.0 220.0 92.0 last
5396.0 27944.0 504.0 112.0 Monday.
5984.0 27940.0 176.0 96.0 He
6248.0 27940.0 520.0 116.0 formerly
6852.0 27964.0 236.0 76.0 was
7176.0 27964.0 152.0 68.0 an

5080.0 28092.0 524.0 112.0 engineer
5672.0 28116.0 136.0 68.0 on
5884.0 28092.0 188.0 92.0 the
6148.0 28084.0 228.0 100.0 Salt
6448.0 28084.0 292.0 96.0 Lake
6812.0 28080.0 512.0 100.0 Division

5092.0 28220.0 112.0 96.0 of
5272.0 28220.0 192.0 96.0 the
5532.0 28220.0 548.0 96.0 Southern
6148.0 28216.0 452.0 104.0 Pacific.
6664.0 28224.0 168.0 100.0 He
6900.0 28240.0 244.0 72.0 was
7208.0 28212.0 124.0 100.0 63

5084.0 28380.0 340.0 100.0 years
5480.0 28352.0 212.0 108.0 old.

7656.0 5136.0 1632.0 464.0 TESTIMONY

7356.0 5928.0 992.0 272.0 Refused
8436.0 5936.0 312.0 328.0 By
8836.0 5932.0 764.0 272.0 Heads

7368.0 6600.0 196.0 208.0 Of
7708.0 6600.0 344.0 212.0 CIO
8208.0 6600.0 748.0 212.0 Tobacco
9124.0 6600.0 480.0 212.0 local

7420.0 6936.0 568.0 212.0 Asked
8076.0 6944.0 156.0 208.0 If
8308.0 6940.0 716.0 268.0 They're
9116.0 6940.0 336.0 212.0 lied

7356.0 7460.0 800.0 172.0 Wisconsin
8280.0 7464.0 420.0 168.0 UAW
8812.0 7468.0 544.0 164.0 Leader
9476.0 7468.0 140.0 164.0 Is

7384.0 7700.0 644.0 164.0 Indicted
8112.0 7708.0 220.0 160.0 On
8412.0 7700.0 592.0 204.0 Perjury
9080.0 7704.0 312.0 200.0 Rap

7516.0 7936.0 960.0 164.0 Kravchenko
8548.0 7940.0 260.0 160.0 Bill
8896.0 7944.0 540.0 168.0 O.K.'d.

7488.0 8216.0 780.0 120.0 Washington,
8428.0 8216.0 256.0 120.0 July
8828.0 8216.0 116.0 96.0 23
9160.0 8216.0 280.0 100.0 (AP)

7364.0 8388.0 352.0 96.0 Three
7780.0 8392.0 484.0 92.0 officers
8328.0 8392.0 124.0 92.0 of
8512.0 8416.0 68.0 68.0 a
8636.0 8388.0 556.0 116.0 Congress
9256.0 8392.0 120.0 96.0 of
9440.0 8396.0 124.0 96.0 In

7336.0 8560.0 456.0 120.0 dustrial
7868.0 8560.0 872.0 116.0 Organizations
8776.0 8560.0 464.0 96.0 tobacco
9288.0 8564.0 324.0 92.0 union

7368.0 8728.0 108.0 96.0 in
7588.0 8724.0 360.0 104.0 North
8064.0 8728.0 532.0 104.0 Carolina
8708.0 8736.0 452.0 96.0 refused
9272.0 8732.0 336.0 116.0 today

7360.0 8904.0 120.0 92.0 to
7544.0 8896.0 184.0 96.0 tell
7796.0 8928.0 72.0 72.0 a
7936.0 8904.0 392.0 96.0 House
8404.0 8896.0 632.0 104.0 committee
9112.0 8904.0 496.0 96.0 whether

7364.0 9064.0 260.0 116.0 they
7740.0 9088.0 292.0 80.0 were
8164.0 9068.0 796.0 116.0 Communists,
9088.0 9072.0 332.0 96.0 while
9540.0 9100.0 64.0 64.0 a

7364.0 9232.0 624.0 100.0 Wisconsin
8100.0 9236.0 248.0 100.0 CIO
8456.0 9236.0 344.0 96.0 strike
8904.0 9236.0 380.0 100.0 leader
9384.0 9264.0 224.0 72.0 was

7364.0 9400.0 556.0 100.0 indicated
8068.0 9432.0 144.0 72.0 on
8356.0 9404.0 460.0 116.0 charges
8952.0 9412.0 120.0 96.0 of
9212.0 9412.0 392.0 112.0 falsely

7364.0 9576.0 552.0 112.0 swearing
7992.0 9576.0 260.0 100.0 that
8332.0 9580.0 136.0 92.0 he
8544.0 9604.0 220.0 72.0 was
8848.0 9584.0 192.0 92.0 not
9116.0 9608.0 240.0 72.0 one.

7480.0 9744.0 228.0 92.0 The
7836.0 9748.0 356.0 112.0 three,
8324.0 9744.0 392.0 96.0 Edwin
8840.0 9744.0 132.0 104.0 K.
9108.0 9744.0 488.0 116.0 McCraa,

7364.0 9912.0 416.0 100.0 Robert
7904.0 9912.0 116.0 100.0 C.
8152.0 9916.0 360.0 92.0 Black
8632.0 9916.0 216.0 96.0 and
8976.0 9916.0 164.0 112.0 W.
9268.0 9912.0 328.0 100.0 Clark

7352.0 10084.0 604.0 124.0 Sheppard,
8112.0 10092.0 228.0 96.0 told
8492.0 10092.0 180.0 100.0 the
8812.0 10088.0 792.0 100.0 un-American

7360.0 10256.0 580.0 96.0 Activities
8104.0 10252.0 668.0 100.0 Committee
8940.0 10256.0 248.0 96.0 that
9348.0 10256.0 256.0 112.0 they

7360.0 10420.0 332.0 100.0 based
7780.0 10428.0 296.0 96.0 their
8168.0 10424.0 420.0 100.0 refusal
8668.0 10452.0 140.0 72.0 on
8896.0 10428.0 188.0 96.0 the
9176.0 10424.0 420.0 116.0 ground

7356.0 10596.0 248.0 96.0 that
7688.0 10596.0 108.0 96.0 to
7884.0 10620.0 452.0 72.0 answer
8428.0 10592.0 308.0 120.0 "may
8820.0 10592.0 772.0 104.0 incriminate"

7356.0 10740.0 332.0 92.0 them.

7476.0 10872.0 536.0 96.0 Previous
8096.0 10872.0 584.0 96.0 witnesses
8764.0 10872.0 216.0 96.0 had
9076.0 10876.0 240.0 92.0 said
9408.0 10872.0 180.0 96.0 the

7348.0 11036.0 252.0 68.0 men
7652.0 11032.0 284.0 76.0 were
7996.0 11012.0 768.0 96.0 Communists
8816.0 11012.0 224.0 96.0 and
9104.0 11016.0 244.0 92.0 that
9408.0 11012.0 180.0 96.0 the

7352.0 11148.0 280.0 96.0 local
7744.0 11148.0 552.0 108.0 involved,
8408.0 11156.0 124.0 92.0 at
8628.0 11148.0 960.0 112.0 Winston-Salem,

7352.0 11288.0 132.0 96.0 N.
7592.0 11288.0 144.0 116.0 C,
7844.0 11316.0 236.0 72.0 was
8204.0 11288.0 1384.0 96.0 Communist-controlled.

7356.0 11428.0 460.0 100.0 McCrea
7908.0 11428.0 96.0 96.0 Is
8096.0 11460.0 152.0 68.0 an
8348.0 11428.0 796.0 96.0 international
9240.0 11452.0 312.0 92.0 repre

7352.0 11572.0 552.0 92.0 sentative
7964.0 11572.0 120.0 92.0 of
8144.0 11576.0 196.0 88.0 the
8404.0 11564.0 236.0 96.0 CIO
8700.0 11564.0 328.0 112.0 Food,
9092.0 11564.0 504.0 96.0 Tobacco

7348.0 11708.0 216.0 96.0 and
7636.0 11704.0 776.0 120.0 Agricultural
8480.0 11704.0 524.0 96.0 Workers
9072.0 11708.0 520.0 104.0 assigned

7356.0 11848.0 116.0 92.0 to
7556.0 11848.0 188.0 92.0 the
7828.0 11848.0 320.0 96.0 local.
8276.0 11844.0 348.0 96.0 Black
8712.0 11848.0 212.0 96.0 and
9016.0 11844.0 576.0 116.0 Sheppard

7352.0 12008.0 192.0 72.0 are
7624.0 11984.0 724.0 96.0 cochairmen
8432.0 11984.0 116.0 96.0 of
8628.0 11984.0 184.0 96.0 the
8892.0 11984.0 324.0 96.0 local.

7472.0 12124.0 128.0 92.0 In
7732.0 12128.0 488.0 96.0 another
8356.0 12120.0 360.0 116.0 major
8844.0 12120.0 744.0 112.0 Washington

7352.0 12264.0 772.0 116.0 development
8224.0 12264.0 532.0 108.0 touching
8856.0 12284.0 140.0 68.0 on
9096.0 12260.0 464.0 88.0 Commu

7352.0 12404.0 316.0 112.0 nism,
7744.0 12428.0 68.0 72.0 a
7884.0 12400.0 396.0 96.0 House
8424.0 12400.0 576.0 116.0 Judiciary
9080.0 12400.0 468.0 92.0 Subcom

7352.0 12540.0 376.0 96.0 mittee
7844.0 12540.0 584.0 120.0 approved
8544.0 12564.0 64.0 68.0 a
8724.0 12532.0 184.0 108.0 bill
9032.0 12540.0 120.0 92.0 to
9272.0 12536.0 324.0 116.0 grant

7360.0 12684.0 584.0 88.0 American
8116.0 12680.0 660.0 112.0 citizenship
8940.0 12684.0 116.0 88.0 to
9220.0 12676.0 380.0 96.0 Victor

7356.0 12816.0 788.0 112.0 Kravchenko,
8224.0 12820.0 420.0 92.0 former
8716.0 12820.0 376.0 92.0 Soviet
9172.0 12812.0 424.0 100.0 official

7364.0 12964.0 240.0 88.0 who
7716.0 12956.0 240.0 100.0 said
8080.0 12964.0 140.0 92.0 he
8340.0 12952.0 376.0 100.0 feared
8832.0 12956.0 176.0 96.0 for
9128.0 12956.0 172.0 92.0 his
9412.0 12952.0 188.0 96.0 lit'

7356.0 13096.0 464.0 96.0 because
7964.0 13100.0 124.0 96.0 of
8236.0 13092.0 176.0 104.0 his
8552.0 13088.0 796.0 104.0 denunciation
9484.0 13092.0 116.0 96.0 of

7364.0 13236.0 804.0 100.0 Communism.

7692.0 13392.0 584.0 112.0 CALLED
8372.0 13408.0 232.0 96.0 1941
8696.0 13396.0 580.0 104.0 STRIKE.

7484.0 13576.0 228.0 100.0 The
7772.0 13576.0 648.0 96.0 Wisconsin
8480.0 13600.0 248.0 72.0 man
8792.0 13572.0 492.0 104.0 indicted
9348.0 13568.0 256.0 96.0 here

7368.0 13716.0 96.0 100.0 is
7540.0 13712.0 424.0 104.0 Harold
8052.0 13712.0 696.0 104.0 Chrlstoffel.
8860.0 13712.0 212.0 96.0 His
9160.0 13704.0 448.0 124.0 perjurv

7372.0 13856.0 660.0 96.0 indictment
8104.0 13880.0 248.0 72.0 was
8428.0 13852.0 476.0 112.0 brought
8980.0 13852.0 144.0 116.0 by
9204.0 13880.0 68.0 68.0 a
9344.0 13840.0 220.0 100.0 Fed-

7376.0 13996.0 228.0 96.0 eral
7684.0 13992.0 380.0 100.0 Grand
8152.0 13992.0 288.0 112.0 Jury
8516.0 13992.0 112.0 96.0 at
8704.0 13992.0 180.0 92.0 the
8968.0 13992.0 456.0 104.0 request
9496.0 13980.0 120.0 104.0 of

7380.0 14140.0 184.0 92.0 the
7664.0 14132.0 432.0 100.0 Justice
8200.0 14128.0 768.0 120.0 Department.
9108.0 14128.0 236.0 92.0 The
9444.0 14124.0 128.0 96.0 de-

7376.0 14272.0 564.0 112.0 partment
8060.0 14268.0 336.0 100.0 acted
8516.0 14268.0 292.0 96.0 after
8920.0 14268.0 200.0 88.0 the
9240.0 14264.0 372.0 92.0 House

7384.0 14404.0 360.0 100.0 Labor
7812.0 14408.0 684.0 96.0 Committee
8568.0 14404.0 212.0 92.0 had
8860.0 14400.0 356.0 96.0 asked
9288.0 14396.0 336.0 92.0 "such

7384.0 14544.0 364.0 100.0 action
7828.0 14572.0 124.0 72.0 as
8032.0 14564.0 264.0 92.0 may
8372.0 14540.0 132.0 92.0 be
8572.0 14528.0 784.0 124.0 appropriate"
9432.0 14528.0 144.0 96.0 fol

7376.0 14680.0 400.0 112.0 lowing
7864.0 14684.0 196.0 96.0 the
8160.0 14676.0 564.0 104.0 accused's
8816.0 14692.0 372.0 80.0 sworn
9284.0 14672.0 288.0 88.0 state

7384.0 14828.0 300.0 88.0 ment
7752.0 14824.0 104.0 88.0 to
7920.0 14820.0 196.0 96.0 the
8184.0 14808.0 636.0 100.0 committee
8884.0 14808.0 252.0 96.0 that
9200.0 14808.0 136.0 92.0 he
9396.0 14828.0 224.0 68.0 was

7384.0 14964.0 188.0 88.0 not
7648.0 14976.0 64.0 72.0 a
7788.0 14952.0 744.0 96.0 Communist.

7480.0 15096.0 656.0 96.0 Christoffrl
8212.0 15124.0 232.0 64.0 was
8512.0 15092.0 572.0 96.0 President
9136.0 15088.0 112.0 92.0 of
9292.0 15080.0 316.0 100.0 Local

7360.0 15228.0 180.0 100.0 248
7608.0 15236.0 116.0 96.0 of
7788.0 15240.0 192.0 92.0 the
8056.0 15232.0 420.0 96.0 United
8544.0 15232.0 284.0 96.0 Auto
8900.0 15224.0 532.0 96.0 Workers
9504.0 15224.0 104.0 96.0 in

7364.0 15376.0 232.0 96.0 1941
7676.0 15380.0 320.0 92.0 when
8080.0 15380.0 196.0 92.0 the
8364.0 15376.0 332.0 88.0 union
8776.0 15368.0 352.0 96.0 called
9212.0 15392.0 72.0 68.0 a
9360.0 15368.0 256.0 108.0 long

7376.0 15512.0 344.0 96.0 strike
7832.0 15512.0 464.0 108.0 against
8420.0 15516.0 184.0 88.0 the
8720.0 15496.0 904.0 100.0 Allis-Chalmnrs

7360.0 15660.0 180.0 92.0 Co.
7616.0 15660.0 116.0 92.0 of
7808.0 15652.0 708.0 112.0 Milwaukee,
8596.0 15648.0 448.0 100.0 makers
9124.0 15644.0 124.0 96.0 of
9324.0 15648.0 288.0 92.0 farm

7364.0 15800.0 668.0 108.0 machinery,
8116.0 15800.0 280.0 92.0 then
8480.0 15788.0 256.0 100.0 with
8824.0 15788.0 464.0 96.0 defense
9372.0 15808.0 196.0 72.0 con

7360.0 15940.0 376.0 92.0 tracts.
7924.0 15932.0 180.0 100.0 He
8236.0 15936.0 548.0 116.0 appeared
8916.0 15928.0 388.0 96.0 before
9428.0 15928.0 184.0 92.0 the

7360.0 16080.0 564.0 96.0 committe
8004.0 16080.0 292.0 96.0 lasts
8376.0 16072.0 412.0 108.0 March,
8872.0 16072.0 108.0 96.0 in
9064.0 16072.0 148.0 96.0 its
9288.0 16068.0 324.0 116.0 study

7360.0 16220.0 120.0 92.0 of
7592.0 16220.0 504.0 100.0 whether
8228.0 16212.0 636.0 100.0 subversive
8996.0 16208.0 620.0 96.0 Influences

7360.0 16380.0 280.0 76.0 were
7716.0 16364.0 108.0 92.0 in
7900.0 16380.0 144.0 76.0 on
8124.0 16356.0 200.0 96.0 the
8400.0 16352.0 376.0 96.0 strike.
8912.0 16348.0 172.0 96.0 He
9168.0 16348.0 236.0 96.0 said
9480.0 16348.0 132.0 96.0 he

7364.0 16520.0 224.0 72.0 was
7664.0 16500.0 192.0 96.0 not
7940.0 16524.0 72.0 68.0 a
8088.0 16500.0 732.0 100.0 Communist,
8900.0 16488.0 224.0 100.0 and
9208.0 16492.0 248.0 92.0 that
9532.0 16488.0 80.0 96.0 it

7364.0 16636.0 348.0 112.0 would
7792.0 16636.0 284.0 100.0 have
8156.0 16640.0 280.0 92.0 been
8520.0 16660.0 64.0 68.0 a
8652.0 16628.0 504.0 120.0 betrayal
9240.0 16628.0 120.0 92.0 of
9428.0 16628.0 184.0 96.0 the

7364.0 16776.0 488.0 100.0 workers
7940.0 16780.0 228.0 96.0 and
8272.0 16776.0 188.0 96.0 the
8552.0 16780.0 468.0 116.0 country
9116.0 16768.0 220.0 92.0 had
9432.0 16772.0 184.0 92.0 the

7364.0 16920.0 276.0 96.0 local
7732.0 16916.0 604.0 96.0 President
8432.0 16916.0 340.0 96.0 called
8868.0 16940.0 68.0 64.0 a
9032.0 16904.0 352.0 100.0 strike
9476.0 16928.0 140.0 68.0 on

7368.0 17056.0 688.0 96.0 Communist
8152.0 17056.0 412.0 92.0 orders.

7488.0 17196.0 568.0 112.0 However,
8132.0 17200.0 192.0 92.0 the
8396.0 17192.0 344.0 116.0 grand
8812.0 17188.0 256.0 124.0 jury
9136.0 17188.0 476.0 112.0 charged

7368.0 17336.0 244.0 100.0 that
7712.0 17336.0 136.0 96.0 he
7956.0 17332.0 304.0 96.0 "was
8368.0 17336.0 256.0 92.0 then
8736.0 17360.0 60.0 68.0 a
8904.0 17328.0 500.0 96.0 member
9504.0 17332.0 116.0 88.0 of

7368.0 17480.0 180.0 92.0 the
7612.0 17476.0 708.0 96.0 Communist
8392.0 17480.0 316.0 112.0 party
8772.0 17472.0 216.0 96.0 and
9060.0 17468.0 216.0 96.0 had
9352.0 17468.0 260.0 96.0 tieen

7380.0 17612.0 264.0 92.0 such
7784.0 17612.0 504.0 92.0 member
8436.0 17608.0 168.0 92.0 for
8740.0 17604.0 428.0 92.0 several
9312.0 17624.0 312.0 88.0 years

7372.0 17760.0 448.0 108.0 thereto,
7916.0 17764.0 224.0 92.0 and
8236.0 17752.0 220.0 100.0 had
8544.0 17748.0 440.0 100.0 worked
9076.0 17748.0 268.0 96.0 with
9436.0 17748.0 180.0 96.0 the

7372.0 17892.0 696.0 100.0 Communist
8216.0 17900.0 328.0 112.0 party
8676.0 17892.0 212.0 96.0 and
9032.0 17892.0 268.0 92.0 with
9440.0 17888.0 180.0 96.0 the

7360.0 18036.0 700.0 96.0 Communist
8156.0 18032.0 508.0 96.0 Political
8760.0 18028.0 736.0 100.0 Association.

7552.0 18200.0 580.0 96.0 DENIED
8216.0 18192.0 704.0 108.0 KNOWING
9008.0 18192.0 420.0 104.0 REDS.

7488.0 18372.0 224.0 100.0 The
7840.0 18380.0 680.0 96.0 indictment
8644.0 18376.0 228.0 96.0 also
9000.0 18372.0 240.0 100.0 said
9376.0 18372.0 244.0 96.0 that

7368.0 18516.0 644.0 100.0 Christofell
8156.0 18520.0 404.0 116.0 falsely
8696.0 18536.0 348.0 72.0 swore
9188.0 18516.0 116.0 92.0 to
9440.0 18512.0 184.0 96.0 the

7360.0 18656.0 376.0 100.0 House
7836.0 18664.0 596.0 92.0 committe
8540.0 18656.0 240.0 96.0 that
8888.0 18656.0 140.0 88.0 he
9140.0 18652.0 180.0 108.0 did
9432.0 18656.0 188.0 96.0 not

7380.0 18796.0 324.0 88.0 know
7780.0 18792.0 292.0 104.0 Fred
8164.0 18792.0 316.0 92.0 Blair
8552.0 18788.0 216.0 96.0 and
8848.0 18784.0 244.0 96.0 Ned
9184.0 18784.0 444.0 116.0 Sparks.

7364.0 18936.0 304.0 120.0 They
7736.0 18964.0 292.0 72.0 were
8112.0 18940.0 584.0 100.0 identified
8776.0 18936.0 112.0 96.0 in
8964.0 18932.0 196.0 100.0 the
9240.0 18932.0 340.0 96.0 Indict-

7368.0 19080.0 304.0 96.0 ment
7728.0 19108.0 124.0 68.0 as
7920.0 19084.0 196.0 96.0 the
8188.0 19080.0 288.0 96.0 head
8540.0 19080.0 216.0 92.0 and
8824.0 19080.0 424.0 92.0 former
9312.0 19072.0 308.0 116.0 head,

7364.0 19224.0 728.0 116.0 respectively
8180.0 19220.0 120.0 96.0 of
8340.0 19220.0 184.0 96.0 the
8564.0 19216.0 692.0 96.0 Communist
9308.0 19220.0 320.0 112.0 party

7368.0 19364.0 108.0 92.0 in
7552.0 19356.0 668.0 104.0 Wisconsin.

7484.0 19500.0 148.0 92.0 At
7728.0 19496.0 676.0 100.0 Milwaukee
8504.0 19500.0 356.0 112.0 today,
8964.0 19492.0 656.0 100.0 Chrlstoffel

7380.0 19632.0 236.0 96.0 said
7672.0 19636.0 136.0 92.0 he
7864.0 19632.0 376.0 96.0 would
8300.0 19632.0 388.0 116.0 sup;,ly
8744.0 19628.0 336.0 108.0 $5,000
9144.0 19628.0 316.0 92.0 bond.

7488.0 19772.0 228.0 104.0 The
7784.0 19780.0 316.0 112.0 local,
8180.0 19804.0 252.0 72.0 now
8504.0 19780.0 412.0 92.0 headed
8996.0 19776.0 144.0 124.0 by
9208.0 19772.0 416.0 100.0 Robert

7368.0 19916.0 320.0 108.0 Buse,
7752.0 19920.0 92.0 96.0 is
7904.0 19924.0 588.0 112.0 currently
8552.0 19920.0 364.0 116.0 trying
8984.0 19920.0 116.0 92.0 to
9168.0 19916.0 252.0 88.0 hold
9484.0 19940.0 140.0 68.0 on

7372.0 20064.0 112.0 88.0 to
7592.0 20056.0 140.0 96.0 its
7836.0 20052.0 688.0 124.0 bargaining
8628.0 20060.0 356.0 108.0 rights
9092.0 20056.0 116.0 92.0 at
9320.0 20052.0 268.0 96.0 Allis-

7376.0 20192.0 604.0 112.0 Chalmers,
8064.0 20200.0 384.0 92.0 where
8528.0 20228.0 64.0 64.0 a
8668.0 20196.0 444.0 100.0 second,
9196.0 20188.0 436.0 120.0 328-day

7372.0 20336.0 348.0 100.0 strike
7796.0 20340.0 364.0 96.0 ended
8252.0 20340.0 220.0 92.0 last
8548.0 20336.0 380.0 92.0 March
9016.0 20336.0 476.0 88.0 without
9564.0 20360.0 64.0 64.0 a

7376.0 20480.0 528.0 92.0 contract.

7468.0 20604.0 228.0 96.0 The
7752.0 20604.0 912.0 100.0 Allis-Chalmers
8720.0 20604.0 540.0 96.0 situation
9316.0 20620.0 308.0 76.0 came

7380.0 20736.0 284.0 100.0 back
7764.0 20744.0 108.0 96.0 in
7976.0 20748.0 196.0 92.0 the
8284.0 20768.0 296.0 68.0 news
8676.0 20740.0 336.0 116.0 today
9108.0 20740.0 272.0 88.0 with
9480.0 20760.0 136.0 68.0 an

7384.0 20884.0 908.0 92.0 announcement
8368.0 20884.0 136.0 112.0 by
8572.0 20876.0 416.0 96.0 Walter
9064.0 20876.0 124.0 92.0 E.
9260.0 20872.0 324.0 96.0 Peter-

7380.0 21040.0 228.0 88.0 sen,
7696.0 21020.0 600.0 92.0 President
8388.0 21016.0 116.0 92.0 of
8588.0 21016.0 176.0 96.0 the
8860.0 21012.0 764.0 112.0 Independent

7380.0 21152.0 524.0 100.0 Workers
7976.0 21156.0 124.0 92.0 of
8176.0 21156.0 192.0 92.0 the
8444.0 21148.0 896.0 100.0 Allls-Chalmers
9412.0 21148.0 208.0 104.0 Co.,

7376.0 21292.0 252.0 96.0 that
7720.0 21292.0 132.0 92.0 he
7952.0 21296.0 228.0 92.0 had
8288.0 21288.0 424.0 96.0 offered
8816.0 21292.0 108.0 92.0 to
9028.0 21284.0 324.0 112.0 bring
9452.0 21284.0 168.0 92.0 his

7380.0 21428.0 332.0 96.0 union
7780.0 21424.0 292.0 96.0 back
8148.0 21428.0 236.0 92.0 Into
8452.0 21428.0 180.0 92.0 the
8696.0 21424.0 236.0 92.0 CIO
9000.0 21420.0 316.0 92.0 local.

7500.0 21564.0 528.0 96.0 Petersen
8096.0 21560.0 708.0 100.0 conditioned
8868.0 21560.0 188.0 92.0 the
9124.0 21556.0 292.0 92.0 offer
9476.0 21580.0 136.0 68.0 on

7376.0 21704.0 188.0 96.0 the
7680.0 21700.0 652.0 96.0 immediate
8456.0 21692.0 676.0 116.0 resignation
9248.0 21688.0 116.0 96.0 of
9476.0 21692.0 140.0 92.0 all

7376.0 21840.0 184.0 92.0 the
7680.0 21836.0 240.0 100.0 CIO
8044.0 21836.0 472.0 92.0 officers
8628.0 21836.0 336.0 104.0 there,
9092.0 21828.0 216.0 96.0 and
9432.0 21832.0 184.0 92.0 the

7380.0 21976.0 444.0 112.0 holding
7888.0 21972.0 120.0 100.0 of
8076.0 22000.0 72.0 68.0 a
8220.0 21992.0 240.0 72.0 new
8532.0 21972.0 496.0 92.0 election.
9172.0 21964.0 444.0 96.0 Results

7376.0 22112.0 116.0 96.0 of
7544.0 22136.0 136.0 68.0 an
7740.0 22112.0 480.0 92.0 election
8280.0 22108.0 112.0 92.0 to
8452.0 22108.0 608.0 96.0 determine
9120.0 22104.0 496.0 96.0 whether

7376.0 22252.0 184.0 96.0 the
7656.0 22248.0 236.0 96.0 CIO
7988.0 22244.0 288.0 96.0 local
8376.0 22264.0 124.0 72.0 or
8588.0 22244.0 184.0 92.0 the
8868.0 22240.0 744.0 112.0 independent

7376.0 22384.0 276.0 100.0 shall
7768.0 22376.0 840.0 120.0 represent
8716.0 22372.0 900.0 100.0 Allis-Chalmers

7376.0 22520.0 484.0 96.0 workers
7928.0 22544.0 200.0 68.0 are
8200.0 22516.0 228.0 92.0 still
8500.0 22516.0 624.0 96.0 indecisive.

7500.0 22656.0 124.0 96.0 In
7704.0 22656.0 400.0 112.0 saying
8196.0 22652.0 136.0 92.0 he
8420.0 22648.0 372.0 96.0 feared
8876.0 22652.0 180.0 92.0 for
9140.0 22648.0 176.0 92.0 his
9396.0 22648.0 216.0 108.0 life,

7376.0 22788.0 752.0 100.0 Kravchenko
8184.0 22792.0 232.0 96.0 told
8472.0 22792.0 180.0 96.0 the
8708.0 22784.0 896.0 96.0 subcommittee:

7372.0 22932.0 116.0 96.0 "I
7556.0 22928.0 288.0 96.0 can't
7916.0 22928.0 216.0 92.0 live
8212.0 22924.0 264.0 92.0 here
8544.0 22948.0 204.0 68.0 one
8816.0 22944.0 308.0 72.0 more
9196.0 22944.0 264.0 88.0 year
9532.0 22920.0 84.0 92.0 If

7376.0 23088.0 212.0 96.0 you
7656.0 23060.0 304.0 108.0 don't
8028.0 23060.0 256.0 116.0 give
8368.0 23080.0 168.0 76.0 me
8612.0 23056.0 752.0 116.0 citizenship."

7712.0 26008.0 96.0 108.0 In
7900.0 26032.0 236.0 84.0 cast
8232.0 26028.0 188.0 112.0 you
8508.0 26004.0 348.0 112.0 missed
8936.0 26020.0 220.0 96.0 any
9268.0 25996.0 116.0 96.0 of
9488.0 25996.0 488.0 100.0 William
10088.0 25988.0 132.0 104.0 H.
10332.0 25984.0 544.0 100.0 Hcsslcr's
10988.0 25980.0 644.0 120.0 thoughtful

7708.0 26172.0 460.0 100.0 articles
8280.0 26168.0 340.0 100.0 about
8724.0 26176.0 376.0 96.0 Ohio's
9216.0 26164.0 848.0 108.0 double-decker
10172.0 26168.0 288.0 92.0 state
10572.0 26164.0 744.0 112.0 government
11420.0 26156.0 216.0 100.0 and

7712.0 26340.0 304.0 100.0 what
8096.0 26340.0 404.0 100.0 should
8576.0 26348.0 124.0 100.0 be
8776.0 26348.0 280.0 92.0 done
9140.0 26344.0 328.0 96.0 about
9544.0 26348.0 84.0 96.0 it
9700.0 26408.0 28.0 36.0 .
9800.0 26408.0 28.0 32.0 .
9900.0 26408.0 28.0 32.0 .
10004.0 26336.0 348.0 100.0 here's
10428.0 26360.0 268.0 96.0 your
10768.0 26336.0 428.0 96.0 chance
11272.0 26336.0 112.0 88.0 to
11456.0 26336.0 184.0 108.0 get

7712.0 26516.0 256.0 100.0 hold
8044.0 26516.0 124.0 100.0 of
8240.0 26516.0 152.0 96.0 all
8460.0 26524.0 248.0 96.0 five.
8812.0 26520.0 360.0 96.0 These
9248.0 26520.0 440.0 96.0 articles
9760.0 26512.0 556.0 120.0 appeared
10388.0 26508.0 492.0 120.0 recently
10952.0 26512.0 108.0 92.0 In
11140.0 26508.0 188.0 96.0 the
11400.0 26504.0 196.0 96.0 Cin-

7712.0 26692.0 436.0 96.0 cinnati
8228.0 26688.0 576.0 124.0 Enquirer.
8912.0 26692.0 236.0 100.0 The
9224.0 26692.0 256.0 100.0 first
9552.0 26696.0 216.0 92.0 two
9844.0 26688.0 304.0 96.0 dealt
10220.0 26688.0 256.0 92.0 with
10556.0 26684.0 184.0 96.0 the
10820.0 26680.0 820.0 116.0 shortcomings

7716.0 26860.0 116.0 96.0 of
7888.0 26864.0 192.0 100.0 the
8144.0 26868.0 456.0 116.0 present
8656.0 26868.0 216.0 96.0 two
8932.0 26864.0 532.0 96.0 chamber
9520.0 26860.0 476.0 104.0 General
10060.0 26856.0 604.0 120.0 Assembly.
10756.0 26860.0 228.0 92.0 The
11052.0 26856.0 216.0 96.0 last
11332.0 26860.0 304.0 88.0 three

7716.0 27040.0 528.0 116.0 explored
8344.0 27044.0 184.0 92.0 the
8620.0 27040.0 716.0 116.0 possibilities
9428.0 27040.0 112.0 92.0 of
9632.0 27064.0 68.0 68.0 a
9792.0 27040.0 360.0 108.0 single
10244.0 27036.0 680.0 96.0 unicameral
11024.0 27028.0 612.0 120.0 legislative

7712.0 27208.0 316.0 120.0 body.
8124.0 27212.0 180.0 96.0 All
8368.0 27212.0 212.0 100.0 five
8644.0 27216.0 452.0 96.0 articles
9160.0 27220.0 272.0 96.0 have
9496.0 27212.0 272.0 96.0 been
9836.0 27212.0 524.0 96.0 collected
10428.0 27212.0 228.0 96.0 into
10724.0 27240.0 60.0 64.0 a
10848.0 27208.0 284.0 96.0 little
11196.0 27208.0 440.0 96.0 booklet

7712.0 27384.0 360.0 96.0 which
8164.0 27408.0 216.0 92.0 you
8464.0 27412.0 244.0 92.0 may
8792.0 27384.0 260.0 120.0 pick
9136.0 27412.0 144.0 96.0 up
9360.0 27388.0 468.0 96.0 without
9916.0 27392.0 240.0 88.0 cost
10236.0 27388.0 116.0 92.0 at
10436.0 27388.0 180.0 92.0 the
10708.0 27392.0 468.0 92.0 counter
11264.0 27388.0 104.0 92.0 in
11452.0 27384.0 180.0 92.0 the

7724.0 27560.0 252.0 96.0 first
8072.0 27560.0 296.0 96.0 floor
8456.0 27556.0 312.0 120.0 lobby
8860.0 27560.0 116.0 96.0 of
9068.0 27560.0 228.0 92.0 The
9388.0 27560.0 552.0 116.0 Enquirer
10028.0 27556.0 520.0 112.0 building.
10672.0 27564.0 152.0 92.0 Or
10912.0 27564.0 316.0 92.0 write
11324.0 27560.0 168.0 96.0 for
11580.0 27588.0 60.0 68.0 a

7708.0 27756.0 308.0 96.0 copy.
8140.0 27732.0 204.0 100.0 It's
8432.0 27736.0 604.0 116.0 Important
9128.0 27736.0 456.0 120.0 reading
9668.0 27740.0 180.0 96.0 for
9936.0 27736.0 148.0 96.0 all
10172.0 27736.0 512.0 96.0 Ohioiins.

10000.0 5136.0 1576.0 464.0 TAXSALES

9672.0 5944.0 268.0 256.0 In
10132.0 5940.0 856.0 328.0 County
11168.0 5932.0 744.0 332.0 Valid,

9684.0 6612.0 808.0 268.0 Supreme
10600.0 6608.0 520.0 212.0 Court
11228.0 6608.0 200.0 208.0 Of
11524.0 6604.0 396.0 212.0 Ohio

9872.0 6948.0 512.0 212.0 Rules
10464.0 6952.0 172.0 204.0 In
10724.0 6948.0 408.0 204.0 Test
11224.0 6944.0 488.0 208.0 Case.

9676.0 7476.0 496.0 160.0 Lower
10324.0 7468.0 732.0 180.0 Judiciary
11220.0 7468.0 708.0 160.0 Reversed

9808.0 7712.0 164.0 156.0 In
10052.0 7708.0 684.0 184.0 $250,000
10812.0 7704.0 720.0 164.0 Purchase
11612.0 7708.0 184.0 160.0 Of

10076.0 7948.0 864.0 200.0 Delinquent
11012.0 7944.0 512.0 168.0 Lands.

9808.0 8224.0 92.0 92.0 A
9992.0 8228.0 240.0 92.0 1946
10312.0 8228.0 224.0 96.0 sale
10624.0 8224.0 120.0 96.0 of
10828.0 8220.0 464.0 112.0 $250,000
11372.0 8220.0 352.0 96.0 worth
11808.0 8220.0 116.0 96.0 of

9688.0 8400.0 884.0 116.0 tax-delinquent
10700.0 8396.0 264.0 96.0 land
11108.0 8396.0 108.0 96.0 In
11352.0 8392.0 568.0 96.0 Hamilton

9684.0 8572.0 440.0 120.0 County
10188.0 8572.0 136.0 116.0 by
10380.0 8572.0 428.0 116.0 George
10872.0 8564.0 100.0 100.0 J.
11036.0 8560.0 888.0 120.0 Guckcnberger,

9688.0 8744.0 436.0 116.0 County
10200.0 8744.0 496.0 116.0 Auditor,
10776.0 8768.0 232.0 64.0 was
11088.0 8736.0 252.0 96.0 held
11416.0 8736.0 292.0 96.0 valid
11784.0 8736.0 140.0 120.0 by

9684.0 8920.0 188.0 92.0 the
9952.0 8916.0 284.0 100.0 Ohio
10316.0 8920.0 528.0 116.0 Supreme
10916.0 8912.0 356.0 100.0 Court
11344.0 8908.0 580.0 120.0 yesterday

9688.0 9092.0 108.0 92.0 In
9904.0 9116.0 68.0 72.0 a
10084.0 9092.0 516.0 96.0 test-case
10708.0 9084.0 500.0 100.0 decision
11320.0 9084.0 356.0 96.0 which
11780.0 9100.0 144.0 80.0 an

9688.0 9264.0 432.0 92.0 official
10212.0 9264.0 236.0 96.0 said
10540.0 9260.0 220.0 104.0 had
10856.0 9260.0 276.0 96.0 been
11228.0 9256.0 468.0 100.0 awaited
11792.0 9252.0 132.0 120.0 by

9688.0 9436.0 112.0 92.0 25
9880.0 9432.0 288.0 96.0 Ohio
10244.0 9436.0 532.0 96.0 counties.

9812.0 9608.0 232.0 96.0 The
10128.0 9608.0 476.0 96.0 decision
10680.0 9628.0 236.0 76.0 was
10992.0 9604.0 528.0 104.0 returned
11604.0 9600.0 100.0 100.0 in
11784.0 9628.0 140.0 68.0 an

9688.0 9784.0 372.0 92.0 action
10164.0 9780.0 472.0 116.0 brought
10736.0 9776.0 140.0 120.0 by
10976.0 9780.0 356.0 96.0 Oscar
11432.0 9776.0 116.0 100.0 E.
11648.0 9776.0 276.0 96.0 Ban-

9692.0 9976.0 256.0 72.0 man
10048.0 9952.0 120.0 100.0 of
10260.0 9956.0 344.0 96.0 Oscar
10700.0 9956.0 124.0 96.0 E.
10924.0 9956.0 516.0 92.0 Bauman
11536.0 9952.0 84.0 96.0 &
11716.0 9952.0 212.0 104.0 Co..

9692.0 10132.0 616.0 112.0 purchaser
10368.0 10128.0 116.0 92.0 of
10548.0 10160.0 68.0 68.0 a
10684.0 10124.0 476.0 100.0 number
11232.0 10124.0 120.0 96.0 of
11416.0 10128.0 180.0 96.0 the
11660.0 10120.0 268.0 112.0 8,800

9688.0 10272.0 436.0 112.0 parcels
10212.0 10268.0 504.0 120.0 disposed
10804.0 10272.0 116.0 92.0 of
11004.0 10264.0 140.0 120.0 by
11232.0 10268.0 672.0 96.0 Gin-kenber-

9684.0 10436.0 224.0 88.0 ger,
10004.0 10412.0 704.0 116.0 challenging
10800.0 10416.0 192.0 92.0 the
11080.0 10412.0 244.0 92.0 title
11416.0 10416.0 108.0 88.0 to
11612.0 10408.0 316.0 100.0 lands

9684.0 10552.0 236.0 96.0 sold
9992.0 10548.0 468.0 104.0 because
10528.0 10556.0 112.0 96.0 of
10708.0 10580.0 68.0 68.0 a
10836.0 10552.0 520.0 116.0 question
11420.0 10576.0 256.0 72.0 over
11740.0 10552.0 184.0 92.0 the

9688.0 10696.0 260.0 92.0 time
10036.0 10696.0 516.0 108.0 schedule
10632.0 10696.0 120.0 92.0 of
10828.0 10696.0 188.0 96.0 the
11100.0 10692.0 260.0 96.0 sale.

9804.0 10832.0 132.0 100.0 In
10044.0 10840.0 580.0 108.0 returning
10720.0 10836.0 628.0 116.0 Judgment,
11456.0 10836.0 180.0 96.0 the
11736.0 10836.0 140.0 96.0 Su

9680.0 11000.0 380.0 96.0 preme
10148.0 10976.0 340.0 96.0 Court
10576.0 10980.0 252.0 96.0 held
10924.0 10980.0 252.0 92.0 that
11268.0 11004.0 64.0 68.0 a
11424.0 10980.0 256.0 92.0 time
11772.0 10980.0 104.0 92.0 in-

9680.0 11120.0 360.0 92.0 terval
10132.0 11120.0 488.0 100.0 between
10716.0 11120.0 392.0 120.0 listing
11196.0 11120.0 120.0 92.0 of
11404.0 11116.0 516.0 100.0 forfeited

9680.0 11260.0 324.0 96.0 lands
10108.0 11264.0 220.0 92.0 and
10432.0 11260.0 288.0 100.0 their
10824.0 11264.0 260.0 108.0 sale,
11192.0 11260.0 492.0 96.0 directed
11784.0 11260.0 136.0 112.0 by

9680.0 11404.0 244.0 104.0 law,
9988.0 11428.0 228.0 68.0 was
10284.0 11404.0 816.0 116.0 discretionary
11172.0 11404.0 264.0 92.0 with
11496.0 11400.0 424.0 116.0 County

9676.0 11544.0 540.0 92.0 Auditors
10304.0 11544.0 208.0 96.0 and
10612.0 11548.0 192.0 92.0 not
10900.0 11540.0 696.0 116.0 mandatory.

9808.0 11680.0 124.0 96.0 E.
10016.0 11684.0 124.0 96.0 A.
10220.0 11684.0 400.0 112.0 Wlehe,
10700.0 11684.0 584.0 96.0 Assistant
11368.0 11684.0 564.0 92.0 Hamilton

9684.0 11824.0 444.0 112.0 County
10196.0 11824.0 496.0 104.0 Auditor,
10768.0 11824.0 240.0 96.0 said
11088.0 11824.0 248.0 92.0 that
11412.0 11848.0 64.0 64.0 a
11540.0 11848.0 396.0 88.0 survey

9684.0 11960.0 616.0 96.0 conducted
10420.0 11960.0 132.0 120.0 by
10664.0 11960.0 392.0 96.0 James
11168.0 11960.0 128.0 100.0 G.
11412.0 11960.0 520.0 116.0 Headley.

9684.0 12100.0 568.0 96.0 Assistant
10340.0 12096.0 668.0 96.0 Prosecutor
11096.0 12100.0 180.0 92.0 for
11364.0 12096.0 564.0 96.0 Hamilton

9684.0 12236.0 472.0 116.0 County,
10248.0 12240.0 436.0 92.0 showed
10784.0 12244.0 248.0 88.0 that
11124.0 12244.0 188.0 92.0 the
11404.0 12240.0 524.0 92.0 situation

9692.0 12376.0 364.0 88.0 which
10128.0 12372.0 472.0 116.0 brought
10668.0 12380.0 216.0 92.0 rise
10952.0 12380.0 116.0 92.0 to
11136.0 12380.0 188.0 92.0 the
11388.0 12380.0 224.0 92.0 suit
11676.0 12380.0 256.0 88.0 here

9692.0 12516.0 424.0 92.0 existed
10192.0 12516.0 104.0 92.0 in
10368.0 12520.0 112.0 88.0 25
10544.0 12516.0 540.0 92.0 counties.

9804.0 12680.0 588.0 96.0 BUYERS
10500.0 12676.0 476.0 100.0 AWAIT
11084.0 12676.0 724.0 108.0 DECISION.

9812.0 12848.0 684.0 120.0 Expressing
10588.0 12852.0 720.0 96.0 satisfaction
11400.0 12860.0 264.0 92.0 with
11748.0 12856.0 188.0 92.0 the

9692.0 12992.0 272.0 104.0 high
10072.0 12992.0 404.0 96.0 court's
10584.0 12992.0 460.0 108.0 verdict,
11156.0 12992.0 504.0 100.0 Buuman
11764.0 12992.0 136.0 96.0 de

9692.0 13128.0 376.0 92.0 clared
10168.0 13132.0 248.0 92.0 that
10508.0 13128.0 168.0 92.0 his
10776.0 13152.0 484.0 96.0 purpose
11360.0 13132.0 212.0 96.0 had
11672.0 13128.0 188.0 100.0 bee

9696.0 13272.0 112.0 88.0 to
9900.0 13264.0 536.0 100.0 establish
10524.0 13268.0 764.0 96.0 "marketable
11384.0 13272.0 352.0 96.0 titles"
11828.0 13272.0 116.0 92.0 to

9692.0 13404.0 192.0 92.0 the
9968.0 13404.0 264.0 96.0 land
10312.0 13404.0 360.0 96.0 which
10760.0 13408.0 136.0 92.0 he
10984.0 13408.0 224.0 96.0 had
11292.0 13412.0 616.0 112.0 purchased

9820.0 13540.0 388.0 100.0 Wiehe
10316.0 13540.0 236.0 96.0 said
10664.0 13548.0 188.0 92.0 the
10964.0 13540.0 536.0 120.0 Supremo
11608.0 13548.0 340.0 92.0 Court

9696.0 13676.0 592.0 120.0 judgment
10392.0 13676.0 216.0 100.0 had
10712.0 13676.0 280.0 100.0 been
11100.0 13684.0 476.0 96.0 awaited
11680.0 13688.0 264.0 92.0 with

9696.0 13840.0 480.0 72.0 concern
10264.0 13816.0 140.0 120.0 by
10484.0 13820.0 676.0 112.0 purchasers
11240.0 13820.0 120.0 96.0 of
11444.0 13824.0 188.0 96.0 the
11716.0 13808.0 252.0 112.0 tax-1

9700.0 13956.0 652.0 116.0 delinquent
10424.0 13956.0 344.0 112.0 lands,
10848.0 13964.0 252.0 92.0 who
11176.0 13960.0 280.0 96.0 "had
11532.0 13956.0 412.0 120.0 bought

9704.0 14092.0 108.0 92.0 in
9892.0 14096.0 284.0 108.0 good
10256.0 14092.0 412.0 108.0 faith.".
10776.0 14096.0 344.0 120.0 Many
11196.0 14120.0 460.0 92.0 persons
11732.0 14100.0 212.0 96.0 had

9704.0 14232.0 368.0 96.0 resold
10156.0 14232.0 292.0 96.0 their
10524.0 14236.0 436.0 112.0 parcels
11044.0 14236.0 224.0 92.0 and
11352.0 14260.0 300.0 72.0 some
11732.0 14236.0 224.0 92.0 had

9708.0 14368.0 368.0 104.0 begun
10172.0 14372.0 760.0 88.0 construction
11032.0 14368.0 116.0 96.0 of
11244.0 14372.0 436.0 92.0 houses.
11828.0 14372.0 132.0 92.0 In

9712.0 14520.0 212.0 68.0 one
9984.0 14500.0 528.0 108.0 instance,
10576.0 14500.0 380.0 100.0 Wiehe
11016.0 14508.0 272.0 108.0 said,
11348.0 14528.0 64.0 72.0 a
11472.0 14508.0 496.0 120.0 building

9708.0 14640.0 220.0 88.0 and
10044.0 14640.0 248.0 88.0 loan
10400.0 14660.0 548.0 92.0 company
11060.0 14640.0 220.0 96.0 had
11396.0 14644.0 564.0 96.0 advanced

9708.0 14764.0 404.0 116.0 $30,000
10272.0 14776.0 176.0 92.0 for
10600.0 14784.0 776.0 88.0 construction
11544.0 14788.0 116.0 88.0 of
11812.0 14808.0 144.0 68.0 an

9704.0 14912.0 648.0 104.0 apartment
10436.0 14912.0 340.0 96.0 house
10864.0 14940.0 140.0 68.0 ou
11092.0 14944.0 68.0 64.0 a
11244.0 14920.0 212.0 88.0 site
11540.0 14916.0 420.0 108.0 bought

9708.0 15052.0 116.0 88.0 at
9888.0 15044.0 192.0 96.0 the
10148.0 15048.0 184.0 88.0 tax
10396.0 15052.0 480.0 92.0 auction.

9832.0 15176.0 360.0 100.0 Taxes
10252.0 15212.0 136.0 72.0 on
10452.0 15188.0 608.0 100.0 Bauman's
11124.0 15196.0 540.0 112.0 purchase
11724.0 15196.0 216.0 96.0 had

9708.0 15320.0 272.0 100.0 been
10060.0 15328.0 636.0 116.0 delinquent
10776.0 15332.0 180.0 96.0 for
11032.0 15336.0 220.0 92.0 two
11328.0 15356.0 320.0 92.0 years
11716.0 15340.0 220.0 92.0 and

9712.0 15468.0 184.0 96.0 the
9960.0 15468.0 320.0 96.0 lands
10336.0 15492.0 284.0 76.0 were
10680.0 15472.0 328.0 96.0 listed
11076.0 15476.0 136.0 112.0 by
11272.0 15480.0 184.0 92.0 the
11508.0 15476.0 428.0 116.0 County

9704.0 15608.0 504.0 112.0 Auditor,
10336.0 15612.0 504.0 96.0 declared
10976.0 15616.0 396.0 96.0 forfeit
11496.0 15616.0 136.0 116.0 by
11756.0 15620.0 184.0 92.0 the

9708.0 15748.0 536.0 100.0 Common
10328.0 15756.0 320.0 96.0 Pleas
10720.0 15752.0 352.0 104.0 Court
11148.0 15756.0 224.0 96.0 and
11452.0 15756.0 260.0 112.0 sold,
11792.0 15764.0 144.0 92.0 all

9712.0 15896.0 496.0 92.0 between
10272.0 15896.0 300.0 112.0 April
10636.0 15900.0 220.0 92.0 and
10924.0 15904.0 324.0 104.0 June,
11316.0 15900.0 264.0 96.0 1946.

9832.0 16028.0 384.0 100.0 Under
10272.0 16036.0 236.0 112.0 law,
10576.0 16040.0 184.0 96.0 the
10824.0 16040.0 440.0 116.0 County
11320.0 16044.0 464.0 96.0 Auditor
11848.0 16048.0 92.0 96.0 Is

9712.0 16176.0 512.0 112.0 required
10316.0 16184.0 112.0 92.0 to
10516.0 16180.0 184.0 92.0 list
10792.0 16180.0 536.0 96.0 forfeited
11420.0 16184.0 252.0 96.0 land
11768.0 16188.0 132.0 96.0 be-

9712.0 16320.0 368.0 92.0 tween
10148.0 16320.0 184.0 96.0 the
10404.0 16320.0 252.0 96.0 first
10732.0 16324.0 488.0 112.0 Monday
11296.0 16328.0 116.0 88.0 of
11476.0 16328.0 424.0 96.0 Novem-

9716.0 16460.0 192.0 92.0 ber
10024.0 16460.0 220.0 96.0 and
10356.0 16464.0 536.0 116.0 January.
11076.0 16464.0 108.0 96.0 If
11304.0 16464.0 636.0 120.0 delinquent

9712.0 16600.0 320.0 92.0 taxes
10112.0 16628.0 188.0 68.0 are
10384.0 16612.0 188.0 88.0 not
10656.0 16608.0 256.0 112.0 paid
10996.0 16604.0 140.0 116.0 by
11212.0 16604.0 504.0 128.0 January
11796.0 16612.0 144.0 104.0 15,

9712.0 16744.0 192.0 92.0 the
9968.0 16744.0 444.0 96.0 auditor
10476.0 16748.0 88.0 92.0 is
10636.0 16748.0 512.0 112.0 required
11220.0 16752.0 116.0 88.0 to
11400.0 16752.0 292.0 96.0 offer
11756.0 16752.0 184.0 92.0 the

9716.0 16884.0 260.0 96.0 land
10048.0 16884.0 176.0 92.0 for
10288.0 16888.0 224.0 92.0 sale
10584.0 16892.0 192.0 92.0 not
10844.0 16892.0 288.0 92.0 later
11200.0 16892.0 268.0 92.0 than
11536.0 16892.0 256.0 116.0 July
11860.0 16892.0 76.0 92.0 1.

9780.0 17052.0 776.0 100.0 REVERSES
10632.0 17056.0 660.0 96.0 APPEALS
11372.0 17056.0 508.0 104.0 COURT.

9840.0 17224.0 512.0 100.0 Bauman
10428.0 17228.0 428.0 96.0 started
10940.0 17232.0 172.0 92.0 his
11188.0 17236.0 308.0 92.0 court
11576.0 17240.0 364.0 92.0 action

9716.0 17376.0 112.0 88.0 to
9972.0 17372.0 608.0 92.0 determine
10716.0 17376.0 504.0 92.0 whether
11360.0 17376.0 180.0 92.0 the
11680.0 17376.0 264.0 96.0 time

9712.0 17508.0 524.0 96.0 schedule
10300.0 17536.0 224.0 68.0 was
10580.0 17512.0 552.0 116.0 directory
11200.0 17516.0 220.0 92.0 and
11480.0 17520.0 180.0 92.0 the
11716.0 17524.0 228.0 88.0 sale

9716.0 17648.0 328.0 116.0 valid,
10144.0 17680.0 120.0 68.0 or
10364.0 17652.0 652.0 120.0 mandatory
11120.0 17656.0 216.0 92.0 and
11440.0 17660.0 176.0 96.0 the
11712.0 17664.0 232.0 92.0 sale

9716.0 17792.0 280.0 96.0 void.
10180.0 17792.0 564.0 100.0 Hamilton
10864.0 17796.0 440.0 116.0 County
11416.0 17792.0 524.0 104.0 Commou

9720.0 17932.0 328.0 92.0 Pleas
10112.0 17936.0 336.0 96.0 Court
10512.0 17940.0 300.0 92.0 ruled
10880.0 17944.0 248.0 92.0 that
11192.0 17940.0 184.0 92.0 the
11428.0 17944.0 224.0 92.0 sale
11720.0 17968.0 224.0 68.0 was

9716.0 18076.0 328.0 108.0 valid,
10116.0 18084.0 192.0 100.0 but
10372.0 18080.0 140.0 96.0 its
10576.0 18076.0 492.0 100.0 decision
11140.0 18104.0 228.0 68.0 was
11440.0 18084.0 496.0 92.0 reversed

9712.0 18220.0 144.0 112.0 by
9932.0 18220.0 184.0 96.0 the
10192.0 18220.0 336.0 96.0 Court
10604.0 18220.0 120.0 92.0 of
10796.0 18220.0 516.0 116.0 Appeals.
11456.0 18220.0 220.0 104.0 The
11756.0 18228.0 144.0 92.0 Su-

9720.0 18380.0 376.0 96.0 preme
10164.0 18360.0 332.0 96.0 Court
10564.0 18360.0 492.0 100.0 decision
11128.0 18364.0 520.0 96.0 returned
11712.0 18388.0 192.0 92.0 yes-

9712.0 18500.0 400.0 116.0 terday
10244.0 18504.0 568.0 96.0 sustained
10948.0 18500.0 540.0 100.0 Common
11624.0 18504.0 320.0 100.0 Pleas

9712.0 18640.0 380.0 100.0 Court.

9836.0 18784.0 152.0 96.0 At
10076.0 18788.0 188.0 92.0 the
10352.0 18812.0 300.0 72.0 same
10744.0 18784.0 300.0 116.0 time,
11144.0 18792.0 180.0 92.0 the
11420.0 18792.0 524.0 112.0 Supreme

9708.0 18924.0 356.0 96.0 Court
10140.0 18920.0 552.0 120.0 approved
10772.0 18956.0 68.0 64.0 a
10920.0 18928.0 232.0 96.0 sale
11232.0 18928.0 120.0 92.0 of
11432.0 18936.0 516.0 108.0 property

9708.0 19064.0 112.0 92.0 In
9948.0 19060.0 600.0 116.0 Cuyahoga
10672.0 19064.0 440.0 120.0 County
11240.0 19064.0 356.0 96.0 which
11720.0 19064.0 216.0 96.0 had

9716.0 19204.0 280.0 92.0 been
10088.0 19228.0 400.0 92.0 among
10572.0 19204.0 188.0 96.0 the
10848.0 19232.0 320.0 68.0 cases
11256.0 19204.0 248.0 96.0 held
11584.0 19228.0 144.0 92.0 up
11812.0 19208.0 140.0 104.0 by

9708.0 19344.0 192.0 92.0 the
9996.0 19336.0 568.0 100.0 Hamilton
10668.0 19340.0 444.0 116.0 County
11200.0 19344.0 744.0 112.0 controversy.

9716.0 19484.0 124.0 92.0 In
9936.0 19488.0 192.0 88.0 the
10216.0 19484.0 604.0 112.0 Cuyahoga
10904.0 19484.0 444.0 112.0 County
11432.0 19508.0 276.0 80.0 case,
11800.0 19492.0 112.0 84.0 In

9716.0 19620.0 452.0 108.0 volving
10264.0 19620.0 588.0 96.0 Cleveland
10960.0 19628.0 228.0 92.0 real
11288.0 19624.0 380.0 100.0 estate,
11764.0 19616.0 192.0 96.0 tin

9716.0 19756.0 540.0 96.0 Common
10340.0 19760.0 316.0 92.0 Pleas
10724.0 19760.0 352.0 92.0 Court
11152.0 19756.0 480.0 96.0 decision
11708.0 19780.0 212.0 88.0 sup

9724.0 19900.0 388.0 116.0 ported
10220.0 19900.0 184.0 92.0 the
10512.0 19896.0 616.0 116.0 regularity
11224.0 19892.0 120.0 92.0 of
11448.0 19896.0 180.0 92.0 the
11728.0 19896.0 228.0 92.0 sale

9716.0 20032.0 220.0 96.0 and
10016.0 20040.0 184.0 92.0 the
10272.0 20036.0 340.0 92.0 Court
10680.0 20036.0 120.0 92.0 of
10868.0 20036.0 488.0 112.0 Appeals
11428.0 20032.0 520.0 96.0 affirmed

9720.0 20176.0 184.0 92.0 the
10000.0 20176.0 512.0 96.0 decision.

9840.0 20312.0 236.0 96.0 The
10192.0 20340.0 248.0 68.0 case
10556.0 20340.0 232.0 68.0 was
10904.0 20312.0 516.0 96.0 certified
11540.0 20316.0 108.0 88.0 to
11764.0 20312.0 188.0 92.0 thi

9712.0 20456.0 540.0 108.0 Supreme
10344.0 20456.0 336.0 92.0 Court
10776.0 20456.0 484.0 92.0 because
11352.0 20444.0 80.0 96.0 It
11524.0 20472.0 224.0 68.0 was
11836.0 20448.0 112.0 92.0 in

9716.0 20592.0 464.0 92.0 conflict
10276.0 20592.0 260.0 92.0 with
10644.0 20596.0 188.0 88.0 the
10932.0 20584.0 576.0 100.0 Hamilton
11608.0 20584.0 300.0 96.0 Coun

9712.0 20736.0 116.0 108.0 ty
9960.0 20732.0 576.0 112.0 Appellate
10672.0 20728.0 524.0 96.0 decision.
11336.0 20724.0 292.0 96.0 With
11760.0 20728.0 192.0 92.0 the

9712.0 20872.0 580.0 92.0 Hamilton
10380.0 20864.0 432.0 112.0 County
10892.0 20888.0 260.0 68.0 case
11196.0 20888.0 124.0 68.0 as
11364.0 20864.0 560.0 104.0 authority

9716.0 21016.0 184.0 88.0 the
9984.0 21012.0 268.0 104.0 high
10332.0 21012.0 312.0 92.0 court
10720.0 21004.0 544.0 100.0 affirmed
11344.0 21004.0 184.0 92.0 the
11608.0 21000.0 300.0 108.0 Cuya

9712.0 21152.0 296.0 96.0 hoga
10124.0 21152.0 428.0 96.0 County
10664.0 21152.0 384.0 84.0 courts
11164.0 21152.0 220.0 88.0 and
11500.0 21160.0 272.0 88.0 gave
11888.0 21160.0 68.0 72.0 a

9708.0 21288.0 280.0 92.0 final
10076.0 21280.0 580.0 116.0 judgment
10736.0 21280.0 620.0 116.0 upholding
11432.0 21280.0 180.0 92.0 the
11688.0 21272.0 232.0 96.0 sain

9780.0 21572.0 1084.0 128.0 CERTIFICATES
10952.0 21568.0 912.0 124.0 AVAILABLE.

9840.0 21776.0 620.0 124.0 Columbus,
10540.0 21780.0 308.0 112.0 Ohio,
10928.0 21784.0 264.0 112.0 July
11268.0 21776.0 112.0 96.0 23
11528.0 21776.0 276.0 100.0 (API-

9704.0 21928.0 680.0 108.0 Temporary
10456.0 21920.0 688.0 96.0 certificates
11208.0 21920.0 116.0 88.0 of
11384.0 21916.0 564.0 112.0 eligibility

9716.0 22068.0 176.0 88.0 for
9984.0 22064.0 576.0 100.0 education
10656.0 22088.0 124.0 68.0 or
10868.0 22060.0 740.0 112.0 Job-training
11696.0 22080.0 252.0 88.0 may

9712.0 22208.0 128.0 88.0 be
9964.0 22204.0 512.0 92.0 obtained
10596.0 22196.0 140.0 116.0 by
10852.0 22200.0 528.0 92.0 veterans
11496.0 22212.0 176.0 76.0 on'
11752.0 22200.0 184.0 92.0 the

9712.0 22344.0 304.0 96.0 basis
10124.0 22344.0 116.0 92.0 of
10344.0 22344.0 284.0 96.0 their
10732.0 22336.0 528.0 100.0 terminal
11368.0 22336.0 296.0 96.0 leave
11776.0 22360.0 124.0 72.0 or-

9712.0 22492.0 284.0 100.0 ders,
10092.0 22488.0 184.0 92.0 the
10368.0 22484.0 540.0 96.0 Veterans
11008.0 22476.0 928.0 96.0 Administration

9712.0 22628.0 344.0 92.0 office
10124.0 22628.0 232.0 92.0 said
10424.0 22624.0 360.0 112.0 today.
10916.0 22620.0 328.0 92.0 After
11300.0 22624.0 324.0 88.0 exact
11688.0 22616.0 204.0 96.0 edu-

9708.0 22768.0 372.0 92.0 cation
10216.0 22764.0 428.0 120.0 periods
10772.0 22764.0 280.0 92.0 have
11188.0 22756.0 268.0 96.0 been
11588.0 22756.0 308.0 96.0 deter-

9712.0 22908.0 404.0 108.0 mined,
10248.0 22908.0 176.0 96.0 the
10548.0 22908.0 644.0 112.0 temporary
11320.0 22896.0 616.0 96.0 certificate

9708.0 23052.0 220.0 92.0 will
10024.0 23048.0 124.0 96.0 be
10240.0 23044.0 528.0 120.0 replaced.

9844.0 27976.0 288.0 160.0 The
10216.0 27980.0 716.0 160.0 Cincinnati
11028.0 27980.0 616.0 192.0 Enquirer

12304.0 5136.0 1104.0 320.0 ARMED
13560.0 5136.0 336.0 320.0 IN
14024.0 5120.0 1208.0 336.0 SENATE
15368.0 5120.0 856.0 320.0 WING

15136.0 9724.0 464.0 80.0 AwncUtKt
15668.0 9724.0 228.0 72.0 PrtM
15956.0 9720.0 500.0 88.0 Wltrphatn,

12100.0 9856.0 112.0 120.0 A
12308.0 9892.0 304.0 100.0 man,
12696.0 9856.0 260.0 132.0 left,
13044.0 9860.0 276.0 112.0 who
13404.0 9888.0 300.0 108.0 gave
13784.0 9856.0 192.0 120.0 his
14064.0 9884.0 356.0 88.0 name
14508.0 9880.0 136.0 88.0 rb
14728.0 9848.0 480.0 120.0 Clifton
15296.0 9848.0 140.0 124.0 R.
15524.0 9844.0 148.0 120.0 It.
15760.0 9840.0 452.0 148.0 Spires,
16304.0 9836.0 180.0 140.0 39,

12104.0 10028.0 592.0 144.0 AugUHla,
12816.0 10028.0 184.0 120.0 Ga
13196.0 10060.0 256.0 88.0 was
13564.0 10024.0 560.0 124.0 arrested
14244.0 10024.0 120.0 120.0 in
14484.0 10024.0 204.0 120.0 the
14808.0 10016.0 500.0 148.0 Capitol
15428.0 10020.0 128.0 116.0 at
15672.0 10012.0 816.0 144.0 Washington

12100.0 10208.0 652.0 140.0 yesterday
12836.0 10232.0 156.0 88.0 on
13084.0 10240.0 76.0 80.0 a
13252.0 10196.0 1144.0 148.0 weapon-carrying
14484.0 10196.0 452.0 136.0 charge
15032.0 10228.0 72.0 84.0 a
15204.0 10192.0 240.0 116.0 few
15540.0 10188.0 528.0 120.0 minutes
16164.0 10180.0 332.0 124.0 after

12104.0 10372.0 636.0 124.0 President
12836.0 10376.0 540.0 116.0 Truman
13472.0 10376.0 232.0 120.0 left
13800.0 10376.0 208.0 112.0 the
14116.0 10372.0 444.0 116.0 Senate
14660.0 10368.0 332.0 120.0 floor
15092.0 10360.0 520.0 152.0 directly
15712.0 10360.0 384.0 120.0 above
16204.0 10356.0 288.0 120.0 him.

12104.0 10544.0 280.0 124.0 Pvt.
12496.0 10548.0 288.0 116.0 Taul
12904.0 10548.0 144.0 120.0 G.
13172.0 10544.0 480.0 148.0 Shelby,
13772.0 10544.0 492.0 144.0 Capitol
14388.0 10540.0 716.0 148.0 policeman,
15228.0 10536.0 428.0 116.0 stands
15776.0 10532.0 304.0 116.0 with
16204.0 10528.0 288.0 120.0 him.

12092.0 10888.0 1184.0 376.0 Truman
13412.0 10892.0 880.0 452.0 Drops
14436.0 10884.0 288.0 396.0 In
14868.0 10880.0 432.0 376.0 On
15444.0 10872.0 980.0 380.0 Senate

12196.0 11548.0 356.0 204.0 And
12724.0 11556.0 356.0 204.0 Into
13252.0 11544.0 284.0 204.0 Old
13712.0 11548.0 468.0 260.0 Seat,
14348.0 11536.0 324.0 208.0 For
14832.0 11532.0 600.0 212.0 Which
15604.0 11536.0 232.0 204.0 He
16012.0 11540.0 400.0 200.0 (Jets

12392.0 11876.0 1160.0 216.0 "Homesick"
13916.0 11872.0 448.0 216.0 Visit
14440.0 11884.0 152.0 204.0 Is
14676.0 11872.0 1472.0 272.0 Unprecedented.

12128.0 12268.0 764.0 112.0 Washington,
13000.0 12264.0 260.0 116.0 July
13364.0 12264.0 116.0 92.0 23
13744.0 12256.0 296.0 108.0 (AP)

12004.0 12412.0 592.0 96.0 President
12660.0 12416.0 496.0 96.0 Truman
13228.0 12408.0 252.0 116.0 paid
13548.0 12404.0 184.0 96.0 tha
13804.0 12396.0 436.0 116.0 Capitol

12008.0 12576.0 68.0 68.0 a
12192.0 12556.0 480.0 108.0 surprise
12784.0 12552.0 260.0 96.0 visit
13160.0 12548.0 332.0 112.0 today
13600.0 12572.0 124.0 68.0 rs
13832.0 12544.0 412.0 92.0 Senate

12008.0 12700.0 228.0 92.0 and
12356.0 12696.0 368.0 96.0 House
12844.0 12688.0 604.0 116.0 feverishly
13560.0 12684.0 448.0 96.0 worked
14136.0 12688.0 112.0 88.0 to

12008.0 12840.0 308.0 92.0 clear
12392.0 12840.0 284.0 96.0 their
12752.0 12836.0 588.0 96.0 calendars
13420.0 12836.0 104.0 92.0 In
13604.0 12832.0 292.0 96.0 their
13972.0 12832.0 272.0 92.0 rush

12012.0 12988.0 116.0 96.0 to
12212.0 12984.0 464.0 116.0 adjourn
12760.0 12980.0 588.0 112.0 Saturday.

12140.0 13124.0 232.0 100.0 The
12500.0 13124.0 580.0 96.0 Prcsidont
13204.0 13124.0 372.0 96.0 strode
13700.0 13120.0 236.0 96.0 into
14060.0 13116.0 192.0 96.0 the

12012.0 13268.0 412.0 96.0 Senate
12516.0 13264.0 548.0 100.0 Chamber
13152.0 13264.0 216.0 96.0 and
13460.0 13264.0 176.0 96.0 sat
13724.0 13264.0 324.0 92.0 down
14136.0 13264.0 120.0 88.0 at

12016.0 13412.0 176.0 96.0 his
12288.0 13412.0 176.0 96.0 old
12560.0 13416.0 264.0 108.0 seat,
12920.0 13408.0 428.0 96.0 toward
13444.0 13408.0 188.0 96.0 the
13728.0 13404.0 284.0 100.0 back
14112.0 13424.0 140.0 76.0 on

12012.0 13556.0 196.0 100.0 the
12376.0 13552.0 712.0 96.0 Pemocratlo
13252.0 13552.0 256.0 96.0 side.
13680.0 13548.0 172.0 100.0 He
14024.0 13568.0 232.0 72.0 was

12012.0 13700.0 460.0 112.0 greeted
12560.0 13696.0 260.0 96.0 with
12920.0 13700.0 400.0 112.0 strong
13404.0 13692.0 536.0 120.0 applause
14032.0 13692.0 224.0 92.0 and

12016.0 13836.0 240.0 100.0 told
12316.0 13844.0 180.0 96.0 the
12564.0 13840.0 392.0 100.0 Senate
13020.0 13840.0 256.0 100.0 that
13332.0 13840.0 132.0 92.0 he
13524.0 13836.0 244.0 120.0 gets
13828.0 13840.0 396.0 92.0 "home-

12020.0 13984.0 248.0 92.0 sick
12356.0 13984.0 168.0 96.0 for
12604.0 13984.0 216.0 96.0 this
12900.0 13980.0 340.0 96.0 seat."

12148.0 14124.0 236.0 100.0 The
12512.0 14124.0 676.0 100.0 President's
13316.0 14120.0 524.0 100.0 informal
13968.0 14120.0 296.0 108.0 vlBlt,

12020.0 14272.0 376.0 100.0 which
12468.0 14272.0 500.0 92.0 followed
13036.0 14272.0 340.0 92.0 lunch
13448.0 14272.0 264.0 92.0 with
13776.0 14292.0 72.0 68.0 a
13916.0 14284.0 356.0 92.0 group

12032.0 14408.0 120.0 92.0 of
12288.0 14404.0 852.0 108.0 Congressional
13280.0 14400.0 420.0 100.0 friends
13836.0 14404.0 120.0 92.0 at
14088.0 14404.0 188.0 96.0 the

12036.0 14544.0 468.0 120.0 Capitol,
12588.0 14572.0 216.0 68.0 was
12888.0 14548.0 484.0 92.0 without
13448.0 14544.0 624.0 120.0 precedent.

12172.0 14696.0 212.0 88.0 His
12512.0 14712.0 696.0 80.0 appearance
13320.0 14696.0 468.0 88.0 touched
13924.0 14696.0 180.0 84.0 off
14232.0 14704.0 60.0 72.0 a

12036.0 14828.0 332.0 116.0 lively
12440.0 14832.0 436.0 92.0 ovation
12956.0 14852.0 128.0 72.0 as
13160.0 14832.0 528.0 96.0 Senators
13760.0 14828.0 220.0 96.0 and
14060.0 14824.0 180.0 116.0 gal-

12048.0 14976.0 236.0 112.0 lery
12420.0 14976.0 436.0 92.0 visitors
13000.0 14972.0 316.0 100.0 stood
13460.0 14996.0 140.0 92.0 up
13744.0 14972.0 216.0 96.0 and
14112.0 14988.0 140.0 92.0 ap

12032.0 15116.0 508.0 112.0 plauded.

12164.0 15292.0 252.0 96.0 Sen.
12496.0 15292.0 412.0 96.0 Arthur
12992.0 15292.0 140.0 100.0 II.
13216.0 15288.0 764.0 120.0 Vandenberg,
14072.0 15284.0 168.0 96.0 Re

12040.0 15432.0 544.0 116.0 publican,
12728.0 15432.0 596.0 116.0 Michigan,
13464.0 15436.0 440.0 112.0 regular
14052.0 15452.0 192.0 96.0 pre

12028.0 15576.0 376.0 112.0 siding
12492.0 15576.0 424.0 112.0 officer,
13016.0 15576.0 452.0 112.0 quickly
13548.0 15580.0 440.0 112.0 spotted
14088.0 15580.0 188.0 92.0 the

12032.0 15712.0 588.0 100.0 President
12708.0 15720.0 216.0 96.0 and
13028.0 15716.0 168.0 96.0 led
13300.0 15724.0 184.0 92.0 the
13580.0 15724.0 652.0 92.0 demonstra-

12032.0 15856.0 236.0 96.0 tion
12368.0 15860.0 352.0 96.0 which
12812.0 15860.0 664.0 100.0 overlooked
13580.0 15864.0 184.0 96.0 the
13868.0 15864.0 412.0 92.0 Senate

12032.0 16000.0 304.0 100.0 rules
12432.0 16004.0 436.0 108.0 against
12964.0 16008.0 280.0 92.0 such
13348.0 16004.0 516.0 116.0 displays.

12164.0 16144.0 156.0 92.0 As
12456.0 16168.0 528.0 92.0 everyone
13124.0 16144.0 508.0 116.0 laughed,
13768.0 16144.0 472.0 100.0 Vanden

12032.0 16276.0 272.0 120.0 berg
12380.0 16284.0 592.0 100.0 concluded
13056.0 16312.0 148.0 76.0 an
13284.0 16292.0 388.0 96.0 ornate
13752.0 16292.0 528.0 96.0 welcome

12028.0 16428.0 324.0 92.0 with:

12164.0 16568.0 292.0 96.0 "The
12572.0 16572.0 652.0 104.0 ex-Senator
13344.0 16576.0 288.0 100.0 from
13752.0 16576.0 528.0 100.0 Missouri

12040.0 16708.0 88.0 96.0 Is
12236.0 16716.0 636.0 108.0 recognized
12972.0 16716.0 180.0 96.0 for
13252.0 16716.0 224.0 100.0 five
13572.0 16716.0 588.0 100.0 minutes."

12168.0 16852.0 200.0 100.0 Mr.
12448.0 16852.0 480.0 100.0 Truman
13008.0 16884.0 328.0 72.0 arose
13408.0 16868.0 116.0 92.0 at
13600.0 16864.0 176.0 96.0 his
13856.0 16864.0 428.0 96.0 former

12036.0 16992.0 280.0 96.0 desk
12380.0 17004.0 104.0 88.0 In
12548.0 17000.0 180.0 96.0 the
12788.0 17000.0 288.0 100.0 back
13144.0 17028.0 228.0 72.0 row
13432.0 17032.0 132.0 68.0 on
13632.0 17008.0 188.0 96.0 the
13884.0 17008.0 356.0 96.0 Demo

12032.0 17140.0 360.0 92.0 cratic
12464.0 17140.0 224.0 100.0 sldj
12764.0 17144.0 216.0 96.0 and
13060.0 17148.0 264.0 96.0 with
13404.0 17176.0 64.0 68.0 a
13540.0 17148.0 344.0 100.0 broad
13960.0 17152.0 320.0 92.0 smile

12036.0 17276.0 600.0 100.0 addressed
12800.0 17284.0 748.0 120.0 Vandenberg
13712.0 17316.0 128.0 76.0 as
14016.0 17292.0 236.0 96.0 "Mr

12040.0 17416.0 676.0 116.0 President,"
12840.0 17428.0 188.0 96.0 the
13152.0 17436.0 632.0 116.0 customary
13912.0 17416.0 392.0 132.0 recog-!

12040.0 17564.0 360.0 92.0 nition
12516.0 17564.0 164.0 100.0 for
12796.0 17568.0 188.0 96.0 the
13104.0 17572.0 492.0 100.0 Senate's
13712.0 17560.0 592.0 140.0 presiding1

12036.0 17720.0 100.0 72.0 oi
12172.0 17720.0 20.0 72.0 I
12224.0 17732.0 244.0 68.0 irer.

12204.0 17848.0 264.0 96.0 'You
12552.0 17876.0 184.0 72.0 are
12820.0 17876.0 264.0 96.0 very
13176.0 17856.0 260.0 100.0 kind
13524.0 17868.0 112.0 92.0 to
13720.0 17864.0 268.0 112.0 me,"
14080.0 17860.0 200.0 104.0 Mr.

12032.0 18152.0 776.0 472.0 Eight
12944.0 18168.0 560.0 384.0 Are
13640.0 18176.0 784.0 376.0 Dead
14544.0 18176.0 808.0 376.0 After
15488.0 18176.0 752.0 376.0 Blast

12384.0 18672.0 288.0 376.0 In
12824.0 18672.0 1416.0 384.0 Red-Held
14400.0 18688.0 656.0 376.0 Part
15216.0 18688.0 360.0 376.0 Of
15720.0 18680.0 888.0 376.0 Berlin

12160.0 19204.0 404.0 116.0 Berlin,
12624.0 19212.0 252.0 120.0 July
12936.0 19212.0 120.0 96.0 23
13200.0 19212.0 284.0 104.0 (UP)
13624.0 19212.0 352.0 120.0 Eight
14036.0 19236.0 200.0 96.0 per-

12032.0 19368.0 272.0 80.0 sons
12364.0 19368.0 280.0 72.0 were
12712.0 19348.0 364.0 112.0 killed,
13144.0 19352.0 220.0 92.0 and
13432.0 19352.0 252.0 96.0 four
13748.0 19376.0 300.0 76.0 were
14120.0 19352.0 108.0 92.0 In-

12032.0 19480.0 356.0 112.0 jured,
12460.0 19488.0 324.0 112.0 today
12856.0 19488.0 112.0 96.0 In
13044.0 19512.0 144.0 68.0 an
13260.0 19492.0 560.0 108.0 explosion
13896.0 19488.0 112.0 96.0 in
14084.0 19492.0 192.0 92.0 the

12036.0 19616.0 492.0 100.0 Russian
12580.0 19628.0 356.0 88.0 sector
12992.0 19628.0 124.0 92.0 of
13168.0 19624.0 400.0 96.0 Berlin.
13688.0 19628.0 236.0 96.0 The
13980.0 19624.0 296.0 96.0 blast

12036.0 19780.0 236.0 68.0 was
12464.0 19760.0 604.0 96.0 attributed
13264.0 19760.0 704.0 124.0 unofficially
14164.0 19768.0 116.0 92.0 to

12036.0 19888.0 612.0 104.0 saboteurs.

12164.0 20028.0 352.0 100.0 Three
12584.0 20036.0 316.0 92.0 other
12972.0 20060.0 464.0 92.0 persons
13504.0 20064.0 192.0 68.0 are
13768.0 20036.0 504.0 120.0 missing.

12164.0 20168.0 232.0 92.0 The
12484.0 20168.0 276.0 96.0 blast
12848.0 20172.0 684.0 100.0 demolished
13620.0 20176.0 220.0 96.0 two
13924.0 20176.0 356.0 92.0 floors

12044.0 20304.0 112.0 88.0 In
12268.0 20308.0 184.0 92.0 the
12552.0 20304.0 320.0 96.0 north
12980.0 20308.0 296.0 112.0 wing
13376.0 20308.0 116.0 96.0 of
13588.0 20316.0 188.0 88.0 the
13880.0 20312.0 396.0 112.0 yellow

12036.0 20440.0 320.0 92.0 brick
12468.0 20436.0 488.0 120.0 building
13072.0 20448.0 472.0 112.0 housing
13652.0 20452.0 188.0 96.0 the
13956.0 20448.0 324.0 112.0 city's

12036.0 20580.0 392.0 92.0 traffic
12524.0 20584.0 336.0 108.0 police
12956.0 20580.0 836.0 116.0 headquarters.

12164.0 20716.0 228.0 92.0 The
12488.0 20716.0 584.0 112.0 explosion,
13172.0 20732.0 396.0 88.0 second
13668.0 20724.0 112.0 92.0 In
13876.0 20720.0 400.0 100.0 traffic

12036.0 20852.0 796.0 112.0 headquarters
12980.0 20856.0 392.0 92.0 within
13520.0 20856.0 116.0 100.0 17
13784.0 20860.0 488.0 108.0 months,

12036.0 20992.0 300.0 88.0 went
12408.0 20992.0 168.0 92.0 off
12648.0 20992.0 104.0 92.0 in
12840.0 20992.0 184.0 92.0 the
13108.0 20992.0 340.0 96.0 office
13524.0 20992.0 120.0 92.0 of
13716.0 20992.0 556.0 100.0 Helnrlch

12036.0 21120.0 400.0 112.0 Kanig,
12512.0 21128.0 316.0 92.0 Chief
12896.0 21128.0 120.0 92.0 of
13088.0 21128.0 432.0 96.0 Traffic
13596.0 21128.0 372.0 100.0 Police
14044.0 21132.0 228.0 92.0 and

12032.0 21264.0 404.0 92.0 second
12540.0 21264.0 100.0 96.0 in
12740.0 21268.0 592.0 96.0 command
13432.0 21264.0 116.0 96.0 of
13640.0 21268.0 148.0 96.0 all
13884.0 21268.0 384.0 96.0 Berlin

12032.0 21400.0 384.0 108.0 police.
12536.0 21400.0 364.0 116.0 Kanlg
12968.0 21424.0 232.0 72.0 was
13264.0 21404.0 192.0 92.0 not
13516.0 21400.0 312.0 100.0 there
13892.0 21404.0 124.0 100.0 at
14080.0 21408.0 192.0 96.0 the

12032.0 21536.0 300.0 96.0 time.

12152.0 21672.0 100.0 92.0 A
12304.0 21676.0 412.0 92.0 central
12772.0 21672.0 808.0 116.0 headquarters
13636.0 21700.0 592.0 80.0 announce-

12028.0 21808.0 308.0 96.0 ment
12480.0 21808.0 228.0 104.0 said
12852.0 21808.0 192.0 96.0 the
13196.0 21808.0 684.0 104.0 destruction
14036.0 21836.0 232.0 76.0 was

12028.0 21952.0 404.0 92.0 caused
12528.0 21940.0 132.0 112.0 by
12748.0 21968.0 136.0 72.0 an
12976.0 21944.0 620.0 104.0 accidental
13692.0 21948.0 572.0 112.0 explosion

12028.0 22080.0 112.0 92.0 in
12232.0 22084.0 184.0 92.0 the
12500.0 22084.0 732.0 92.0 ammunition
13324.0 22108.0 332.0 76.0 room.
13804.0 22088.0 224.0 92.0 But
14116.0 22088.0 108.0 100.0 In-

12024.0 22220.0 668.0 108.0 vestigators
12792.0 22220.0 768.0 96.0 contradicted
13660.0 22224.0 256.0 108.0 this,
14024.0 22248.0 204.0 92.0 say-

12028.0 22356.0 192.0 112.0 ing
12292.0 22356.0 180.0 92.0 the
12540.0 22356.0 284.0 100.0 blast
12888.0 22384.0 236.0 68.0 was
13192.0 22364.0 184.0 88.0 too
13444.0 22360.0 640.0 116.0 shattering
14156.0 22372.0 112.0 88.0 to

12028.0 22492.0 284.0 92.0 have
12396.0 22488.0 260.0 96.0 been
12732.0 22492.0 408.0 96.0 caused
13216.0 22496.0 140.0 112.0 by
13428.0 22500.0 184.0 88.0 the
13688.0 22496.0 576.0 116.0 explosion

12020.0 22624.0 124.0 92.0 of
12212.0 22628.0 316.0 116.0 pistol
12592.0 22632.0 772.0 108.0 ammunition,
13424.0 22632.0 184.0 96.0 the
13668.0 22640.0 260.0 112.0 only
13992.0 22632.0 268.0 104.0 kind

12024.0 22764.0 376.0 96.0 stored
12480.0 22764.0 104.0 96.0 In
12656.0 22768.0 184.0 96.0 the
12916.0 22764.0 532.0 116.0 building.

12040.0 23036.0 880.0 376.0 Police
13044.0 23044.0 408.0 372.0 Go
13556.0 23040.0 388.0 380.0 To
14060.0 23048.0 1028.0 460.0 Report
15204.0 23048.0 964.0 448.0 Death,

12316.0 23548.0 648.0 376.0 Find
13064.0 23552.0 1228.0 380.0 Victim's
14412.0 23556.0 1320.0 376.0 Husband
15840.0 23552.0 764.0 372.0 Dead

12144.0 24084.0 352.0 104.0 When
12560.0 24088.0 336.0 116.0 police
12956.0 24092.0 300.0 92.0 went
13296.0 24092.0 112.0 92.0 to
13444.0 24112.0 64.0 68.0 a
13548.0 24080.0 728.0 100.0 fourth-floor

12040.0 24288.0 632.0 116.0 apartment
12732.0 24288.0 112.0 96.0 at
12904.0 24288.0 244.0 100.0 1524
13208.0 24288.0 272.0 100.0 Vine
13544.0 24292.0 148.0 92.0 St.
13748.0 24288.0 232.0 96.0 late
14040.0 24304.0 196.0 96.0 yes-

12052.0 24488.0 392.0 116.0 terday
12520.0 24488.0 112.0 100.0 to
12708.0 24492.0 360.0 112.0 notify
13148.0 24484.0 472.0 100.0 Clifford
13704.0 24484.0 432.0 112.0 Fisher,
14220.0 24508.0 68.0 68.0 a

12028.0 24704.0 464.0 108.0 painter,
12600.0 24704.0 236.0 96.0 that
12944.0 24704.0 176.0 92.0 his
13224.0 24700.0 284.0 108.0 wife,
13608.0 24692.0 328.0 112.0 Julie,
14040.0 24716.0 236.0 72.0 was

12044.0 24892.0 312.0 108.0 dead,
12488.0 24896.0 252.0 112.0 they
12872.0 24888.0 344.0 100.0 found
13352.0 24892.0 224.0 92.0 him
13704.0 24884.0 572.0 100.0 stretched

12048.0 25120.0 384.0 68.0 across
12516.0 25096.0 156.0 96.0 his
12756.0 25092.0 232.0 112.0 bed,
13076.0 25088.0 276.0 100.0 dead
13436.0 25092.0 256.0 96.0 also.

12180.0 25292.0 228.0 96.0 The
12496.0 25296.0 248.0 100.0 wife
12836.0 25292.0 252.0 96.0 died
13184.0 25292.0 300.0 120.0 early
13576.0 25288.0 104.0 100.0 In
13784.0 25292.0 184.0 92.0 the
14072.0 25288.0 212.0 116.0 day

12052.0 25496.0 120.0 92.0 at
12236.0 25496.0 460.0 96.0 General
12760.0 25488.0 548.0 120.0 Hospital,
13372.0 25492.0 364.0 92.0 where
13804.0 25492.0 196.0 92.0 she
14064.0 25484.0 216.0 100.0 had

12052.0 25692.0 272.0 100.0 been
12428.0 25692.0 340.0 96.0 under
12864.0 25688.0 612.0 100.0 treatment
13572.0 25692.0 180.0 96.0 for
13848.0 25684.0 432.0 100.0 several

12052.0 25888.0 304.0 120.0 days.
12476.0 25892.0 352.0 96.0 Police
12928.0 25884.0 424.0 104.0 headed
13444.0 25888.0 140.0 116.0 by
13672.0 25888.0 164.0 100.0 Lt.
13932.0 25884.0 348.0 100.0 Jacob

12052.0 26096.0 340.0 96.0 Short
12464.0 26092.0 288.0 96.0 went
12832.0 26092.0 112.0 96.0 to
13028.0 26092.0 188.0 96.0 the
13292.0 26084.0 276.0 104.0 Vine
13648.0 26088.0 376.0 100.0 Street
14100.0 26080.0 144.0 100.0 ad-

12056.0 26292.0 316.0 96.0 dress
12464.0 26292.0 208.0 100.0 and
12772.0 26292.0 352.0 96.0 found
13228.0 26288.0 184.0 100.0 the
13512.0 26288.0 264.0 96.0 door
13876.0 26288.0 120.0 96.0 to
14100.0 26288.0 188.0 92.0 the

12056.0 26492.0 392.0 96.0 Fisher
12556.0 26492.0 640.0 116.0 apartment
13312.0 26488.0 412.0 96.0 locked.
13872.0 26484.0 412.0 112.0 Neigh-

12000.0 26680.0 8.0 72.0 l
12056.0 26664.0 260.0 96.0 bors
12432.0 26664.0 232.0 96.0 said
12780.0 26664.0 268.0 112.0 they
13168.0 26660.0 220.0 92.0 last
13504.0 26680.0 228.0 72.0 saw
13856.0 26652.0 424.0 104.0 Fisher,

12052.0 26840.0 252.0 88.0 who
12368.0 26832.0 212.0 96.0 had
12644.0 26832.0 268.0 96.0 been
12984.0 26832.0 112.0 92.0 in
13168.0 26828.0 108.0 96.0 ill
13352.0 26824.0 400.0 112.0 health,
13828.0 26820.0 452.0 116.0 Sunday

12056.0 27004.0 344.0 104.0 night.

12176.0 27172.0 428.0 112.0 Failing
12740.0 27172.0 108.0 92.0 to
12992.0 27172.0 188.0 108.0 get
13320.0 27188.0 516.0 92.0 response
13980.0 27160.0 292.0 96.0 from

12040.0 27344.0 296.0 92.0 their
12412.0 27340.0 444.0 108.0 knocks,
12940.0 27340.0 352.0 116.0 police
13368.0 27332.0 464.0 100.0 climbed
13916.0 27360.0 64.0 68.0 a
14068.0 27332.0 208.0 92.0 fire

12040.0 27536.0 396.0 92.0 escape
12496.0 27512.0 208.0 92.0 and
12764.0 27536.0 232.0 72.0 saw
13064.0 27504.0 476.0 100.0 Fisher's
13596.0 27504.0 316.0 116.0 body.
13972.0 27504.0 304.0 120.0 They

12040.0 27680.0 344.0 96.0 broke
12468.0 27708.0 52.0 64.0 a
12604.0 27680.0 496.0 96.0 window.
13220.0 27680.0 412.0 108.0 Fisher,
13716.0 27680.0 248.0 92.0 who
14052.0 27700.0 228.0 68.0 was

12040.0 27852.0 148.0 108.0 58,
12292.0 27876.0 224.0 68.0 was
12616.0 27848.0 228.0 100.0 said
12952.0 27848.0 140.0 116.0 by
13192.0 27848.0 468.0 96.0 General
13756.0 27848.0 524.0 116.0 Hospital

12048.0 28020.0 632.0 116.0 physicians
12772.0 28028.0 112.0 92.0 to
12984.0 28020.0 280.0 96.0 have
13364.0 28016.0 264.0 100.0 been
13732.0 28016.0 280.0 100.0 dead
14112.0 28016.0 172.0 96.0 for

12044.0 28192.0 124.0 92.0 at
12260.0 28192.0 276.0 92.0 least
12628.0 28192.0 104.0 96.0 21
12828.0 28188.0 376.0 100.0 hours.

12168.0 28356.0 740.0 124.0 Preliminary
13064.0 28360.0 796.0 124.0 Investigation
14016.0 28356.0 112.0 108.0 In
14144.0 28356.0 148.0 104.0 41-

16020.0 9600.0 20.0 56.0 j

14312.0 12272.0 492.0 96.0 Truman
14928.0 12272.0 276.0 96.0 sain.
15444.0 12272.0 124.0 92.0 In
15684.0 12272.0 264.0 104.0 fact,
16064.0 12272.0 60.0 92.0 I
16232.0 12288.0 336.0 72.0 never

14344.0 12400.0 496.0 100.0 received
14948.0 12404.0 276.0 92.0 such
15332.0 12432.0 64.0 68.0 a
15500.0 12400.0 412.0 96.0 cordlul
16020.0 12396.0 564.0 112.0 reception

14340.0 12556.0 596.0 104.0 anywhere
15072.0 12540.0 220.0 96.0 and
15380.0 12544.0 48.0 96.0 I
15516.0 12540.0 280.0 100.0 have
15884.0 12540.0 280.0 96.0 been
16256.0 12556.0 328.0 88.0 many

14348.0 12688.0 364.0 116.0 places
14776.0 12688.0 308.0 88.0 since
15152.0 12692.0 52.0 96.0 I
15268.0 12680.0 204.0 100.0 left
15536.0 12680.0 220.0 100.0 this
15824.0 12688.0 324.0 104.0 great
16212.0 12680.0 344.0 112.0 body,"

14464.0 12828.0 288.0 100.0 "The
14864.0 12828.0 408.0 92.0 Senate
15384.0 12848.0 328.0 76.0 never
15816.0 12824.0 408.0 96.0 Invites
16332.0 12844.0 236.0 92.0 any-

14348.0 12992.0 200.0 72.0 ono
14664.0 12972.0 112.0 92.0 to
14896.0 12968.0 352.0 112.0 speak
15368.0 12972.0 104.0 92.0 in
15588.0 12968.0 188.0 96.0 the
15872.0 12964.0 412.0 96.0 Senate
16404.0 12960.0 180.0 96.0 but

14348.0 13108.0 624.0 116.0 Senators,"
15056.0 13108.0 140.0 96.0 he
15276.0 13108.0 384.0 120.0 added,
15740.0 13108.0 284.0 96.0 "and
16108.0 13128.0 216.0 100.0 you
16412.0 13132.0 180.0 72.0 Bre

14348.0 13248.0 716.0 120.0 exceedingly
15140.0 13248.0 268.0 100.0 kind
15484.0 13252.0 112.0 96.0 to
15664.0 13276.0 172.0 72.0 me
15908.0 13252.0 116.0 96.0 to
16100.0 13248.0 252.0 116.0 give
16428.0 13268.0 168.0 72.0 me

14348.0 13416.0 140.0 72.0 an
14556.0 13396.0 736.0 116.0 opportunity
15360.0 13396.0 108.0 96.0 to
15536.0 13396.0 308.0 112.0 reply
15912.0 13396.0 116.0 96.0 to
16100.0 13396.0 188.0 96.0 tha
16360.0 13416.0 200.0 92.0 gra

14352.0 13540.0 304.0 96.0 cious
14716.0 13540.0 372.0 96.0 words
15148.0 13560.0 216.0 92.0 you
15432.0 13544.0 276.0 92.0 have
15764.0 13540.0 236.0 112.0 just
16064.0 13532.0 504.0 100.0 uttered.'

14476.0 13680.0 520.0 120.0 Actunlly
15096.0 13704.0 128.0 76.0 as
15320.0 13680.0 612.0 112.0 President,
16036.0 13680.0 208.0 100.0 Mr.
16344.0 13676.0 216.0 100.0 Tru

14356.0 13844.0 256.0 76.0 man
14704.0 13820.0 612.0 96.0 addressed
15408.0 13824.0 180.0 96.0 the
15676.0 13824.0 408.0 104.0 Senate
16172.0 13816.0 264.0 124.0 July
16520.0 13816.0 72.0 108.0 2,

14368.0 13960.0 268.0 116.0 194B,
14780.0 13968.0 408.0 112.0 urging
15332.0 13964.0 688.0 100.0 ratification
16172.0 13964.0 112.0 100.0 of
16432.0 13964.0 180.0 96.0 the

14364.0 14104.0 404.0 100.0 United
14864.0 14108.0 488.0 100.0 Nations
15448.0 14112.0 472.0 96.0 charter.
16020.0 14112.0 228.0 92.0 But
16348.0 14104.0 256.0 100.0 then

14368.0 14248.0 132.0 92.0 he
14620.0 14244.0 348.0 116.0 spoke
15084.0 14248.0 300.0 96.0 from
15500.0 14248.0 184.0 96.0 tha
15800.0 14252.0 528.0 112.0 rostrum,
16432.0 14232.0 208.0 112.0 not!

14380.0 14388.0 168.0 88.0 his
14636.0 14384.0 248.0 96.0 "old
14972.0 14384.0 304.0 96.0 seat"
15372.0 14412.0 120.0 72.0 as
15584.0 14388.0 508.0 100.0 Senator.

14480.0 14556.0 116.0 100.0 "I
14700.0 14564.0 652.0 96.0 sometimes
15460.0 14572.0 184.0 108.0 get
15748.0 14564.0 576.0 100.0 homesick
16444.0 14568.0 172.0 96.0 for

14364.0 14696.0 208.0 96.0 Ihlu
14684.0 14700.0 344.0 112.0 seat,"
15136.0 14704.0 188.0 96.0 the
15428.0 14704.0 592.0 96.0 President
16124.0 14704.0 240.0 96.0 said
16500.0 14700.0 104.0 100.0 "I

14356.0 14840.0 324.0 112.0 spent
14768.0 14836.0 300.0 96.0 what
15160.0 14836.0 52.0 100.0 I
15304.0 14840.0 312.0 96.0 think
15712.0 14860.0 284.0 76.0 were
16088.0 14848.0 188.0 88.0 the
16368.0 14840.0 240.0 96.0 best

14352.0 14972.0 116.0 92.0 10
14544.0 15000.0 328.0 92.0 years
14964.0 14976.0 120.0 100.0 of
15156.0 15000.0 184.0 96.0 my
15424.0 14976.0 184.0 96.0 life
15700.0 14980.0 100.0 96.0 In
15892.0 14980.0 188.0 96.0 the
16168.0 14980.0 432.0 96.0 Senate.

14344.0 15108.0 56.0 100.0 I
14468.0 15112.0 316.0 100.0 made
14860.0 15116.0 688.0 116.0 friendships
15616.0 15116.0 216.0 96.0 and
15908.0 15116.0 220.0 100.0 had
16200.0 15116.0 356.0 100.0 associ-

14344.0 15248.0 368.0 96.0 ations
14780.0 15252.0 364.0 96.0 which
15216.0 15252.0 48.0 96.0 I
15328.0 15280.0 208.0 76.0 can
15604.0 15280.0 340.0 68.0 never
16012.0 15252.0 468.0 120.0 forget."

14464.0 15392.0 232.0 92.0 The
14796.0 15392.0 600.0 100.0 President
15496.0 15396.0 216.0 96.0 had
15812.0 15416.0 284.0 92.0 gone
16204.0 15396.0 112.0 96.0 to
16416.0 15396.0 180.0 96.0 the

14344.0 15524.0 404.0 100.0 Senate
14820.0 15528.0 180.0 96.0 for
15064.0 15556.0 72.0 68.0 a
15204.0 15532.0 540.0 100.0 luncheon
15812.0 15532.0 272.0 100.0 with
16160.0 15532.0 120.0 96.0 18
16348.0 15536.0 208.0 92.0 Sen-

14340.0 15672.0 304.0 84.0 ators
14780.0 15668.0 260.0 92.0 nine
15084.0 15668.0 660.0 100.0 Democrats
15804.0 15672.0 220.0 96.0 and
16092.0 15696.0 144.0 68.0 an
16284.0 15672.0 312.0 112.0 equal

14344.0 15804.0 468.0 96.0 number
14888.0 15812.0 124.0 88.0 of
15088.0 15808.0 752.0 116.0 Republicans
16040.0 15816.0 124.0 88.0 at
16240.0 15808.0 356.0 96.0 which

14340.0 15940.0 356.0 108.0 Leslie
14792.0 15944.0 384.0 112.0 Riffle,
15284.0 15944.0 356.0 100.0 friend
15740.0 15948.0 120.0 96.0 of
15952.0 15944.0 196.0 104.0 the
16248.0 15948.0 304.0 96.0 Presi-

14340.0 16080.0 264.0 100.0 dent
14700.0 16088.0 216.0 92.0 and
15024.0 16084.0 588.0 116.0 Secretary
15704.0 16088.0 116.0 92.0 of
15916.0 16084.0 196.0 96.0 the
16208.0 16084.0 352.0 96.0 Demo-

14340.0 16224.0 348.0 92.0 cratic
14764.0 16220.0 392.0 124.0 Policy
15232.0 16220.0 692.0 112.0 Committee,
16004.0 16240.0 232.0 80.0 was
16316.0 16220.0 280.0 108.0 host.

14528.0 16360.0 300.0 92.0 Once
14900.0 16360.0 112.0 96.0 In
15084.0 16384.0 72.0 68.0 a
15216.0 16360.0 324.0 96.0 while
15596.0 16360.0 56.0 92.0 I
15720.0 16360.0 264.0 96.0 take
16056.0 16364.0 540.0 116.0 pleasure,

14344.0 16520.0 136.0 72.0 on
14552.0 16496.0 632.0 112.0 Invitation,
15256.0 16496.0 108.0 100.0 In
15428.0 16496.0 444.0 116.0 coming
15928.0 16496.0 120.0 100.0 to
16116.0 16500.0 188.0 92.0 the
16344.0 16496.0 212.0 92.0 Sen-

14344.0 16640.0 176.0 96.0 ate
14612.0 16636.0 220.0 96.0 and
14928.0 16636.0 424.0 120.0 having
15444.0 16636.0 324.0 96.0 lunch
15860.0 16636.0 272.0 92.0 with
16228.0 16660.0 68.0 68.0 a
16388.0 16632.0 208.0 96.0 few

14344.0 16768.0 560.0 116.0 Senators,
15072.0 16772.0 204.0 96.0 Mr.
15372.0 16772.0 488.0 96.0 Truman
15960.0 16772.0 636.0 96.0 recounted,

14344.0 16908.0 112.0 100.0 "I
14552.0 16932.0 228.0 72.0 saw
14880.0 16936.0 68.0 72.0 a
15048.0 16912.0 320.0 112.0 great
15468.0 16932.0 332.0 96.0 many
15896.0 16908.0 340.0 112.0 todny
16332.0 16908.0 260.0 96.0 with

14340.0 17048.0 360.0 92.0 whom
14740.0 17044.0 52.0 100.0 I
14836.0 17072.0 228.0 72.0 was
15108.0 17044.0 404.0 120.0 closely
15548.0 17044.0 664.0 100.0 associated.
16300.0 17044.0 296.0 116.0 They

14348.0 17188.0 336.0 96.0 dared
14768.0 17208.0 176.0 72.0 mo
15024.0 17188.0 116.0 92.0 to
15220.0 17208.0 308.0 72.0 come
15612.0 17192.0 232.0 88.0 Into
15924.0 17188.0 192.0 96.0 the
16196.0 17184.0 400.0 96.0 Senate

14348.0 17328.0 208.0 92.0 and
14628.0 17324.0 264.0 96.0 take
14960.0 17348.0 180.0 92.0 my
15208.0 17324.0 168.0 104.0 old
15444.0 17328.0 268.0 104.0 seat,
15768.0 17324.0 224.0 92.0 and
16056.0 17348.0 184.0 72.0 see
16300.0 17324.0 300.0 92.0 what

14352.0 17464.0 352.0 92.0 would
14776.0 17464.0 480.0 116.0 happen.
15320.0 17464.0 48.0 96.0 I
15436.0 17484.0 172.0 72.0 am
15680.0 17488.0 120.0 68.0 so
15868.0 17460.0 372.0 116.0 happy
16308.0 17456.0 48.0 96.0 I
16420.0 17460.0 172.0 96.0 did

14348.0 17624.0 144.0 72.0 so.
14568.0 17600.0 48.0 92.0 I
14688.0 17600.0 360.0 96.0 thank
15120.0 17628.0 212.0 92.0 you
15404.0 17624.0 260.0 96.0 very
15732.0 17596.0 428.0 100.0 much."

14476.0 17736.0 288.0 100.0 With
14868.0 17736.0 248.0 108.0 that
15216.0 17740.0 184.0 100.0 the
15492.0 17736.0 588.0 100.0 President
16172.0 17732.0 420.0 100.0 walked

14348.0 17876.0 188.0 96.0 out
14600.0 17872.0 296.0 100.0 amid
14964.0 17876.0 480.0 96.0 another
15476.0 17876.0 316.0 96.0 hurst
15856.0 17876.0 120.0 96.0 of
16036.0 17872.0 560.0 120.0 applause.

14472.0 19224.0 620.0 100.0 Observers
15152.0 19224.0 752.0 112.0 immediately
15960.0 19216.0 644.0 120.0 speculated

14360.0 19424.0 284.0 92.0 upon
14752.0 19396.0 500.0 116.0 political
15356.0 19396.0 752.0 116.0 implications
16208.0 19396.0 116.0 92.0 in
16420.0 19396.0 188.0 92.0 the

14360.0 19568.0 316.0 96.0 blast.
14804.0 19568.0 372.0 96.0 Kanic
15276.0 19564.0 92.0 104.0 Is
15464.0 19596.0 60.0 68.0 a
15620.0 19564.0 496.0 100.0 member
16212.0 19564.0 120.0 96.0 of
16420.0 19568.0 188.0 92.0 the

14352.0 19736.0 528.0 120.0 violently
15072.0 19736.0 992.0 100.0 anti-Communist
16256.0 19736.0 348.0 96.0 Social

14356.0 19908.0 712.0 100.0 Democratic
15196.0 19912.0 344.0 116.0 Party
15668.0 19908.0 376.0 104.0 (SI'D)
16180.0 19908.0 220.0 96.0 and
16516.0 19908.0 92.0 96.0 is

14360.0 20084.0 252.0 100.0 first
14716.0 20084.0 104.0 92.0 in
14928.0 20084.0 220.0 96.0 line
15248.0 20088.0 116.0 92.0 to
15456.0 20084.0 460.0 92.0 succeed
16016.0 20108.0 128.0 68.0 as
16236.0 20080.0 368.0 96.0 Police

14360.0 20256.0 588.0 96.0 President
15072.0 20256.0 120.0 92.0 of
15316.0 20252.0 400.0 100.0 Berlin.
15868.0 20252.0 276.0 92.0 This
16264.0 20252.0 340.0 92.0 office

14356.0 20420.0 240.0 68.0 now
14724.0 20400.0 88.0 92.0 is
14940.0 20392.0 256.0 100.0 held
15328.0 20396.0 136.0 116.0 by
15584.0 20396.0 268.0 92.0 Paul
15984.0 20392.0 616.0 108.0 Markgraf,

14360.0 20536.0 488.0 92.0 member
14968.0 20536.0 124.0 92.0 of
15208.0 20536.0 192.0 96.0 the
14360.0 20532.0 2200.0 240.0 Communist-dominated

14772.0 20676.0 524.0 96.0 Socialist
15368.0 20676.0 340.0 112.0 Unity
15784.0 20676.0 348.0 112.0 Party
16216.0 20668.0 376.0 100.0 (SED)

14352.0 20824.0 212.0 88.0 and
14644.0 20848.0 64.0 68.0 a
14784.0 20816.0 500.0 96.0 Russian
15360.0 20820.0 612.0 112.0 appointee.

14476.0 20956.0 600.0 112.0 Markgraf
15136.0 20980.0 232.0 68.0 was
15432.0 20960.0 188.0 92.0 out
15680.0 20952.0 116.0 96.0 of
15856.0 20956.0 296.0 88.0 town
16220.0 20976.0 136.0 68.0 on
16428.0 20972.0 128.0 72.0 va-

14356.0 21100.0 400.0 104.0 cation,
14888.0 21096.0 212.0 96.0 and
15236.0 21096.0 432.0 96.0 neither
15792.0 21092.0 496.0 92.0 Russian
16412.0 21112.0 188.0 76.0 nor

14356.0 21236.0 488.0 92.0 German
14960.0 21236.0 496.0 92.0 officials
15568.0 21228.0 356.0 96.0 would
16044.0 21240.0 556.0 84.0 comment

14356.0 21400.0 136.0 72.0 on
14600.0 21376.0 832.0 112.0 Investigators'
15540.0 21380.0 428.0 108.0 reports
16080.0 21372.0 116.0 96.0 of
16304.0 21372.0 260.0 96.0 sabo-

14356.0 21516.0 252.0 112.0 tage
14716.0 21540.0 128.0 72.0 or
14952.0 21516.0 480.0 112.0 possible
15536.0 21508.0 492.0 124.0 political
16144.0 21512.0 456.0 96.0 motives

14356.0 21656.0 104.0 92.0 In
14552.0 21656.0 188.0 92.0 the
14832.0 21652.0 600.0 116.0 explosion.

14476.0 21792.0 372.0 96.0 Police
14956.0 21796.0 360.0 96.0 threw
15428.0 21824.0 64.0 68.0 a
15596.0 21796.0 404.0 96.0 cordon
16124.0 21792.0 116.0 92.0 of
16356.0 21812.0 236.0 76.0 men

14352.0 21928.0 420.0 100.0 around
14844.0 21936.0 184.0 100.0 the
15088.0 21932.0 672.0 120.0 three-story
15816.0 21928.0 508.0 116.0 building
16392.0 21932.0 200.0 92.0 nml

14352.0 22076.0 264.0 112.0 kept
14796.0 22076.0 660.0 112.0 spectators,
15636.0 22096.0 560.0 68.0 newsmen
16392.0 22068.0 200.0 96.0 and

14352.0 22212.0 900.0 116.0 photographers
15332.0 22224.0 120.0 88.0 at
15536.0 22240.0 60.0 68.0 a
15688.0 22212.0 500.0 92.0 distance
16284.0 22212.0 308.0 92.0 while

14356.0 22352.0 468.0 96.0 firemen
14964.0 22356.0 220.0 92.0 and
15324.0 22372.0 376.0 76.0 rescue
15832.0 22348.0 416.0 116.0 squads
16392.0 22352.0 200.0 108.0 dug

14348.0 22492.0 480.0 108.0 through
14904.0 22496.0 184.0 92.0 the
15160.0 22492.0 364.0 96.0 debris
15584.0 22492.0 172.0 96.0 for
15816.0 22488.0 412.0 96.0 bodies.
16328.0 22484.0 224.0 96.0 Rus-

14348.0 22636.0 236.0 88.0 sian
14672.0 22632.0 472.0 100.0 officers
15224.0 22632.0 364.0 116.0 joined
15668.0 22632.0 488.0 92.0 German
16244.0 22628.0 308.0 92.0 detec-

14348.0 22776.0 280.0 92.0 tives
14716.0 22772.0 108.0 92.0 In
14912.0 22776.0 188.0 92.0 the
15196.0 22772.0 812.0 104.0 Investigation.

14356.0 24096.0 320.0 96.0 cated
14768.0 24096.0 120.0 92.0 to
14976.0 24092.0 192.0 92.0 the
15260.0 24092.0 568.0 96.0 Coroners
15920.0 24084.0 344.0 96.0 office
16360.0 24088.0 240.0 92.0 that

14356.0 24232.0 260.0 96.0 both
14724.0 24228.0 404.0 96.0 deaths
15232.0 24252.0 280.0 72.0 were
15616.0 24228.0 208.0 92.0 due
15932.0 24232.0 116.0 88.0 to
16156.0 24224.0 440.0 92.0 natutal

15112.0 6324.0 120.0 52.0 Jim
16144.0 6320.0 128.0 56.0 "X.

14360.0 24636.0 900.0 232.0 INSIDE
15456.0 24632.0 504.0 228.0 THE
16164.0 24628.0 1448.0 256.0 ENQUIRER:

14364.0 24964.0 500.0 112.0 Dodgers
14968.0 24968.0 384.0 96.0 smack
15468.0 24964.0 288.0 96.0 Reds
15860.0 24960.0 172.0 100.0 for
16144.0 24956.0 272.0 100.0 fifth
16516.0 24960.0 488.0 120.0 straight
17112.0 24956.0 224.0 100.0 loss
17468.0 24964.0 396.0 100.0 double
17976.0 24968.0 308.0 120.0 plays
18384.0 24968.0 176.0 104.0 aid
18668.0 24972.0 256.0 116.0 loop

14480.0 25104.0 432.0 100.0 leaders
18400.0 25104.0 300.0 124.0 Page
18768.0 25108.0 152.0 100.0 2C

14368.0 25304.0 440.0 100.0 Market
14892.0 25308.0 288.0 116.0 pulls
15260.0 25316.0 188.0 92.0 out
15528.0 25308.0 116.0 96.0 of
15724.0 25300.0 368.0 124.0 slump
16176.0 25304.0 268.0 96.0 with
16528.0 25304.0 432.0 96.0 leaders
17044.0 25300.0 452.0 128.0 staging
17576.0 25308.0 328.0 112.0 gains
17988.0 25308.0 120.0 96.0 of
18188.0 25308.0 540.0 104.0 fractions
18812.0 25320.0 116.0 88.0 to

14488.0 25448.0 308.0 96.0 three
14876.0 25448.0 372.0 120.0 points
18404.0 25448.0 304.0 104.0 Page
18776.0 25444.0 152.0 108.0 4C

14352.0 25660.0 224.0 100.0 The
14732.0 25656.0 800.0 116.0 Opinionnaire
15680.0 25656.0 500.0 112.0 reporter
16332.0 25652.0 260.0 96.0 asks

14476.0 25796.0 504.0 96.0 whether
15064.0 25824.0 72.0 68.0 a
15220.0 25796.0 208.0 116.0 girl
15520.0 25792.0 388.0 96.0 should
16000.0 25796.0 332.0 92.0 share
16428.0 25812.0 124.0 72.0 ex-

14476.0 25960.0 400.0 92.0 penses
14944.0 25932.0 116.0 96.0 of
15124.0 25960.0 68.0 72.0 a
15260.0 25936.0 256.0 92.0 date
16080.0 25924.0 300.0 112.0 Page
16452.0 25920.0 140.0 96.0 2.V

14368.0 26140.0 396.0 116.0 Baby's
14876.0 26136.0 240.0 96.0 foot
15220.0 26132.0 344.0 100.0 found
15672.0 26132.0 520.0 116.0 Tuesday
16296.0 26128.0 312.0 120.0 night

14488.0 26308.0 136.0 68.0 on
14704.0 26276.0 288.0 92.0 Ohio
15068.0 26272.0 344.0 96.0 River
15484.0 26272.0 292.0 96.0 bank
15856.0 26272.0 496.0 96.0 remains
16424.0 26292.0 184.0 72.0 un-

14488.0 26412.0 632.0 112.0 Identified;
15228.0 26412.0 384.0 96.0 search
15708.0 26412.0 176.0 96.0 for
15980.0 26408.0 664.0 96.0 remainder;

14484.0 26552.0 120.0 100.0 of
14664.0 26556.0 292.0 116.0 body
15016.0 26556.0 580.0 92.0 continues
16088.0 26544.0 304.0 108.0 Page
16452.0 26536.0 148.0 100.0 2A

14344.0 26736.0 796.0 100.0 Weatherman
15264.0 26756.0 252.0 96.0 may
15628.0 26732.0 188.0 112.0 get
15928.0 26724.0 260.0 116.0 help
16308.0 26724.0 284.0 96.0 from

14476.0 26872.0 172.0 92.0 air
14760.0 26868.0 628.0 96.0 oscillation
15500.0 26864.0 372.0 116.0 study;
15996.0 26864.0 152.0 96.0 St.
16268.0 26864.0 328.0 88.0 Louis

14480.0 27004.0 284.0 100.0 staff
14820.0 27004.0 400.0 116.0 begins
15276.0 27004.0 300.0 96.0 work
16072.0 26996.0 304.0 108.0 Page
16444.0 26988.0 144.0 96.0 3A

14364.0 27180.0 568.0 92.0 Mormons
15004.0 27176.0 116.0 100.0 to
15192.0 27176.0 364.0 96.0 unveil
15632.0 27180.0 368.0 88.0 statue
16072.0 27168.0 336.0 124.0 today
16484.0 27172.0 100.0 88.0 at

14480.0 27328.0 248.0 108.0 spot
14820.0 27328.0 372.0 84.0 where
15288.0 27328.0 252.0 100.0 long
15632.0 27328.0 244.0 84.0 trek
15976.0 27328.0 356.0 84.0 ended
16428.0 27328.0 168.0 76.0 iuj

14480.0 27484.0 324.0 92.0 years
14876.0 27484.0 212.0 88.0 ago
16076.0 27472.0 56.0 72.0 1
16176.0 27472.0 204.0 84.0 age
16448.0 27472.0 144.0 72.0 0.1

14360.0 27632.0 300.0 96.0 Zoo's
14748.0 27632.0 340.0 96.0 needs
15172.0 27632.0 568.0 116.0 explained
15828.0 27632.0 112.0 92.0 to
16024.0 27632.0 564.0 100.0 veterans;

14480.0 27780.0 112.0 84.0 to
14664.0 27776.0 264.0 88.0 seek
15000.0 27772.0 708.0 112.0 conperation
15776.0 27772.0 108.0 92.0 In
15964.0 27768.0 632.0 120.0 prompting

14492.0 27928.0 280.0 80.0 bond
14852.0 27928.0 300.0 80.0 issue
15228.0 27928.0 172.0 80.0 lor
15476.0 27928.0 276.0 100.0 park
16080.0 27928.0 300.0 88.0 rage
16444.0 27928.0 88.0 68.0 o.

14368.0 28080.0 528.0 116.0 Bewitch,
14996.0 28080.0 512.0 100.0 Calumet
15600.0 28084.0 272.0 112.0 filly,
15972.0 28104.0 428.0 92.0 sweeps
16492.0 28076.0 108.0 96.0 to

14484.0 28224.0 440.0 112.0 victory
15024.0 28224.0 112.0 92.0 In
15228.0 28220.0 380.0 100.0 Lassie
15704.0 28220.0 404.0 100.0 Stakes
16204.0 28220.0 120.0 92.0 at
16412.0 28216.0 152.0 96.0 Ar-

14488.0 28360.0 440.0 120.0 lington
14988.0 28360.0 308.0 104.0 Park
15360.0 28360.0 240.0 104.0 oval
16092.0 28356.0 304.0 116.0 Taje
16460.0 28348.0 144.0 104.0 2C

17240.0 5192.0 992.0 456.0 PISTOL

16596.0 5984.0 788.0 272.0 Found
17556.0 5988.0 268.0 264.0 In
18004.0 5980.0 856.0 276.0 Pocket

16612.0 6632.0 200.0 208.0 Of
16872.0 6624.0 756.0 220.0 Veteran
17700.0 6632.0 188.0 204.0 In
17960.0 6628.0 908.0 208.0 Uasement

16712.0 6964.0 232.0 212.0 As
17032.0 6960.0 908.0 216.0 President
18028.0 6964.0 696.0 212.0 Leaves.

16616.0 7488.0 672.0 168.0 Prisoner
17364.0 7492.0 484.0 160.0 Taken
17932.0 7492.0 204.0 164.0 To
18212.0 7488.0 664.0 204.0 Hospital

16752.0 7728.0 280.0 164.0 For
17108.0 7728.0 996.0 160.0 Examination
18352.0 7728.0 368.0 164.0 Visit

16972.0 7964.0 496.0 164.0 Called
17540.0 7964.0 964.0 168.0 Coincidence.

16744.0 8244.0 788.0 120.0 Washington,
17672.0 8244.0 272.0 116.0 July
18088.0 8240.0 120.0 100.0 23
18344.0 8236.0 284.0 108.0 (AP)
18772.0 8240.0 96.0 100.0 A

16620.0 8436.0 260.0 76.0 man
16984.0 8412.0 284.0 100.0 with
17368.0 8436.0 72.0 72.0 a
17540.0 8412.0 332.0 120.0 pistol
17980.0 8412.0 116.0 100.0 In
18192.0 8408.0 176.0 100.0 his
18468.0 8408.0 408.0 124.0 pocket

16624.0 8604.0 228.0 72.0 was
16940.0 8572.0 516.0 108.0 arrested
17544.0 8584.0 112.0 92.0 In
17752.0 8580.0 192.0 100.0 the
18036.0 8576.0 408.0 120.0 capltol
18532.0 8576.0 344.0 116.0 today

16620.0 8720.0 232.0 112.0 Just
16956.0 8716.0 308.0 96.0 after
17364.0 8716.0 592.0 96.0 President
18060.0 8712.0 488.0 100.0 Truman
18652.0 8712.0 228.0 96.0 had

16624.0 8856.0 324.0 96.0 made
17052.0 8876.0 72.0 72.0 a
17232.0 8856.0 1280.0 116.0 precedent-shattering
18608.0 8848.0 276.0 100.0 vlBlt

16628.0 8996.0 112.0 92.0 to
16800.0 8996.0 192.0 92.0 the
17060.0 8992.0 412.0 96.0 Senate
17532.0 8988.0 568.0 112.0 chamber,
18160.0 8984.0 196.0 100.0 but
18412.0 8984.0 472.0 100.0 officers

16628.0 9128.0 596.0 116.0 expressed
17304.0 9124.0 660.0 100.0 confidence
18040.0 9124.0 312.0 96.0 there
18424.0 9144.0 232.0 80.0 was
18732.0 9148.0 152.0 76.0 no

16628.0 9264.0 668.0 96.0 connection
17372.0 9260.0 500.0 96.0 between
17948.0 9264.0 196.0 96.0 the
18216.0 9268.0 408.0 92.0 events.

16756.0 9400.0 488.0 96.0 Edward
17416.0 9400.0 112.0 100.0 F.
17696.0 9392.0 612.0 120.0 McGinnls,
18476.0 9400.0 412.0 100.0 Senate

16640.0 9540.0 552.0 120.0 Sergeant
17300.0 9536.0 112.0 100.0 nt
17516.0 9536.0 368.0 116.0 Arms,
17996.0 9536.0 232.0 100.0 told
18328.0 9540.0 560.0 116.0 reporters

16636.0 9680.0 184.0 92.0 the
16896.0 9700.0 268.0 72.0 man
17244.0 9676.0 580.0 96.0 Identified
17904.0 9672.0 456.0 96.0 himself
18424.0 9696.0 128.0 76.0 as
18620.0 9672.0 224.0 96.0 Clif-

16636.0 9820.0 184.0 88.0 ton
16924.0 9816.0 136.0 96.0 R.
17156.0 9812.0 136.0 100.0 II.
17392.0 9812.0 404.0 116.0 Spires,
17892.0 9808.0 152.0 108.0 39,
18140.0 9804.0 120.0 100.0 of
18352.0 9812.0 536.0 112.0 Augusta,

16636.0 9952.0 196.0 96.0 Oa.
16924.0 9952.0 180.0 96.0 Ho
17204.0 9948.0 360.0 100.0 added
17660.0 9948.0 256.0 96.0 that
18016.0 9948.0 192.0 96.0 the
18308.0 9968.0 256.0 72.0 man
18668.0 9944.0 224.0 100.0 had

16640.0 10088.0 272.0 96.0 been
16996.0 10112.0 76.0 72.0 a
17160.0 10088.0 432.0 116.0 patient
17680.0 10088.0 112.0 100.0 In
17880.0 10116.0 72.0 72.0 a
18040.0 10080.0 516.0 100.0 veterans
18644.0 10080.0 204.0 100.0 hos

16640.0 10224.0 272.0 120.0 pital
16984.0 10224.0 124.0 96.0 at
17172.0 10228.0 540.0 112.0 Augusta.

16760.0 10360.0 388.0 120.0 Spires
17216.0 10384.0 236.0 72.0 was
17520.0 10360.0 340.0 100.0 taken
17936.0 10360.0 240.0 96.0 Into
18244.0 10360.0 464.0 116.0 custody
18776.0 10360.0 120.0 96.0 in

16640.0 10524.0 64.0 72.0 a
16808.0 10512.0 636.0 84.0 washroom
17552.0 10520.0 208.0 72.0 one
17864.0 10512.0 296.0 80.0 floor
18260.0 10512.0 336.0 80.0 below
18700.0 10512.0 200.0 76.0 tne

16640.0 10640.0 412.0 92.0 Senate
17132.0 10632.0 528.0 100.0 chamber
17740.0 10632.0 144.0 112.0 by
17960.0 10632.0 608.0 120.0 policemen
18644.0 10632.0 256.0 96.0 who

16644.0 10776.0 236.0 96.0 said
16940.0 10776.0 272.0 112.0 they
17276.0 10768.0 444.0 104.0 noticed
17772.0 10772.0 196.0 96.0 the
18028.0 10792.0 456.0 96.0 weapon
18544.0 10772.0 112.0 96.0 In
18720.0 10768.0 184.0 96.0 his

16644.0 10888.0 184.0 132.0 hlf)
16944.0 10908.0 440.0 120.0 pocket.
17496.0 10904.0 588.0 96.0 McGinnls
18192.0 10904.0 508.0 96.0 declared
18820.0 10904.0 84.0 92.0 It

16644.0 11072.0 228.0 68.0 was
16952.0 11048.0 460.0 116.0 "purely
17484.0 11036.0 820.0 104.0 coincidental"
18380.0 11044.0 252.0 100.0 that
18708.0 11040.0 196.0 96.0 the

16644.0 11188.0 368.0 92.0 arrest
17144.0 11180.0 336.0 96.0 toook
17608.0 11180.0 316.0 120.0 place
18064.0 11180.0 224.0 92.0 five
18420.0 11176.0 488.0 96.0 minutes

16644.0 11324.0 300.0 92.0 after
17028.0 11320.0 212.0 96.0 Mr.
17312.0 11320.0 500.0 96.0 Truman
17896.0 11316.0 224.0 92.0 had
18204.0 11312.0 548.0 100.0 delivered
18836.0 11336.0 76.0 72.0 a

16652.0 11452.0 288.0 100.0 hrlef
17032.0 11452.0 408.0 120.0 speech
17532.0 11480.0 208.0 72.0 one
17832.0 11448.0 344.0 120.0 flight
18264.0 11476.0 144.0 92.0 up
18496.0 11472.0 128.0 76.0 as
18708.0 11448.0 200.0 96.0 the

16648.0 11592.0 728.0 96.0 "ex-Senator
17472.0 11588.0 296.0 96.0 from
17868.0 11584.0 616.0 104.0 Missouri,"
18668.0 11584.0 240.0 96.0 The

16660.0 11732.0 592.0 96.0 President
17320.0 11728.0 204.0 100.0 left
17592.0 11732.0 188.0 92.0 the
17852.0 11728.0 504.0 112.0 building
18424.0 11724.0 448.0 96.0 Immedi-

16648.0 11872.0 300.0 120.0 ately
17040.0 11872.0 304.0 92.0 after
17432.0 11868.0 172.0 96.0 his
17688.0 11888.0 704.0 96.0 appearance
18480.0 11884.0 144.0 76.0 on
18712.0 11864.0 200.0 96.0 the

16652.0 12012.0 412.0 96.0 Senate
17152.0 12008.0 320.0 96.0 floor.

16924.0 12172.0 364.0 108.0 SEES
17376.0 12168.0 300.0 104.0 GUN
17768.0 12172.0 168.0 96.0 IN
18032.0 12160.0 604.0 108.0 POCKET.

16780.0 12340.0 464.0 100.0 Private
17380.0 12340.0 408.0 96.0 Lorain
17928.0 12336.0 416.0 120.0 Crump
18472.0 12336.0 120.0 96.0 of
18720.0 12336.0 196.0 96.0 the

16672.0 12480.0 448.0 124.0 Capitol
17248.0 12480.0 348.0 120.0 police
17720.0 12476.0 236.0 100.0 told
18084.0 12496.0 552.0 80.0 newsmen
18768.0 12480.0 140.0 92.0 he

16648.0 12628.0 440.0 96.0 noticed
17180.0 12632.0 192.0 96.0 the
17452.0 12648.0 220.0 92.0 gun
17764.0 12632.0 112.0 92.0 In
17968.0 12620.0 460.0 120.0 Spires's
18512.0 12620.0 408.0 116.0 pocket

16660.0 12760.0 324.0 92.0 when
17096.0 12760.0 272.0 116.0 they
17480.0 12780.0 280.0 72.0 were
17872.0 12760.0 520.0 112.0 together
18496.0 12760.0 112.0 88.0 In
18724.0 12760.0 192.0 88.0 the

16664.0 12896.0 672.0 100.0 washroom.

16784.0 13032.0 428.0 120.0 Crump
17336.0 13028.0 348.0 100.0 called
17812.0 13028.0 456.0 100.0 Private
18388.0 13024.0 276.0 104.0 Paul
18788.0 13024.0 132.0 100.0 G.

16660.0 13172.0 444.0 112.0 Shelby,
17200.0 13168.0 244.0 96.0 who
17532.0 13168.0 352.0 96.0 asked
17976.0 13168.0 192.0 96.0 the
18260.0 13188.0 252.0 76.0 man
18596.0 13164.0 96.0 100.0 if
18780.0 13160.0 140.0 100.0 he

16664.0 13312.0 216.0 96.0 had
16952.0 13340.0 76.0 68.0 a
17104.0 13304.0 408.0 124.0 permit
17584.0 13304.0 180.0 100.0 for
17836.0 13304.0 200.0 100.0 the
18112.0 13300.0 356.0 120.0 pistol.

16792.0 13444.0 300.0 96.0 Both
17184.0 13440.0 468.0 100.0 officers
17732.0 13440.0 252.0 96.0 said
18076.0 13440.0 368.0 112.0 Spires
18520.0 13436.0 404.0 100.0 denied

16672.0 13588.0 140.0 96.0 he
16908.0 13584.0 228.0 100.0 had
17236.0 13612.0 64.0 68.0 a
17396.0 13604.0 252.0 96.0 gun,
17744.0 13580.0 208.0 100.0 but
18040.0 13580.0 264.0 116.0 they
18392.0 13572.0 544.0 104.0 searched

16676.0 13732.0 232.0 96.0 him
16972.0 13724.0 228.0 104.0 and
17264.0 13724.0 348.0 100.0 found
17672.0 13748.0 148.0 72.0 an
17888.0 13724.0 612.0 96.0 automatic
18560.0 13720.0 372.0 120.0 pistol.

16676.0 13868.0 172.0 100.0 He
16944.0 13892.0 244.0 72.0 was
17288.0 13864.0 344.0 100.0 taken
17732.0 13868.0 120.0 96.0 to
17952.0 13868.0 196.0 92.0 the
18248.0 13864.0 468.0 96.0 District
18812.0 13860.0 124.0 100.0 of

16676.0 14004.0 1176.0 124.0 Columbia-operated
17968.0 14004.0 572.0 120.0 Galllnger
18648.0 14004.0 244.0 100.0 Hos-

16684.0 14152.0 280.0 112.0 pital
17104.0 14152.0 184.0 96.0 for
17420.0 14148.0 800.0 96.0 examination.
18352.0 14140.0 588.0 104.0 McGinnls

16684.0 14292.0 244.0 96.0 said
17032.0 14288.0 148.0 100.0 he
17276.0 14284.0 500.0 100.0 believed
17872.0 14288.0 380.0 120.0 Spires
18344.0 14284.0 360.0 96.0 would
18804.0 14284.0 140.0 96.0 be

16696.0 14432.0 252.0 96.0 held
17040.0 14432.0 124.0 96.0 at
17244.0 14432.0 192.0 92.0 the
17516.0 14428.0 496.0 116.0 hospital
18092.0 14424.0 588.0 120.0 "probably
18764.0 14424.0 184.0 100.0 for

16696.0 14568.0 120.0 100.0 30
16892.0 14572.0 348.0 112.0 days"
17320.0 14572.0 176.0 96.0 for
17568.0 14568.0 748.0 100.0 observation.

16812.0 14716.0 352.0 100.0 Later
17244.0 14716.0 372.0 120.0 Spires
17692.0 14736.0 240.0 80.0 was
18012.0 14708.0 340.0 104.0 taken
18428.0 14712.0 112.0 96.0 to
18620.0 14732.0 68.0 76.0 a
18772.0 14732.0 136.0 96.0 po-

16688.0 14856.0 200.0 104.0 lice
16948.0 14856.0 428.0 100.0 station
17436.0 14856.0 212.0 96.0 and
17712.0 14852.0 492.0 120.0 charged
18264.0 14852.0 256.0 100.0 with
18572.0 14872.0 332.0 96.0 carry-

16688.0 14996.0 188.0 112.0 ing
16960.0 15020.0 72.0 72.0 a
17116.0 14996.0 592.0 96.0 concealed
17796.0 15016.0 500.0 96.0 weapon.

16812.0 15136.0 376.0 104.0 Police
17252.0 15136.0 240.0 96.0 said
17556.0 15136.0 136.0 96.0 he
17768.0 15136.0 236.0 100.0 told
18072.0 15136.0 296.0 96.0 them
18428.0 15136.0 136.0 100.0 he
18624.0 15156.0 324.0 76.0 cams

16688.0 15276.0 260.0 96.0 here
17104.0 15272.0 224.0 100.0 last
17476.0 15276.0 320.0 116.0 night
17948.0 15276.0 148.0 116.0 by
18236.0 15272.0 260.0 104.0 bus
18640.0 15280.0 304.0 100.0 from

16684.0 15416.0 736.0 116.0 Augusta,
17512.0 15420.0 372.0 92.0 where
17988.0 15412.0 456.0 104.0 officers
18528.0 15416.0 416.0 120.0 quoted

16684.0 15552.0 384.0 116.0 Spires
17128.0 15580.0 132.0 72.0 as
17320.0 15556.0 396.0 112.0 saying
17776.0 15556.0 140.0 100.0 he
17984.0 15556.0 212.0 96.0 had
18264.0 15556.0 264.0 100.0 been
18588.0 15556.0 360.0 116.0 living

16684.0 15700.0 120.0 88.0 at
16884.0 15696.0 196.0 92.0 the
17168.0 15692.0 324.0 96.0 home
17572.0 15696.0 120.0 96.0 of
17772.0 15720.0 72.0 72.0 a
17924.0 15700.0 336.0 92.0 sister
18336.0 15696.0 360.0 96.0 whom
18800.0 15700.0 144.0 100.0 lie

16684.0 15832.0 412.0 96.0 named
17176.0 15860.0 128.0 72.0 as
17376.0 15832.0 260.0 100.0 Mrs.
17712.0 15836.0 372.0 96.0 Jessie
18152.0 15836.0 528.0 104.0 Illllman.

16940.0 16000.0 528.0 104.0 MEANT
17540.0 16000.0 184.0 100.0 TO
17800.0 16004.0 408.0 100.0 TURN
18280.0 16004.0 136.0 100.0 IT
18484.0 16004.0 200.0 108.0 IN.

16804.0 16172.0 512.0 96.0 Officers
17392.0 16176.0 404.0 116.0 quoted
17884.0 16176.0 380.0 116.0 Spires
18340.0 16208.0 120.0 72.0 ss
18536.0 16176.0 408.0 120.0 saying

16684.0 16312.0 132.0 96.0 he
16884.0 16312.0 228.0 100.0 had
17188.0 16312.0 528.0 104.0 intended
17780.0 16316.0 120.0 96.0 to
17964.0 16320.0 260.0 92.0 turn
18288.0 16316.0 104.0 100.0 In
18456.0 16316.0 188.0 96.0 the
18708.0 16344.0 232.0 92.0 gun

16680.0 16452.0 416.0 112.0 during
17172.0 16456.0 176.0 96.0 his
17416.0 16456.0 264.0 92.0 visit
17748.0 16452.0 116.0 100.0 to
17940.0 16456.0 188.0 96.0 the
18196.0 16452.0 460.0 120.0 Capitol,
18732.0 16456.0 204.0 104.0 but

16684.0 16592.0 212.0 92.0 had
17016.0 16596.0 200.0 92.0 not
17324.0 16592.0 272.0 96.0 been
17704.0 16616.0 260.0 80.0 sure
18068.0 16592.0 360.0 108.0 whore
18536.0 16600.0 116.0 92.0 to
18760.0 16600.0 136.0 96.0 de-

16680.0 16728.0 276.0 100.0 liver
17024.0 16732.0 116.0 96.0 It.

16808.0 16872.0 384.0 112.0 Spires
17284.0 16868.0 236.0 100.0 said
17632.0 16872.0 140.0 100.0 he
17864.0 16872.0 220.0 104.0 had
18180.0 16876.0 184.0 100.0 not
18448.0 16876.0 280.0 100.0 been
18824.0 16876.0 112.0 100.0 In

16680.0 17012.0 188.0 96.0 the
16940.0 17012.0 556.0 112.0 galleries.
17628.0 17016.0 236.0 92.0 The
17936.0 17016.0 620.0 100.0 washroom
18628.0 17020.0 96.0 96.0 Is
18796.0 17044.0 148.0 72.0 on

16676.0 17176.0 68.0 68.0 a
16800.0 17152.0 512.0 92.0 corridor
17372.0 17152.0 480.0 116.0 through
17916.0 17156.0 360.0 96.0 which
18336.0 17160.0 184.0 96.0 the
18576.0 17156.0 320.0 104.0 Presi-

16680.0 17284.0 272.0 100.0 dent
17024.0 17288.0 220.0 96.0 had
17320.0 17292.0 392.0 116.0 passed
17784.0 17320.0 68.0 72.0 a
17928.0 17296.0 216.0 92.0 few
18216.0 17300.0 476.0 96.0 minutes
18760.0 17300.0 136.0 96.0 be-

16680.0 17428.0 240.0 100.0 fore
17052.0 17456.0 140.0 72.0 on
17320.0 17432.0 168.0 96.0 his
17604.0 17456.0 244.0 92.0 way
17976.0 17440.0 112.0 92.0 to
18212.0 17436.0 176.0 100.0 the
18528.0 17440.0 416.0 100.0 Senate

16680.0 17568.0 324.0 92.0 cham
17028.0 17564.0 224.0 104.0 bcr.

16808.0 17700.0 388.0 116.0 Spires
17280.0 17724.0 292.0 80.0 wore
17648.0 17704.0 500.0 124.0 Insignia
18224.0 17716.0 120.0 96.0 of
18420.0 17720.0 184.0 96.0 the
18684.0 17724.0 264.0 100.0 45th

16680.0 17836.0 908.0 104.0 "Tiiunderblrd"
17688.0 17848.0 516.0 104.0 Division
18300.0 17860.0 192.0 96.0 but
18584.0 17868.0 360.0 112.0 police

16684.0 17988.0 240.0 96.0 said
17020.0 17984.0 140.0 100.0 ho
17252.0 17992.0 320.0 96.0 could
17660.0 17996.0 200.0 96.0 not
17948.0 18004.0 472.0 96.0 account
18504.0 17996.0 176.0 108.0 for
18768.0 18008.0 180.0 96.0 his

16684.0 18148.0 232.0 76.0 war
17000.0 18132.0 432.0 100.0 service
17508.0 18128.0 436.0 120.0 beyond
18028.0 18140.0 396.0 120.0 saying
18496.0 18144.0 136.0 96.0 he
18716.0 18148.0 228.0 100.0 had

16688.0 18264.0 276.0 104.0 been
17056.0 18272.0 112.0 100.0 In
17260.0 18272.0 188.0 96.0 the
17532.0 18280.0 352.0 116.0 Army
17972.0 18276.0 120.0 104.0 14
18180.0 18288.0 444.0 92.0 months
18712.0 18292.0 232.0 92.0 and

16688.0 18432.0 232.0 76.0 was
16988.0 18416.0 192.0 92.0 the
17240.0 18416.0 256.0 120.0 only
17556.0 18440.0 260.0 76.0 man
17884.0 18420.0 116.0 100.0 in
18064.0 18424.0 172.0 96.0 his
18296.0 18424.0 336.0 100.0 outfit
18688.0 18432.0 260.0 96.0 who

16688.0 18576.0 228.0 72.0 was
17000.0 18560.0 200.0 92.0 not
17276.0 18560.0 576.0 100.0 wounded.

16808.0 18696.0 596.0 96.0 McGinnls
17500.0 18704.0 240.0 96.0 said
17844.0 18708.0 196.0 92.0 the
18136.0 18732.0 260.0 76.0 man
18488.0 18708.0 244.0 104.0 told
18820.0 18712.0 128.0 104.0 of

16680.0 18836.0 344.0 116.0 being
17120.0 18840.0 524.0 100.0 Inducted
17740.0 18852.0 128.0 92.0 at
17964.0 18848.0 560.0 116.0 Florence,
18616.0 18856.0 328.0 116.0 Arlx.,

16692.0 18980.0 368.0 96.0 where
17156.0 18984.0 140.0 100.0 he
17380.0 18984.0 220.0 100.0 had
17688.0 19012.0 292.0 92.0 gone
18076.0 19016.0 128.0 68.0 as
18288.0 19020.0 68.0 72.0 a
18444.0 18992.0 508.0 124.0 migrant

16692.0 19120.0 300.0 100.0 farm
17056.0 19124.0 472.0 112.0 worker,
17584.0 19128.0 220.0 96.0 and
17872.0 19132.0 128.0 96.0 of
18056.0 19136.0 416.0 120.0 having
18528.0 19136.0 280.0 100.0 been
18872.0 19168.0 80.0 72.0 a

16680.0 19268.0 608.0 112.0 carpenter
17364.0 19264.0 380.0 104.0 before
17824.0 19272.0 196.0 96.0 the
18096.0 19296.0 264.0 80.0 war.
18432.0 19280.0 208.0 96.0 His
18716.0 19284.0 180.0 92.0 dis-

16688.0 19400.0 420.0 120.0 charge
17196.0 19432.0 404.0 88.0 papers
17688.0 19416.0 320.0 92.0 rated
18100.0 19416.0 172.0 96.0 his
18348.0 19420.0 604.0 96.0 character

16684.0 19544.0 336.0 120.0 "very
17132.0 19548.0 376.0 116.0 good."

16804.0 19684.0 596.0 100.0 McGinnls
17544.0 19692.0 244.0 100.0 said
17940.0 19696.0 232.0 100.0 five
18312.0 19704.0 628.0 120.0 cartridges

16688.0 19852.0 292.0 72.0 were
17052.0 19832.0 352.0 96.0 found
17472.0 19860.0 140.0 72.0 on
17688.0 19836.0 476.0 116.0 Spires's
18232.0 19868.0 424.0 92.0 person,
18728.0 19876.0 220.0 72.0 one

16680.0 19972.0 120.0 92.0 of
16884.0 19972.0 316.0 96.0 them
17292.0 19976.0 112.0 92.0 In
17488.0 19976.0 188.0 96.0 the
17764.0 19980.0 364.0 120.0 firing
18204.0 19988.0 528.0 100.0 chamber
18816.0 19988.0 128.0 104.0 of

16696.0 20112.0 180.0 96.0 the
16952.0 20112.0 368.0 120.0 pistol.

16672.0 20384.0 892.0 288.0 Mercury
17628.0 20388.0 444.0 236.0 Hits
18132.0 20392.0 492.0 280.0 514,

16808.0 20692.0 452.0 284.0 July

17396.0 20696.0 468.0 232.0 Cold
18004.0 20700.0 812.0 284.0 Record;

16992.0 20996.0 400.0 236.0 Due
17476.0 21000.0 252.0 232.0 To
17796.0 21004.0 436.0 232.0 Rise
18312.0 21008.0 636.0 288.0 Today

16804.0 21308.0 92.0 96.0 A
16972.0 21312.0 488.0 108.0 vagrant
17532.0 21332.0 528.0 100.0 mercury
18128.0 21316.0 264.0 100.0 took
18460.0 21324.0 488.0 92.0 another

16684.0 21448.0 572.0 96.0 nose-dive
17392.0 21448.0 112.0 96.0 In
17640.0 21452.0 732.0 100.0 Cincinnati's
18504.0 21460.0 444.0 100.0 official

16664.0 21596.0 808.0 96.0 thermometer
17552.0 21600.0 624.0 120.0 yesterday,
18260.0 21608.0 288.0 108.0 then,
18628.0 21608.0 308.0 96.0 after

16680.0 21724.0 580.0 120.0 shivering
17360.0 21732.0 120.0 96.0 at
17584.0 21752.0 144.0 72.0 an
17832.0 21728.0 468.0 100.0 all-time
18408.0 21736.0 532.0 96.0 recorded

16680.0 21864.0 204.0 100.0 low
16996.0 21864.0 124.0 92.0 of
17228.0 21864.0 212.0 96.0 84.4
17544.0 21868.0 468.0 112.0 degrees
18112.0 21868.0 180.0 96.0 for
18392.0 21872.0 180.0 100.0 the
18684.0 21876.0 252.0 116.0 day,

16680.0 22000.0 432.0 96.0 started
17248.0 22000.0 528.0 124.0 climbing
17908.0 22008.0 424.0 100.0 toward
18456.0 22012.0 188.0 96.0 the
18836.0 22016.0 56.0 92.0 2-

16688.0 22144.0 332.0 92.0 mark
17100.0 22140.0 364.0 116.0 today.

16800.0 22276.0 716.0 116.0 Yesterday's
17588.0 22280.0 776.0 104.0 mid-summer
18432.0 22288.0 456.0 116.0 explora-

16680.0 22416.0 232.0 100.0 tion
16976.0 22420.0 240.0 96.0 into
17272.0 22420.0 184.0 92.0 the
17512.0 22424.0 352.0 88.0 arctic
17924.0 22424.0 208.0 96.0 left
18180.0 22424.0 184.0 96.0 the
18420.0 22448.0 520.0 100.0 mercury

16676.0 22568.0 116.0 92.0 at
17000.0 22592.0 72.0 68.0 a
17280.0 22568.0 264.0 96.0 level
17748.0 22572.0 580.0 92.0 one-tenth
18528.0 22572.0 408.0 112.0 degree

16676.0 22692.0 340.0 96.0 lower
17120.0 22696.0 276.0 96.0 than
17500.0 22696.0 84.0 92.0 it
17680.0 22696.0 556.0 100.0 ventured
18332.0 22700.0 184.0 96.0 the
18616.0 22728.0 320.0 72.0 same

16684.0 22836.0 220.0 116.0 day
16988.0 22836.0 112.0 92.0 In
17184.0 22836.0 240.0 92.0 1915
17500.0 22836.0 320.0 96.0 when
17904.0 22840.0 192.0 92.0 the
18176.0 22840.0 508.0 112.0 previous
18752.0 22840.0 156.0 96.0 all-

16680.0 22976.0 272.0 92.0 time
17036.0 22972.0 524.0 96.0 recorded
17636.0 22972.0 212.0 92.0 low
17920.0 23000.0 236.0 68.0 was
18228.0 22976.0 596.0 96.0 establlshe
18860.0 22992.0 76.0 84.0 1.

16812.0 23112.0 472.0 96.0 Perusal
17384.0 23108.0 120.0 100.0 of
17600.0 23112.0 188.0 96.0 the
17896.0 23112.0 384.0 96.0 charts
18380.0 23112.0 564.0 104.0 indicated

16684.0 23252.0 116.0 92.0 to
16880.0 23252.0 104.0 96.0 J.
17072.0 23248.0 300.0 96.0 Cecil
17452.0 23248.0 344.0 120.0 Alter,
17888.0 23252.0 396.0 96.0 Senior
18364.0 23252.0 532.0 100.0 Meteorol-

16684.0 23392.0 328.0 108.0 ogist,
17168.0 23388.0 252.0 96.0 that
17572.0 23388.0 188.0 96.0 the
17912.0 23408.0 512.0 100.0 mercury
18572.0 23392.0 372.0 96.0 would

16684.0 23528.0 340.0 96.0 climb
17104.0 23524.0 288.0 96.0 back
17464.0 23520.0 112.0 100.0 to
17648.0 23528.0 124.0 92.0 58
17848.0 23528.0 312.0 116.0 early
18232.0 23528.0 360.0 116.0 today,
18664.0 23532.0 280.0 96.0 then

16684.0 23668.0 372.0 92.0 amble
17148.0 23672.0 116.0 96.0 to
17348.0 23664.0 188.0 96.0 the
17620.0 23664.0 120.0 96.0 82
17828.0 23668.0 332.0 92.0 mark
18248.0 23668.0 384.0 116.0 which,
18720.0 23672.0 224.0 112.0 too,

16688.0 23804.0 92.0 96.0 is
16848.0 23812.0 188.0 88.0 far
17100.0 23804.0 356.0 92.0 under
17516.0 23804.0 440.0 96.0 normal
18020.0 23804.0 180.0 92.0 for
18260.0 23808.0 184.0 92.0 the
18504.0 23828.0 444.0 76.0 season.

16812.0 23944.0 256.0 116.0 But,
17164.0 23944.0 316.0 92.0 Alter
17576.0 23940.0 276.0 116.0 said,
17956.0 23940.0 300.0 96.0 skies
18344.0 23944.0 360.0 96.0 would
18812.0 23944.0 132.0 96.0 be

16688.0 24076.0 252.0 100.0 blue
17008.0 24080.0 228.0 92.0 and
17296.0 24080.0 296.0 92.0 clear
17652.0 24080.0 224.0 92.0 and
17940.0 24080.0 320.0 92.0 there
18320.0 24080.0 212.0 96.0 will
18600.0 24080.0 132.0 96.0 be
18796.0 24104.0 148.0 72.0 no

16688.0 24224.0 280.0 112.0 rain,
17048.0 24220.0 380.0 92.0 unless
17496.0 24220.0 188.0 96.0 the
17764.0 24236.0 516.0 96.0 mercury
18348.0 24220.0 240.0 112.0 gets
18664.0 24224.0 228.0 96.0 tem-

16668.0 24364.0 704.0 116.0 peramental
17444.0 24368.0 368.0 108.0 again.

16668.0 25744.0 936.0 100.0 ELSEWHERE

16820.0 25912.0 404.0 100.0 TART
17304.0 25916.0 52.0 100.0 1
17444.0 25912.0 188.0 116.0 (A)
17800.0 25936.0 20.0 72.0 i
18632.0 25920.0 312.0 116.0 Page

17472.0 26084.0 300.0 104.0 Page
17800.0 26032.0 16.0 196.0 j
17864.0 26088.0 544.0 104.0 Haworlh
18472.0 26152.0 344.0 52.0 ....
18884.0 26092.0 64.0 100.0 1

16700.0 26248.0 796.0 108.0 AmiiHcments
17608.0 26244.0 164.0 112.0 6-7
17860.0 26256.0 316.0 124.0 Keep
18240.0 26256.0 276.0 108.0 Well
18580.0 26320.0 236.0 52.0 ...
18884.0 26260.0 64.0 100.0 1

16684.0 26428.0 356.0 96.0 Court
17116.0 26428.0 328.0 96.0 News
17512.0 26488.0 32.0 36.0 .
17616.0 26488.0 32.0 40.0 .
17716.0 26428.0 60.0 96.0 8
17864.0 26424.0 548.0 108.0 Portraits
18508.0 26492.0 288.0 48.0 ...
18884.0 26428.0 64.0 100.0 1

16688.0 26600.0 620.0 100.0 E(IltorlaiB
17388.0 26656.0 32.0 40.0 .
17496.0 26656.0 32.0 40.0 .
17604.0 26656.0 36.0 44.0 .
17720.0 26600.0 60.0 96.0 4
17860.0 26596.0 436.0 116.0 Sclet,v
18376.0 26600.0 328.0 100.0 News
18776.0 26660.0 36.0 40.0 .
18888.0 26604.0 60.0 100.0 Z

16696.0 26776.0 464.0 88.0 ii.s,,r
17720.0 26764.0 60.0 96.0 4
17864.0 26740.0 260.0 92.0 Star
18192.0 26736.0 348.0 100.0 G.iser
18600.0 26796.0 220.0 48.0 ...
18884.0 26736.0 60.0 96.0 1

16688.0 26904.0 400.0 100.0 ,jamP!,
17720.0 26908.0 60.0 96.0 4
17868.0 26868.0 540.0 104.0 Wlnchell
18504.0 26936.0 284.0 40.0 ...
18880.0 26876.0 64.0 92.0 8

16692.0 27040.0 152.0 100.0 i,,,
17124.0 26968.0 528.0 172.0 McLtikV
17724.0 27048.0 56.0 92.0 4
17856.0 27012.0 548.0 96.0 Women's
18488.0 27012.0 248.0 120.0 Pgs.
18788.0 27008.0 156.0 104.0 1-3

16680.0 27188.0 388.0 96.0 J4u'lo
17720.0 27188.0 60.0 88.0 B
17928.0 27148.0 244.0 96.0 'our
18260.0 27148.0 296.0 100.0 Mind
18648.0 27212.0 28.0 40.0 .
18768.0 27212.0 28.0 40.0 .
18888.0 27156.0 52.0 92.0 1

16640.0 27384.0 8.0 24.0 ,
16692.0 27328.0 508.0 92.0 Headers
17308.0 27328.0 348.0 88.0 views
17724.0 27328.0 56.0 84.0 4
18004.0 27344.0 376.0 108.0 PART
18460.0 27352.0 56.0 100.0 8
18604.0 27344.0 184.0 112.0 (C)

16700.0 27472.0 296.0 88.0 JI0S3

16640.0 27580.0 8.0 196.0 j
16696.0 27592.0 596.0 120.0 Ruk?ysrr
17352.0 27656.0 28.0 36.0 .
17448.0 27660.0 28.0 36.0 .
17536.0 27660.0 28.0 32.0 .
17628.0 27660.0 20.0 32.0 .

16828.0 27760.0 400.0 104.0 TART
17304.0 27768.0 56.0 100.0 2
17452.0 27764.0 184.0 104.0 IB)

17860.0 27520.0 352.0 96.0 Class.
18272.0 27520.0 220.0 96.0 Ads
18544.0 27580.0 28.0 40.0 .
18628.0 27580.0 32.0 36.0 .
18716.0 27524.0 60.0 96.0 6
18828.0 27504.0 120.0 104.0 10

17720.0 27648.0 60.0 44.0 '
17864.0 27656.0 436.0 96.0 Cr.mlcs
18820.0 27656.0 120.0 100.0 11

17864.0 27792.0 400.0 116.0 Danny
18368.0 27796.0 408.0 92.0 Dunim
18884.0 27788.0 64.0 100.0 2

17728.0 27940.0 56.0 96.0 3
17860.0 27928.0 576.0 120.0 -lourney's
18536.0 27928.0 248.0 104.0 End
18884.0 27936.0 64.0 92.0 6

16696.0 27944.0 348.0 96.0 Brain
17132.0 27940.0 408.0 96.0 Games

16696.0 28072.0 652.0 100.0 Crossword
17420.0 28140.0 32.0 40.0 .
17524.0 28136.0 24.0 36.0 .
17624.0 28136.0 24.0 32.0 .
17732.0 28080.0 52.0 84.0 ?
17868.0 28064.0 496.0 104.0 Markets
18444.0 28128.0 252.0 44.0 ...
18776.0 28068.0 64.0 100.0 4
18884.0 28060.0 64.0 96.0 5

16704.0 28216.0 204.0 96.0 Fix
16996.0 28212.0 112.0 100.0 It
17732.0 28216.0 60.0 96.0 3
17868.0 28208.0 276.0 96.0 Real
18220.0 28204.0 392.0 100.0 Estate
18676.0 28264.0 36.0 48.0 .
18776.0 28264.0 40.0 48.0 .
18884.0 28216.0 64.0 88.0 S

16704.0 28356.0 372.0 120.0 Gorey
17140.0 28412.0 216.0 48.0 ...
17464.0 28408.0 212.0 52.0 ...
17740.0 28348.0 48.0 96.0 1
17864.0 28344.0 296.0 108.0 Vital
18244.0 28340.0 564.0 108.0 Statistics
