19192 29012
14892.0 704.0 64.0 76.0 e

16468.0 704.0 864.0 188.0 Thursday,
17428.0 704.0 364.0 184.0 July
17880.0 704.0 232.0 180.0 24,
18208.0 700.0 376.0 160.0 19JT

928.0 800.0 128.0 160.0 3
1236.0 800.0 144.0 148.0 A

7824.0 736.0 492.0 152.0 THE
8520.0 728.0 1052.0 156.0 Cl.NCi.NjN
9624.0 724.0 408.0 152.0 ATI

832.0 1324.0 576.0 220.0 The
1532.0 1300.0 1632.0 300.0 Enquirer's

808.0 1672.0 3992.0 456.0 OPINIONNAIRE

788.0 2328.0 1036.0 140.0 PHOTOGRAPHEB:
1912.0 2328.0 312.0 124.0 Allan
2308.0 2320.0 276.0 128.0 Iain
3144.0 2308.0 676.0 136.0 REPORTER:
3908.0 2292.0 460.0 136.0 Mildred
4448.0 2292.0 360.0 128.0 Miller

572.0 2760.0 344.0 136.0 THE
1016.0 2760.0 888.0 164.0 QUESTION:
2008.0 2760.0 204.0 128.0 Do
2304.0 2800.0 252.0 116.0 jou
2656.0 2748.0 500.0 132.0 Mirve
3424.0 2740.0 236.0 156.0 pirl
3764.0 2732.0 476.0 128.0 nlioul.l
4344.0 2724.0 380.0 132.0 share
4824.0 2764.0 152.0 80.0 ex-

1996.0 2972.0 376.0 124.0 prnse
2704.0 2928.0 184.0 120.0 ilh
3228.0 2960.0 292.0 80.0 man
3768.0 2908.0 252.0 128.0 lirn
4148.0 2932.0 224.0 100.0 out
4500.0 2896.0 220.0 128.0 for
4848.0 2936.0 160.0 80.0 an

1984.0 3096.0 640.0 168.0 evening?

728.0 5796.0 448.0 108.0 JACK
1292.0 5792.0 632.0 120.0 GARNER,

628.0 5980.0 236.0 100.0 155S
1044.0 5976.0 532.0 104.0 Bsnklick
1756.0 5972.0 180.0 112.0 St.,

608.0 6152.0 632.0 116.0 Covington,
1284.0 6172.0 328.0 92.0 paper
1664.0 6144.0 216.0 96.0 han-

620.0 6324.0 272.0 104.0 dler:
980.0 6324.0 188.0 104.0 No,
1212.0 6320.0 48.0 100.0 I
1296.0 6312.0 288.0 104.0 don't
1624.0 6312.0 316.0 100.0 think

624.0 6516.0 152.0 76.0 to.
892.0 6496.0 52.0 96.0 I
1004.0 6488.0 396.0 100.0 believe
1456.0 6488.0 80.0 96.0 It
1600.0 6496.0 88.0 88.0 Is
1752.0 6488.0 176.0 92.0 the

620.0 6668.0 348.0 100.0 man's
1080.0 6664.0 292.0 116.0 place
1484.0 6656.0 116.0 100.0 to
1716.0 6676.0 216.0 96.0 pay

624.0 6804.0 364.0 100.0 unless
1044.0 6804.0 80.0 100.0 It
1176.0 6808.0 88.0 96.0 is
1316.0 6800.0 392.0 112.0 agreed
1756.0 6800.0 128.0 92.0 be-

624.0 6944.0 528.0 96.0 forehand
1216.0 6944.0 236.0 100.0 that
1512.0 6940.0 88.0 92.0 it
1660.0 6936.0 92.0 92.0 U
1812.0 6940.0 116.0 92.0 to

624.0 7084.0 132.0 96.0 be
980.0 7080.0 352.0 96.0 Dutch
1412.0 7076.0 320.0 96.0 treat.
1872.0 7068.0 56.0 100.0 I

620.0 7244.0 472.0 96.0 approve
1164.0 7220.0 116.0 96.0 of
1348.0 7220.0 272.0 112.0 that,
1692.0 7236.0 196.0 96.0 pro-

620.0 7360.0 320.0 100.0 vided
1060.0 7360.0 184.0 96.0 the
1364.0 7352.0 204.0 124.0 girl
1688.0 7372.0 196.0 92.0 sug-

624.0 7508.0 300.0 112.0 gest!
1004.0 7500.0 84.0 100.0 tt
1164.0 7496.0 208.0 100.0 and
1452.0 7492.0 188.0 96.0 the
1712.0 7496.0 216.0 92.0 two

620.0 7664.0 192.0 76.0 are
940.0 7648.0 320.0 108.0 going
1388.0 7656.0 292.0 72.0 more
1808.0 7652.0 120.0 72.0 or

624.0 7780.0 220.0 108.0 less
928.0 7776.0 400.0 116.0 etrady.
1476.0 7768.0 124.0 96.0 In
1696.0 7768.0 248.0 96.0 that

632.0 7940.0 272.0 92.0 way,
956.0 7920.0 304.0 92.0 when
1316.0 7908.0 356.0 100.0 fellow
1724.0 7908.0 208.0 96.0 end

632.0 8056.0 212.0 116.0 girl
912.0 8080.0 180.0 76.0 ere
1160.0 8048.0 252.0 100.0 fond
1484.0 8048.0 116.0 92.0 of
1664.0 8044.0 268.0 92.0 each

632.0 8200.0 344.0 104.0 other,
1084.0 8196.0 84.0 96.0 It
1280.0 8196.0 88.0 88.0 ie
1472.0 8184.0 464.0 120.0 possible

636.0 8344.0 176.0 96.0 for
908.0 8340.0 292.0 92.0 them
1304.0 8340.0 108.0 88.0 to
1508.0 8352.0 140.0 92.0 go
1748.0 8324.0 192.0 96.0 out

628.0 8480.0 500.0 108.0 together
1232.0 8492.0 292.0 72.0 more
1632.0 8464.0 304.0 100.0 often

632.0 8616.0 316.0 96.0 when
1024.0 8612.0 256.0 116.0 they
1356.0 8608.0 316.0 92.0 share
1744.0 8604.0 192.0 92.0 the

632.0 8776.0 552.0 92.0 expenses.
1300.0 8748.0 160.0 96.0 On
1520.0 8744.0 184.0 92.0 the
1764.0 8764.0 132.0 68.0 av-

632.0 8916.0 328.0 84.0 erage
1048.0 8892.0 276.0 108.0 date,
1420.0 8884.0 520.0 104.0 however,

632.0 9032.0 60.0 104.0 I
740.0 9032.0 312.0 108.0 think
1100.0 9032.0 84.0 96.0 It
1236.0 9032.0 88.0 92.0 Is
1368.0 9020.0 180.0 100.0 the
1596.0 9020.0 344.0 96.0 man's

640.0 9172.0 272.0 116.0 duty
968.0 9176.0 108.0 92.0 to
1132.0 9188.0 236.0 100.0 pay.

2228.0 5792.0 716.0 100.0 RAYMOND
2984.0 5788.0 392.0 100.0 CLGIB-

2096.0 5932.0 328.0 116.0 NKY,
2496.0 5936.0 240.0 96.0 Sfll8
2812.0 5936.0 556.0 104.0 Montgom-

2096.0 6100.0 188.0 96.0 ery
2344.0 6080.0 224.0 112.0 Rd.,
2624.0 6072.0 344.0 96.0 clerk:
3032.0 6076.0 196.0 96.0 No.
3308.0 6072.0 104.0 100.0 If

2096.0 6248.0 64.0 68.0 a
2280.0 6240.0 244.0 76.0 men
2644.0 6224.0 92.0 88.0 Is
2852.0 6216.0 556.0 96.0 fortunate

2100.0 6360.0 420.0 112.0 enough
2668.0 6360.0 108.0 96.0 to
2928.0 6356.0 276.0 96.0 have
3344.0 6376.0 68.0 72.0 a

2092.0 6500.0 284.0 108.0 dHte,
2480.0 6500.0 132.0 96.0 he
2712.0 6492.0 384.0 100.0 should
3200.0 6512.0 208.0 100.0 pay

2092.0 6640.0 148.0 96.0 all
2296.0 6656.0 548.0 96.0 expenses.
2972.0 6628.0 52.0 104.0 I
3092.0 6632.0 308.0 100.0 think

2256.0 6800.0 252.0 76.0 man
2616.0 6780.0 92.0 96.0 Is
2812.0 6768.0 588.0 128.0 privileged

2084.0 6916.0 316.0 100.0 when
2484.0 6916.0 132.0 96.0 he
2704.0 6932.0 204.0 76.0 can
2996.0 6908.0 252.0 104.0 take

2084.0 7064.0 240.0 92.0 nice
2420.0 7076.0 356.0 96.0 young
2868.0 7052.0 256.0 112.0 lady
3216.0 7052.0 184.0 96.0 out

2088.0 7200.0 176.0 92.0 for
2392.0 7216.0 136.0 72.0 an
2664.0 7192.0 496.0 108.0 evening.
3348.0 7184.0 56.0 100.0 I

2084.0 7336.0 532.0 112.0 certainly
2704.0 7332.0 296.0 96.0 don't
3088.0 7324.0 312.0 100.0 think

2100.0 7480.0 132.0 92.0 he
2296.0 7472.0 340.0 96.0 would
2708.0 7468.0 128.0 100.0 Ik
2904.0 7472.0 320.0 92.0 much
3292.0 7460.0 112.0 100.0 of

2100.0 7648.0 64.0 68.0 a
2276.0 7636.0 248.0 72.0 man
2632.0 7616.0 112.0 88.0 to
2856.0 7616.0 376.0 108.0 expect
3344.0 7628.0 68.0 68.0 a

2100.0 7756.0 208.0 120.0 girl
2412.0 7760.0 112.0 88.0 to
2632.0 7768.0 212.0 100.0 pay
2956.0 7748.0 248.0 116.0 part
3308.0 7740.0 116.0 100.0 of

2100.0 7900.0 188.0 88.0 the
2396.0 7892.0 204.0 96.0 bill.
2772.0 7892.0 108.0 92.0 If
2984.0 7912.0 72.0 68.0 a
3164.0 7908.0 244.0 72.0 man

2100.0 8040.0 396.0 88.0 cannot
2556.0 8028.0 368.0 100.0 afford
2984.0 8032.0 116.0 92.0 to
3160.0 8024.0 248.0 100.0 take

2100.0 8208.0 64.0 68.0 a
2244.0 8172.0 200.0 124.0 girl
2520.0 8176.0 212.0 100.0 out,
2816.0 8172.0 132.0 92.0 he
3028.0 8160.0 376.0 100.0 should

2100.0 8324.0 240.0 104.0 stay
2508.0 8312.0 344.0 96.0 home.
3084.0 8304.0 100.0 96.0 If
3344.0 8328.0 64.0 72.0 a

2096.0 8452.0 372.0 116.0 couple
2524.0 8456.0 88.0 92.0 is
2652.0 8452.0 324.0 108.0 going
3032.0 8444.0 376.0 112.0 steady

2096.0 8592.0 216.0 96.0 and
2396.0 8592.0 180.0 92.0 the
2668.0 8608.0 256.0 76.0 man
3008.0 8588.0 400.0 92.0 cannot

2100.0 8732.0 364.0 96.0 afford
2532.0 8752.0 68.0 72.0 a
2668.0 8724.0 152.0 96.0 lot
2888.0 8724.0 116.0 96.0 of
3072.0 8728.0 332.0 100.0 dates,

2096.0 8876.0 188.0 96.0 the
2384.0 8872.0 200.0 116.0 girl
2684.0 8860.0 384.0 100.0 should
3168.0 8880.0 200.0 88.0 sug-

2100.0 9016.0 236.0 116.0 gest
2388.0 9008.0 428.0 116.0 staying
2876.0 9008.0 316.0 96.0 home
2096.0 9024.0 1268.0 236.0 occasionally.

600.0 9440.0 1088.0 376.0 Infant's
1792.0 9432.0 656.0 368.0 Foot
2544.0 9424.0 248.0 368.0 Is

896.0 9944.0 768.0 376.0 After
1784.0 9912.0 1664.0 400.0 River-Bank

696.0 10488.0 340.0 100.0 When
1100.0 10484.0 720.0 120.0 pathological
1884.0 10468.0 500.0 104.0 methods
2424.0 10460.0 320.0 100.0 failed

572.0 10660.0 228.0 108.0 late
920.0 10656.0 564.0 128.0 yesterday
1612.0 10656.0 112.0 92.0 to
1852.0 10640.0 520.0 112.0 establish
2500.0 10636.0 240.0 96.0 fltsl

580.0 10840.0 300.0 108.0 steps
1008.0 10828.0 108.0 100.0 In
1244.0 10812.0 824.0 116.0 identification,
2196.0 10800.0 552.0 104.0 Hamilton

576.0 10996.0 424.0 128.0 County
1056.0 10992.0 472.0 100.0 officials
1584.0 10984.0 520.0 124.0 appenled
2172.0 10980.0 168.0 96.0 for
2400.0 10972.0 344.0 120.0 public

656.0 11168.0 104.0 96.0 id
828.0 11168.0 108.0 96.0 In
1004.0 11168.0 372.0 96.0 search
1440.0 11160.0 116.0 92.0 of
1616.0 11160.0 188.0 96.0 the
1868.0 11152.0 280.0 120.0 body
2212.0 11148.0 116.0 100.0 of
2388.0 11172.0 140.0 72.0 an
2596.0 11144.0 108.0 92.0 In-

568.0 11340.0 260.0 100.0 fant
900.0 11340.0 352.0 92.0 whose
1328.0 11328.0 228.0 100.0 foot
1632.0 11352.0 228.0 68.0 was
1932.0 11316.0 340.0 108.0 found
2352.0 11340.0 132.0 68.0 on
2560.0 11312.0 184.0 96.0 the

568.0 11500.0 284.0 100.0 Ohio
972.0 11500.0 324.0 104.0 River
1404.0 11492.0 296.0 108.0 bank
1808.0 11512.0 268.0 80.0 near
2184.0 11484.0 556.0 120.0 Addyston

572.0 11668.0 500.0 120.0 Tuesday
1136.0 11668.0 332.0 120.0 night

692.0 11840.0 164.0 100.0 An
928.0 11844.0 568.0 96.0 afternoon
1568.0 11824.0 736.0 108.0 examination
2376.0 11824.0 116.0 100.0 of
2560.0 11824.0 180.0 96.0 the

568.0 12004.0 1392.0 108.0 three-and-one-half-inch
2080.0 11996.0 252.0 100.0 stub
2448.0 11996.0 120.0 92.0 of
2680.0 12016.0 64.0 76.0 a

568.0 12176.0 380.0 104.0 child's
1020.0 12176.0 168.0 120.0 leg
1260.0 12180.0 132.0 120.0 by
1460.0 12168.0 192.0 104.0 Dr.
1720.0 12168.0 368.0 100.0 Frank
2164.0 12168.0 128.0 92.0 R.
2364.0 12160.0 376.0 112.0 Dutra,

560.0 12348.0 568.0 100.0 Coroner's
1208.0 12340.0 688.0 128.0 pathologist,
1980.0 12332.0 332.0 104.0 failed
2392.0 12336.0 112.0 96.0 to
2584.0 12352.0 116.0 76.0 re-

560.0 12516.0 240.0 100.0 veal
876.0 12520.0 184.0 100.0 the
1132.0 12540.0 184.0 72.0 sex
1380.0 12536.0 124.0 76.0 or
1576.0 12532.0 248.0 76.0 race
1900.0 12508.0 120.0 100.0 of
2092.0 12508.0 184.0 96.0 the
2352.0 12504.0 380.0 96.0 Infant.

552.0 12680.0 328.0 100.0 After
948.0 12688.0 320.0 116.0 study
1340.0 12692.0 116.0 92.0 at
1524.0 12684.0 184.0 100.0 the
1780.0 12672.0 584.0 120.0 Kettering
2412.0 12664.0 288.0 100.0 Labo-

556.0 12864.0 400.0 108.0 ratory,
1104.0 12848.0 616.0 124.0 University
1864.0 12844.0 120.0 100.0 of
2124.0 12844.0 612.0 100.0 Cincinnati

552.0 12996.0 432.0 112.0 College
1044.0 12996.0 116.0 96.0 of
1224.0 12992.0 552.0 108.0 Medicine,
1844.0 12988.0 188.0 100.0 Dr.
2092.0 12984.0 356.0 100.0 Dutra
2504.0 12976.0 232.0 104.0 said

552.0 13136.0 192.0 96.0 the
832.0 13132.0 232.0 96.0 foot
1148.0 13136.0 208.0 92.0 had
1444.0 13132.0 268.0 96.0 been
1800.0 13132.0 188.0 92.0 cut
2072.0 13124.0 176.0 96.0 off
2324.0 13120.0 260.0 96.0 with
2672.0 13144.0 64.0 68.0 a

552.0 13272.0 224.0 100.0 dull
840.0 13268.0 684.0 108.0 Instrument,
1580.0 13260.0 212.0 104.0 and
1852.0 13264.0 248.0 100.0 that
2156.0 13264.0 88.0 96.0 it
2304.0 13260.0 204.0 96.0 hud
2572.0 13252.0 124.0 100.0 be-

548.0 13408.0 396.0 116.0 longed
1040.0 13412.0 112.0 92.0 to
1244.0 13436.0 68.0 68.0 a
1404.0 13404.0 484.0 124.0 recently
1980.0 13400.0 272.0 96.0 born
2348.0 13396.0 388.0 104.0 infant,

640.0 13684.0 672.0 220.0 Natives
1388.0 13688.0 440.0 208.0 Burn
1904.0 13680.0 744.0 272.0 Villages

564.0 13976.0 844.0 112.0 CONTINUED
1480.0 13976.0 412.0 104.0 FROM
1968.0 13972.0 388.0 108.0 PAGE
2428.0 13968.0 312.0 108.0 ONE.

588.0 14216.0 324.0 96.0 earth
984.0 14208.0 412.0 112.0 tactics,
1472.0 14208.0 500.0 92.0 however
2048.0 14208.0 188.0 100.0 the
2308.0 14200.0 412.0 100.0 Nether-

604.0 14368.0 320.0 100.0 lands
988.0 14372.0 324.0 124.0 Army
1372.0 14376.0 240.0 96.0 said
1676.0 14372.0 224.0 92.0 this
1964.0 14372.0 352.0 120.0 policy
2376.0 14368.0 356.0 96.0 "mani

612.0 14540.0 356.0 104.0 tested
1044.0 14544.0 292.0 96.0 itself
1404.0 14540.0 408.0 120.0 chiefly
1880.0 14536.0 108.0 104.0 In
2064.0 14536.0 452.0 124.0 robbing
2588.0 14536.0 180.0 100.0 the

608.0 14736.0 304.0 80.0 more
1008.0 14708.0 568.0 104.0 well-to-do
1676.0 14712.0 708.0 116.0 inhabitants,
2480.0 14732.0 252.0 96.0 espe-

612.0 14884.0 324.0 120.0 cially
1060.0 14888.0 180.0 96.0 the
1356.0 14880.0 488.0 120.0 Chinese,
1964.0 14884.0 216.0 100.0 and
2308.0 14880.0 460.0 116.0 burning

608.0 15056.0 296.0 104.0 their
996.0 15056.0 616.0 124.0 properties.

744.0 15224.0 124.0 104.0 In
1020.0 15228.0 268.0 100.0 East
1436.0 15228.0 304.0 116.0 Java,
1892.0 15228.0 360.0 96.0 Dutch
2408.0 15232.0 364.0 108.0 troops

688.0 15400.0 404.0 120.0 trlklng
1220.0 15400.0 312.0 100.0 south
1668.0 15404.0 276.0 96.0 from
2080.0 15400.0 180.0 96.0 the
2388.0 15392.0 348.0 108.0 Trobo-

620.0 15572.0 376.0 128.0 linggo
1096.0 15576.0 612.0 96.0 beachhead
1808.0 15572.0 220.0 104.0 and
2132.0 15580.0 264.0 92.0 west
2492.0 15572.0 276.0 96.0 from

624.0 15744.0 192.0 96.0 the
920.0 15744.0 424.0 100.0 eastern
1448.0 15744.0 244.0 112.0 port
1792.0 15744.0 116.0 96.0 of
2008.0 15740.0 768.0 112.0 Banjoewangl

628.0 15912.0 644.0 108.0 threatened
1348.0 15912.0 108.0 96.0 to
1532.0 15912.0 256.0 92.0 slice
1860.0 15912.0 188.0 96.0 the
2128.0 15912.0 468.0 116.0 republic
2676.0 15912.0 104.0 92.0 in

636.0 16096.0 224.0 92.0 two
968.0 16096.0 136.0 112.0 by
1212.0 16096.0 424.0 108.0 cutting
1748.0 16096.0 168.0 84.0 off
2028.0 16096.0 268.0 100.0 Z.400
2400.0 16104.0 388.0 96.0 square

1120.0 16620.0 260.0 164.0 See
1468.0 16684.0 280.0 140.0 you
1840.0 16660.0 156.0 128.0 at
2088.0 16632.0 236.0 160.0 tht

720.0 16784.0 92.0 264.0 I
1196.0 16896.0 636.0 156.0 ARCADE
1928.0 16912.0 312.0 144.0 BAR
2552.0 16916.0 164.0 256.0 J

740.0 19344.0 220.0 148.0 r
1216.0 19336.0 408.0 160.0 Swell
1656.0 19340.0 40.0 160.0 I
1784.0 19340.0 400.0 156.0 We'll
2560.0 19344.0 180.0 140.0 T

680.0 19624.0 44.0 136.0 I
952.0 19600.0 692.0 204.0 probably
1732.0 19636.0 388.0 132.0 meet
2212.0 19608.0 240.0 164.0 the

696.0 19824.0 132.0 204.0 V
972.0 19872.0 468.0 160.0 whole
1536.0 19924.0 400.0 148.0 gang
2028.0 19876.0 388.0 164.0 there
2580.0 19900.0 132.0 220.0 J

872.0 20840.0 600.0 480.0 (L-,
2096.0 20752.0 504.0 392.0 SB

1372.0 21452.0 220.0 240.0 III
1988.0 21516.0 520.0 164.0 oats

3032.0 23080.0 400.0 136.0 dur,n
3616.0 23088.0 248.0 136.0 the

1004.0 23280.0 960.0 192.0 VTuMJuJi
3184.0 23324.0 368.0 140.0 when
3588.0 23368.0 156.0 104.0 so
3784.0 23372.0 120.0 96.0 m

2168.0 4000.0 1320.0 672.0 few
3848.0 4000.0 1128.0 592.0 tarto

3688.0 5776.0 472.0 104.0 JIMMY
4276.0 5772.0 636.0 120.0 BURDEN,

3568.0 5924.0 108.0 100.0 11
3848.0 5924.0 124.0 100.0 E.
4140.0 5920.0 416.0 100.0 Fourth
4720.0 5920.0 184.0 116.0 St.,

3564.0 6064.0 556.0 116.0 Newport,
4160.0 6084.0 456.0 92.0 presser,
4660.0 6060.0 196.0 96.0 tail-

3564.0 6204.0 320.0 112.0 oring
3976.0 6220.0 580.0 96.0 company:
4660.0 6196.0 104.0 100.0 If
4848.0 6192.0 52.0 104.0 I

3568.0 6364.0 176.0 72.0 am
3844.0 6340.0 336.0 116.0 going
4276.0 6352.0 108.0 92.0 to
4480.0 6340.0 264.0 100.0 take
4836.0 6360.0 68.0 72.0 a

3564.0 6480.0 204.0 112.0 girl
3856.0 6484.0 220.0 108.0 out,
4168.0 6476.0 48.0 100.0 I
4300.0 6500.0 176.0 84.0 am
4564.0 6480.0 336.0 112.0 going

3564.0 6624.0 108.0 100.0 to
3768.0 6644.0 216.0 96.0 pay
4088.0 6620.0 176.0 96.0 for
4364.0 6620.0 112.0 96.0 it
4640.0 6616.0 104.0 100.0 If
4840.0 6612.0 52.0 100.0 I

3556.0 6760.0 440.0 104.0 haven't
4048.0 6760.0 188.0 116.0 got
4288.0 6760.0 184.0 96.0 the
4528.0 6756.0 364.0 108.0 dough

3552.0 6896.0 56.0 100.0 I
3708.0 6900.0 232.0 116.0 Just
4036.0 6896.0 304.0 100.0 don't
4432.0 6916.0 140.0 104.0 go
4668.0 6900.0 224.0 92.0 out.

3556.0 7040.0 220.0 96.0 But
3880.0 7040.0 56.0 100.0 I
4044.0 7036.0 320.0 96.0 know
4472.0 7032.0 424.0 100.0 fellows

3564.0 7184.0 244.0 92.0 who
4004.0 7176.0 276.0 96.0 have
4464.0 7172.0 436.0 116.0 enough

3568.0 7312.0 312.0 104.0 braes
3940.0 7320.0 120.0 96.0 to
4124.0 7312.0 204.0 104.0 ask
4384.0 7336.0 72.0 72.0 a
4512.0 7316.0 208.0 112.0 girl
4784.0 7320.0 116.0 88.0 to

3564.0 7464.0 328.0 92.0 share
3988.0 7476.0 524.0 88.0 expenses
4600.0 7480.0 144.0 72.0 on
4832.0 7472.0 72.0 76.0 a

3572.0 7600.0 284.0 96.0 date.
3980.0 7592.0 56.0 100.0 I
4096.0 7592.0 316.0 104.0 think
4476.0 7592.0 184.0 100.0 the
4724.0 7612.0 140.0 72.0 av-

3568.0 7756.0 328.0 88.0 erage
3984.0 7736.0 388.0 112.0 fellow,
4452.0 7728.0 448.0 116.0 though,

3576.0 7880.0 272.0 96.0 feels
3968.0 7904.0 68.0 68.0 a
4156.0 7872.0 272.0 96.0 little
4548.0 7872.0 356.0 108.0 funny

3568.0 8016.0 332.0 108.0 about
4016.0 8016.0 384.0 108.0 letting
4512.0 8032.0 68.0 72.0 a
4692.0 8008.0 204.0 116.0 girl

3568.0 8176.0 208.0 100.0 pay
3912.0 8156.0 196.0 96.0 her
4228.0 8172.0 260.0 92.0 way,
4620.0 8168.0 272.0 84.0 even

3568.0 8300.0 308.0 96.0 when
3940.0 8296.0 196.0 96.0 she
4188.0 8288.0 376.0 100.0 offers.
4648.0 8284.0 244.0 96.0 And

3560.0 8436.0 312.0 120.0 you'd
4044.0 8428.0 128.0 96.0 be
4336.0 8424.0 556.0 120.0 surprised

3556.0 8580.0 236.0 96.0 how
3836.0 8568.0 732.0 120.0 Independent
4604.0 8588.0 296.0 76.0 some

3564.0 8716.0 268.0 116.0 girls
3964.0 8736.0 216.0 72.0 can
4312.0 8708.0 128.0 100.0 be
4576.0 8708.0 312.0 96.0 when

3564.0 8856.0 416.0 112.0 they're
4156.0 8848.0 448.0 112.0 making
4768.0 8864.0 124.0 80.0 as

3564.0 8996.0 328.0 96.0 much
4032.0 9012.0 388.0 96.0 money
4556.0 9008.0 128.0 72.0 as

3560.0 9160.0 220.0 96.0 guy
3848.0 9148.0 128.0 88.0 is.

2896.0 9392.0 1784.0 400.0 Unidentified

3560.0 9920.0 1448.0 448.0 Discovery

2828.0 10460.0 508.0 120.0 probably
3408.0 10456.0 260.0 96.0 born
3744.0 10456.0 308.0 108.0 dead,
4124.0 10452.0 116.0 100.0 24
4308.0 10452.0 108.0 100.0 to
4484.0 10440.0 116.0 100.0 72
4668.0 10452.0 336.0 96.0 hours

2820.0 10608.0 368.0 100.0 before
3268.0 10600.0 176.0 96.0 the
3520.0 10600.0 224.0 92.0 foot
3824.0 10620.0 228.0 72.0 was
4132.0 10588.0 360.0 96.0 found.

2960.0 10736.0 88.0 92.0 A
3140.0 10736.0 192.0 108.0 hoy
3424.0 10724.0 328.0 96.0 found
3852.0 10728.0 184.0 88.0 the
4128.0 10724.0 224.0 92.0 foot
4440.0 10716.0 212.0 96.0 and
4748.0 10708.0 248.0 100.0 took

2844.0 10880.0 76.0 88.0 It
2992.0 10880.0 112.0 88.0 to
3168.0 10876.0 176.0 92.0 the
3416.0 10868.0 324.0 96.0 office
3808.0 10864.0 120.0 100.0 of
3996.0 10860.0 472.0 96.0 Coroner
4532.0 10852.0 472.0 100.0 Herbert

2844.0 11012.0 104.0 100.0 P.
3068.0 11008.0 280.0 116.0 Lyle.
3512.0 11008.0 320.0 96.0 After
3944.0 11000.0 760.0 112.0 examination,
4820.0 10996.0 184.0 92.0 Dr.

2844.0 11156.0 344.0 92.0 Dutra
3252.0 11148.0 228.0 96.0 said
3548.0 11152.0 236.0 92.0 that
3852.0 11148.0 84.0 92.0 It
4000.0 11168.0 224.0 64.0 was
4288.0 11148.0 184.0 88.0 not
4536.0 11132.0 468.0 120.0 possible

2840.0 11300.0 104.0 92.0 to
3000.0 11292.0 252.0 100.0 take
3304.0 11316.0 64.0 68.0 a
3420.0 11288.0 556.0 116.0 footprint
4092.0 11280.0 428.0 100.0 Samuel
4580.0 11276.0 384.0 96.0 Ruben-

2836.0 11440.0 312.0 104.0 stein,
3212.0 11428.0 312.0 104.0 Chief
3588.0 11432.0 556.0 92.0 Assistant
4208.0 11424.0 420.0 116.0 County
4692.0 11420.0 276.0 96.0 Pros-

2832.0 11580.0 404.0 104.0 ecutor,
3400.0 11568.0 528.0 100.0 Criminal
4100.0 11564.0 520.0 112.0 Division,
4792.0 11552.0 212.0 96.0 and

2832.0 11716.0 420.0 96.0 Sheriff
3328.0 11712.0 104.0 100.0 C.
3504.0 11712.0 396.0 112.0 Taylor
3976.0 11708.0 616.0 100.0 Hamlman,
4668.0 11696.0 336.0 100.0 asked

2836.0 11860.0 180.0 92.0 the
3100.0 11852.0 348.0 124.0 public
3524.0 11852.0 116.0 100.0 to
3712.0 11848.0 360.0 96.0 watch
4160.0 11844.0 172.0 96.0 for
4404.0 11864.0 216.0 92.0 any
4704.0 11840.0 304.0 112.0 parts

2836.0 11996.0 112.0 96.0 of
3024.0 12024.0 68.0 68.0 a
3164.0 11996.0 276.0 116.0 body
3512.0 11992.0 116.0 96.0 of
3700.0 12012.0 68.0 72.0 a
3844.0 11988.0 320.0 116.0 child,
4244.0 11988.0 576.0 116.0 especially
4904.0 11984.0 100.0 92.0 In

2836.0 12140.0 180.0 100.0 the
3104.0 12140.0 308.0 96.0 river.

2952.0 12276.0 424.0 116.0 County
3436.0 12272.0 336.0 120.0 police
3836.0 12296.0 284.0 72.0 were
4180.0 12264.0 500.0 116.0 besieged
4744.0 12260.0 264.0 100.0 with

2832.0 12424.0 472.0 96.0 theories
3404.0 12420.0 236.0 92.0 that
3744.0 12416.0 184.0 96.0 the
4032.0 12412.0 288.0 96.0 child
4428.0 12412.0 212.0 96.0 had
4740.0 12408.0 264.0 96.0 been

2836.0 12564.0 356.0 92.0 tossed
3260.0 12560.0 224.0 100.0 into
3548.0 12560.0 180.0 92.0 the
3800.0 12556.0 316.0 108.0 river,
4188.0 12548.0 472.0 124.0 possibly
4724.0 12556.0 280.0 96.0 from

2832.0 12732.0 64.0 68.0 a
2968.0 12700.0 396.0 116.0 shanty
3432.0 12696.0 252.0 100.0 boat
3752.0 12700.0 116.0 96.0 of
3940.0 12720.0 68.0 72.0 a
4076.0 12688.0 336.0 104.0 shack
4488.0 12716.0 268.0 72.0 near
4828.0 12684.0 184.0 100.0 the

2836.0 12844.0 308.0 104.0 rlvor,
3228.0 12836.0 208.0 100.0 and
3524.0 12836.0 240.0 100.0 that
3852.0 12836.0 184.0 96.0 the
4128.0 12832.0 232.0 104.0 foot
4440.0 12832.0 212.0 96.0 had
4740.0 12828.0 268.0 96.0 been

2832.0 12984.0 180.0 96.0 cut
3088.0 12980.0 164.0 100.0 off
3320.0 12980.0 140.0 116.0 by
3532.0 12980.0 176.0 96.0 the
3792.0 12972.0 540.0 124.0 propeller
4400.0 12972.0 116.0 100.0 of
4588.0 13000.0 68.0 68.0 a
4728.0 12964.0 280.0 104.0 boat

2828.0 13120.0 360.0 100.0 Police
3284.0 13120.0 428.0 120.0 pointed
3820.0 13116.0 220.0 112.0 out,
4144.0 13116.0 524.0 116.0 however,
4764.0 13112.0 248.0 96.0 that

2824.0 13264.0 268.0 96.0 such
3216.0 13260.0 468.0 96.0 theories
3808.0 13280.0 284.0 76.0 were
4220.0 13260.0 188.0 96.0 not
4528.0 13248.0 480.0 104.0 founded

2824.0 13420.0 136.0 72.0 on
3040.0 13400.0 536.0 104.0 evidence.

2824.0 13672.0 312.0 100.0 miles
3232.0 13672.0 116.0 100.0 of
3444.0 13676.0 176.0 100.0 the
3724.0 13672.0 356.0 104.0 Island
4180.0 13672.0 284.0 100.0 from
4568.0 13668.0 444.0 100.0 contact

2824.0 13844.0 264.0 100.0 with
3220.0 13844.0 672.0 116.0 Republican
4020.0 13844.0 436.0 100.0 centers
4584.0 13840.0 112.0 104.0 to
4828.0 13840.0 180.0 104.0 the

2828.0 14020.0 300.0 92.0 west.

2960.0 14176.0 88.0 96.0 A
3100.0 14176.0 356.0 100.0 Dutch
3516.0 14176.0 332.0 116.0 Army
3912.0 14180.0 764.0 112.0 communique
4732.0 14180.0 288.0 92.0 from

2852.0 14340.0 508.0 100.0 Sumatra
3432.0 14348.0 232.0 100.0 said
3736.0 14372.0 68.0 72.0 a
3872.0 14344.0 368.0 96.0 Dutch
4312.0 14348.0 432.0 100.0 column
4816.0 14340.0 212.0 100.0 had

2852.0 14524.0 376.0 96.0 moved
3316.0 14540.0 292.0 76.0 more
3696.0 14516.0 268.0 96.0 than
4056.0 14520.0 116.0 100.0 70
4256.0 14516.0 304.0 96.0 miles
4648.0 14520.0 108.0 96.0 to
4844.0 14516.0 184.0 92.0 the

2848.0 14696.0 264.0 92.0 west
3200.0 14692.0 112.0 100.0 of
3396.0 14688.0 696.0 116.0 Palembang,
4188.0 14688.0 108.0 96.0 in
4384.0 14684.0 184.0 104.0 the
4660.0 14688.0 324.0 100.0 south-

2844.0 14868.0 432.0 100.0 eastern
3340.0 14864.0 240.0 120.0 part
3640.0 14864.0 112.0 96.0 of
3816.0 14864.0 184.0 96.0 the
4064.0 14856.0 380.0 104.0 Island.
4536.0 14852.0 128.0 104.0 In
4728.0 14856.0 248.0 100.0 addi-

2844.0 15040.0 260.0 108.0 tion,
3220.0 15036.0 180.0 100.0 the
3508.0 15036.0 684.0 116.0 commulque
4308.0 15028.0 236.0 100.0 said
4656.0 15032.0 360.0 100.0 Dutch

2848.0 15212.0 368.0 116.0 troops
3332.0 15208.0 208.0 96.0 had
3664.0 15204.0 716.0 116.0 successfully
4504.0 15208.0 516.0 116.0 occupied

2856.0 15384.0 176.0 96.0 the
3104.0 15380.0 336.0 100.0 entire
3508.0 15380.0 288.0 120.0 plain
3868.0 15380.0 416.0 100.0 around
4356.0 15376.0 176.0 100.0 the
4608.0 15376.0 412.0 96.0 coastal

2856.0 15560.0 212.0 116.0 city
3156.0 15560.0 108.0 96.0 of
3348.0 15552.0 476.0 116.0 Padang.

2980.0 15736.0 224.0 88.0 The
3332.0 15736.0 360.0 88.0 Dutch
3824.0 15736.0 172.0 88.0 air
4128.0 15736.0 536.0 84.0 offensive
4804.0 15744.0 228.0 76.0 was

2864.0 15904.0 444.0 116.0 stepped
3368.0 15920.0 144.0 96.0 up
3572.0 15892.0 360.0 120.0 today.
4024.0 15892.0 744.0 120.0 Jogjakarta's
4828.0 15892.0 168.0 100.0 air

2872.0 16072.0 240.0 116.0 port
3208.0 16096.0 220.0 68.0 was
3524.0 16064.0 456.0 104.0 bombed
4080.0 16068.0 120.0 92.0 at
4300.0 16092.0 276.0 72.0 noon
4676.0 16064.0 332.0 116.0 again

2872.0 16212.0 88.0 92.0 A
3048.0 16212.0 412.0 108.0 nightly
3540.0 16208.0 412.0 96.0 curfew
4044.0 16232.0 228.0 68.0 was
4360.0 16212.0 480.0 112.0 Imposed
4932.0 16204.0 108.0 96.0 in

2872.0 16352.0 184.0 100.0 the
3124.0 16348.0 660.0 120.0 Republican
3852.0 16348.0 436.0 116.0 capital,
4348.0 16344.0 364.0 100.0 where
4780.0 16348.0 260.0 112.0 high

2880.0 16488.0 472.0 92.0 officials
3536.0 16488.0 256.0 100.0 took
3988.0 16512.0 140.0 72.0 an
4320.0 16480.0 724.0 116.0 increasingly

2884.0 16652.0 356.0 88.0 grave,
3324.0 16624.0 404.0 112.0 though
3824.0 16624.0 220.0 96.0 still
4128.0 16624.0 564.0 96.0 confident
4776.0 16624.0 268.0 92.0 view

2884.0 16768.0 112.0 96.0 of
3092.0 16768.0 184.0 92.0 the
3372.0 16768.0 472.0 108.0 military
3948.0 16760.0 552.0 100.0 situation.

3004.0 16908.0 340.0 92.0 These
3472.0 16904.0 484.0 96.0 offirlals
4088.0 16908.0 252.0 92.0 took
4472.0 16904.0 184.0 92.0 the
4780.0 16908.0 268.0 92.0 view

2892.0 17044.0 240.0 96.0 that
3212.0 17044.0 352.0 96.0 Dutch
3648.0 17048.0 316.0 112.0 gains
4048.0 17044.0 116.0 92.0 at
4248.0 17040.0 244.0 96.0 first
4576.0 17068.0 280.0 72.0 were
4944.0 17044.0 108.0 96.0 to

2892.0 17188.0 124.0 92.0 be
3124.0 17184.0 500.0 116.0 expected
3736.0 17192.0 108.0 92.0 In
3956.0 17180.0 292.0 96.0 what
4356.0 17184.0 252.0 112.0 they
4716.0 17184.0 336.0 96.0 called

2892.0 17352.0 64.0 68.0 a
3052.0 17324.0 512.0 96.0 "colonial
3660.0 17320.0 316.0 96.0 war."
4116.0 17324.0 220.0 92.0 The
4440.0 17324.0 360.0 96.0 Dutch
4908.0 17324.0 104.0 96.0 in

2892.0 17464.0 328.0 96.0 stated
3280.0 17464.0 228.0 96.0 that
3568.0 17468.0 280.0 92.0 their
3908.0 17464.0 476.0 112.0 military
4436.0 17468.0 624.0 112.0 operations

2896.0 17612.0 576.0 88.0 constitute
3572.0 17604.0 244.0 116.0 only
3920.0 17600.0 400.0 120.0 "police
4420.0 17604.0 424.0 92.0 action"
4944.0 17612.0 116.0 88.0 of

2896.0 17772.0 64.0 72.0 a
3072.0 17748.0 312.0 108.0 "very
3492.0 17744.0 408.0 96.0 limited
4016.0 17744.0 472.0 92.0 nature."

3008.0 17888.0 164.0 96.0 An
3224.0 17888.0 644.0 96.0 Indonesian
3928.0 17884.0 444.0 92.0 bulletin
4424.0 17892.0 636.0 92.0 announced

2896.0 18032.0 184.0 92.0 the
3180.0 18028.0 348.0 96.0 Dutch
3624.0 18028.0 300.0 92.0 drive
4024.0 18048.0 136.0 72.0 on
4256.0 18024.0 564.0 112.0 Cheiibon,
4916.0 18052.0 112.0 68.0 re

2900.0 18172.0 424.0 112.0 porting
3380.0 18164.0 236.0 100.0 that
3668.0 18188.0 64.0 72.0 a
3784.0 18168.0 432.0 88.0 column
4272.0 18164.0 108.0 92.0 of
4420.0 18164.0 112.0 92.0 50
4568.0 18168.0 496.0 92.0 armored

2900.0 18308.0 492.0 100.0 vehicles.
3484.0 18304.0 556.0 112.0 Including
4132.0 18304.0 352.0 116.0 tanks,
4576.0 18328.0 228.0 76.0 was
4892.0 18328.0 144.0 88.0 ap

2908.0 18448.0 584.0 112.0 proaching
3544.0 18448.0 180.0 92.0 the
3780.0 18444.0 356.0 92.0 North
4192.0 18440.0 324.0 96.0 Coast
4572.0 18452.0 240.0 108.0 port
4864.0 18444.0 168.0 96.0 aft

2904.0 18604.0 112.0 72.0 er
3088.0 18584.0 424.0 112.0 driving
3580.0 18584.0 116.0 96.0 B5
3764.0 18584.0 316.0 92.0 miles
4156.0 18588.0 560.0 92.0 northeast
4788.0 18584.0 284.0 96.0 from

2908.0 18724.0 584.0 108.0 Bandoeng
3544.0 18724.0 296.0 92.0 since
3892.0 18720.0 504.0 116.0 Monday.

3020.0 18860.0 228.0 100.0 The
3304.0 18860.0 652.0 100.0 Indonesian
4016.0 18860.0 332.0 116.0 Army
4408.0 18864.0 500.0 112.0 reported
4964.0 18864.0 116.0 96.0 15

2904.0 19000.0 436.0 92.0 attacks
3420.0 19004.0 576.0 108.0 yesterday
4088.0 19024.0 136.0 68.0 on
4316.0 19000.0 536.0 96.0 Cheribon
4944.0 19000.0 128.0 116.0 by

2908.0 19136.0 752.0 116.0 rocket-firing
3756.0 19136.0 368.0 96.0 Dutch
4232.0 19140.0 396.0 112.0 planes.
4852.0 19140.0 228.0 92.0 The

2912.0 19276.0 704.0 104.0 Indonesians
3716.0 19280.0 236.0 92.0 said
4064.0 19276.0 252.0 116.0 they
4420.0 19280.0 244.0 96.0 shot
4768.0 19292.0 308.0 92.0 down

2908.0 19420.0 212.0 92.0 two
3172.0 19416.0 112.0 96.0 of
3340.0 19416.0 172.0 96.0 the
3576.0 19416.0 396.0 120.0 plunes.

3028.0 19552.0 224.0 96.0 The
3344.0 19552.0 244.0 116.0 only
3676.0 19580.0 292.0 68.0 news
4064.0 19552.0 548.0 100.0 favorable
4700.0 19564.0 112.0 96.0 to
4896.0 19560.0 180.0 92.0 the

2916.0 19688.0 664.0 120.0 Republican
3696.0 19696.0 360.0 96.0 forces
4176.0 19672.0 308.0 120.0 lifted
4604.0 19700.0 108.0 92.0 In
4804.0 19700.0 280.0 92.0 their

2912.0 19836.0 752.0 108.0 communique
3716.0 19856.0 96.0 68.0 w
3912.0 19868.0 28.0 60.0 i
3996.0 19832.0 244.0 96.0 that
4292.0 19836.0 252.0 116.0 they
4596.0 19860.0 280.0 68.0 were
4928.0 19844.0 112.0 84.0 at-

2916.0 19972.0 444.0 108.0 tacking
3424.0 19968.0 392.0 96.0 behind
3880.0 19976.0 188.0 88.0 the
4132.0 19972.0 352.0 96.0 Dutch
4548.0 19980.0 116.0 92.0 at
4728.0 19976.0 316.0 92.0 Semu-

2912.0 20128.0 296.0 92.0 rang,
3272.0 20112.0 344.0 96.0 North
3684.0 20112.0 444.0 92.0 Central
4192.0 20108.0 276.0 96.0 Java
4532.0 20120.0 272.0 112.0 port,
4868.0 20116.0 212.0 92.0 and

2916.0 20248.0 208.0 92.0 had
3200.0 20248.0 636.0 92.0 "succeeded
3912.0 20252.0 112.0 88.0 in
4096.0 20252.0 444.0 108.0 nearlng
4608.0 20256.0 184.0 92.0 the
4864.0 20256.0 176.0 92.0 out-

2912.0 20384.0 336.0 96.0 skirts
3336.0 20384.0 116.0 96.0 of
3544.0 20392.0 180.0 92.0 the
3820.0 20380.0 388.0 104.0 town."
4300.0 20392.0 600.0 112.0 Semarang
4996.0 20400.0 84.0 92.0 is

2908.0 20528.0 184.0 96.0 the
3148.0 20524.0 200.0 116.0 key
3400.0 20524.0 356.0 96.0 Dutch
3820.0 20528.0 476.0 112.0 military
4356.0 20528.0 248.0 92.0 base
4664.0 20536.0 100.0 88.0 in
4824.0 20532.0 216.0 92.0 Cen-

2912.0 20664.0 212.0 92.0 tral
3184.0 20660.0 276.0 96.0 Java
3520.0 20664.0 176.0 96.0 for
3752.0 20664.0 292.0 96.0 their
4108.0 20668.0 296.0 96.0 drive
4464.0 20668.0 624.0 96.0 southward

2912.0 20820.0 372.0 72.0 across
3336.0 20800.0 180.0 96.0 the
3576.0 20800.0 352.0 100.0 island
3988.0 20804.0 112.0 96.0 to
4152.0 20800.0 684.0 116.0 Jogjakarta,
4892.0 20804.0 160.0 96.0 Re-

2916.0 20932.0 496.0 124.0 publican
3488.0 20940.0 436.0 112.0 capital.

3032.0 21076.0 92.0 96.0 A
3184.0 21100.0 224.0 72.0 new
3464.0 21072.0 356.0 100.0 Dutch
3880.0 21080.0 684.0 112.0 amphibious
4612.0 21084.0 472.0 116.0 landing,

2920.0 21240.0 136.0 68.0 on
3148.0 21216.0 180.0 96.0 the
3420.0 21212.0 332.0 100.0 South
3852.0 21216.0 288.0 96.0 Java
4224.0 21220.0 324.0 96.0 Coast
4640.0 21236.0 112.0 84.0 at
4848.0 21224.0 204.0 96.0 Loe-

2920.0 21356.0 544.0 112.0 madjang,
3544.0 21380.0 136.0 72.0 on
3768.0 21356.0 188.0 96.0 the
4040.0 21360.0 304.0 92.0 route
4428.0 21364.0 112.0 92.0 to
4624.0 21356.0 468.0 116.0 Malang,

2916.0 21512.0 224.0 76.0 was
3208.0 21496.0 484.0 108.0 reported
3764.0 21488.0 136.0 120.0 by
3968.0 21520.0 64.0 72.0 a
4100.0 21492.0 252.0 116.0 high
4420.0 21500.0 672.0 116.0 Republican

2924.0 21632.0 476.0 112.0 military
3456.0 21656.0 376.0 72.0 source
3900.0 21636.0 108.0 96.0 to
4072.0 21632.0 272.0 100.0 have
4404.0 21636.0 332.0 96.0 taken
4796.0 21640.0 300.0 112.0 place

2920.0 21768.0 356.0 116.0 today.
3400.0 21764.0 560.0 116.0 However,
4048.0 21772.0 224.0 96.0 this
4352.0 21776.0 440.0 116.0 landing
4880.0 21800.0 220.0 72.0 was

2924.0 21912.0 184.0 88.0 not
3284.0 21912.0 732.0 112.0 immediately
4192.0 21912.0 596.0 100.0 confirmed
4964.0 21912.0 132.0 120.0 by

2924.0 22044.0 348.0 96.0 either
3368.0 22048.0 668.0 116.0 Republican
4144.0 22072.0 120.0 72.0 or
4360.0 22052.0 360.0 100.0 Dutch
2920.0 22076.0 2136.0 224.0 communiques.

4020.0 22852.0 296.0 132.0 -all
4376.0 22852.0 232.0 140.0 the
4672.0 22856.0 648.0 144.0 different
5388.0 22864.0 504.0 140.0 brands
5952.0 22908.0 248.0 124.0 you
6264.0 22884.0 580.0 144.0 smoked

3948.0 23096.0 632.0 140.0 wartime
4664.0 23104.0 720.0 164.0 cigarette
5468.0 23116.0 812.0 164.0 shortage?
6364.0 23128.0 480.0 148.0 That's

3936.0 23372.0 224.0 128.0 iny
4196.0 23344.0 480.0 160.0 people
4708.0 23348.0 992.0 148.0 discovered-f
5708.0 23400.0 284.0 100.0 rom
6028.0 23376.0 812.0 156.0 experience

3684.0 23576.0 532.0 144.0 Camels
4292.0 23588.0 272.0 140.0 suit
4616.0 23596.0 372.0 136.0 them

4080.0 23856.0 20.0 108.0 :
4156.0 23836.0 596.0 140.0 teacher.
4816.0 23840.0 452.0 144.0 That's
5332.0 23848.0 520.0 164.0 why...

4320.0 24976.0 696.0 344.0 am

4160.0 26364.0 32.0 112.0 i
4396.0 26312.0 164.0 184.0 1L

4456.0 27228.0 168.0 72.0 sew
5048.0 27212.0 96.0 92.0 T.

5240.0 1064.0 648.0 376.0 YEGG
6024.0 1064.0 1168.0 376.0 SUSPECT

5100.0 1748.0 656.0 264.0 Gives
5900.0 1748.0 952.0 256.0 Himself
6992.0 1748.0 348.0 320.0 Up

5112.0 2404.0 472.0 204.0 After
5660.0 2400.0 848.0 264.0 Learning
6576.0 2400.0 404.0 268.0 Hoy,
7080.0 2408.0 196.0 196.0 15

5244.0 2732.0 792.0 272.0 "Spills"
6116.0 2728.0 1064.0 260.0 burglaries.

5092.0 3224.0 648.0 192.0 Juvenife
5912.0 3244.0 444.0 204.0 Helps
6528.0 3252.0 204.0 160.0 To
6904.0 3248.0 444.0 160.0 Crack

5168.0 3492.0 304.0 160.0 One
5552.0 3488.0 376.0 172.0 Safe,
6008.0 3484.0 504.0 160.0 Batter
6592.0 3480.0 668.0 184.0 Another,

5576.0 3724.0 224.0 160.0 He
5876.0 3724.0 376.0 156.0 Tells
6328.0 3720.0 516.0 168.0 Police.

5228.0 4000.0 468.0 92.0 Charles
5752.0 3996.0 164.0 104.0 W.
5976.0 3996.0 428.0 128.0 Reece,,
6424.0 3992.0 152.0 112.0 20,
6644.0 3992.0 240.0 96.0 1442
6940.0 3996.0 408.0 116.0 Spring

5100.0 4168.0 336.0 96.0 Lawn
5540.0 4168.0 300.0 112.0 Ave.,
5936.0 4160.0 736.0 104.0 surrendered
6776.0 4160.0 120.0 96.0 to
6992.0 4164.0 352.0 120.0 police

5108.0 4344.0 212.0 92.0 last
5392.0 4336.0 324.0 112.0 night
5784.0 4332.0 300.0 104.0 after
6144.0 4332.0 512.0 116.0 learning
6724.0 4332.0 252.0 96.0 that
7044.0 4356.0 72.0 72.0 a
5100.0 4328.0 2244.0 300.0 13-year-old

5700.0 4504.0 212.0 120.0 boy
6008.0 4500.0 504.0 96.0 arrested
6620.0 4496.0 404.0 100.0 earlier
7120.0 4500.0 220.0 100.0 had

5104.0 4676.0 632.0 116.0 Implicated
5808.0 4676.0 228.0 100.0 him
6096.0 4668.0 112.0 100.0 In
6276.0 4672.0 384.0 96.0 recent
6716.0 4664.0 624.0 120.0 burglaries

5100.0 4848.0 216.0 96.0 and
5392.0 4840.0 848.0 116.0 safecrackings
6312.0 4844.0 112.0 96.0 In
6500.0 4836.0 840.0 100.0 Cumminsville

5100.0 5020.0 220.0 96.0 and
5380.0 5016.0 324.0 100.0 Price
5760.0 5016.0 260.0 96.0 Hill.

5216.0 5188.0 232.0 96.0 The
5580.0 5184.0 492.0 120.0 juvenile
6208.0 5180.0 588.0 100.0 confessed
6940.0 5176.0 392.0 120.0 taking

5100.0 5360.0 252.0 116.0 part
5404.0 5360.0 108.0 96.0 in
5568.0 5356.0 188.0 100.0 the
5808.0 5356.0 400.0 92.0 crimes
6260.0 5352.0 220.0 100.0 and
6540.0 5352.0 260.0 96.0 then
6856.0 5352.0 472.0 96.0 accused

5100.0 5532.0 348.0 96.0 Reece
5552.0 5524.0 120.0 96.0 of
5772.0 5524.0 444.0 120.0 helping
6324.0 5524.0 260.0 112.0 him,
6692.0 5520.0 632.0 96.0 Patrolmen

5100.0 5700.0 268.0 96.0 Paul
5460.0 5696.0 364.0 100.0 Walte
5912.0 5692.0 216.0 100.0 and
6220.0 5692.0 468.0 100.0 Charles
6776.0 5688.0 552.0 116.0 Rulledge

5096.0 5864.0 536.0 116.0 reported.

5204.0 6004.0 232.0 100.0 The
5564.0 6012.0 224.0 92.0 two
5908.0 6000.0 464.0 100.0 officers
6504.0 6000.0 504.0 96.0 arrested
7128.0 6000.0 192.0 92.0 the

5080.0 6164.0 492.0 92.0 younger
5688.0 6140.0 212.0 112.0 boy
6012.0 6140.0 296.0 96.0 after
6424.0 6136.0 424.0 100.0 Robert
6964.0 6136.0 308.0 96.0 Stlne-

5076.0 6280.0 312.0 116.0 buck,
5472.0 6276.0 144.0 112.0 19,
5708.0 6276.0 240.0 96.0 4031
6032.0 6276.0 580.0 100.0 Hamilton
6700.0 6276.0 296.0 108.0 Ave.,
7076.0 6296.0 232.0 68.0 was

5072.0 6420.0 336.0 92.0 taken
5540.0 6416.0 236.0 96.0 Into
5904.0 6416.0 464.0 116.0 cuHtody
6496.0 6416.0 324.0 92.0 when
6956.0 6412.0 344.0 96.0 found

5072.0 6556.0 516.0 112.0 loitering
5676.0 6572.0 276.0 76.0 near
6032.0 6572.0 72.0 76.0 a
6188.0 6552.0 360.0 100.0 stolen
6636.0 6548.0 652.0 100.0 automobilt

5072.0 6696.0 112.0 96.0 at
5252.0 6692.0 188.0 100.0 Mt
5504.0 6696.0 376.0 96.0 Storm
5940.0 6692.0 332.0 96.0 Park.

5192.0 6832.0 608.0 96.0 Stlnebuck
5928.0 6824.0 540.0 100.0 admitted
6596.0 6824.0 396.0 116.0 taking
7120.0 6824.0 188.0 100.0 the

5068.0 6968.0 696.0 116.0 automobile,
5868.0 6972.0 188.0 92.0 the
6148.0 6972.0 468.0 100.0 officers
6712.0 6968.0 272.0 112.0 said,
7084.0 6964.0 216.0 96.0 and

5068.0 7120.0 264.0 92.0 then
5400.0 7112.0 472.0 104.0 accused
5940.0 7116.0 184.0 96.0 the
6192.0 7108.0 656.0 120.0 15-year-old
6912.0 7116.0 212.0 108.0 boy
7184.0 7108.0 120.0 92.0 of

5072.0 7260.0 392.0 112.0 taking
5576.0 7260.0 256.0 112.0 part
5944.0 7256.0 112.0 100.0 In
6168.0 7260.0 192.0 96.0 the
6468.0 7248.0 840.0 104.0 Cumminsville

5072.0 7396.0 216.0 104.0 and
5352.0 7400.0 320.0 96.0 Price
5732.0 7400.0 232.0 104.0 Hill
6024.0 7400.0 432.0 96.0 crimes.

5372.0 7572.0 452.0 104.0 TEIXS
5880.0 7580.0 192.0 96.0 OF
6132.0 7568.0 880.0 104.0 ROBBERIES.

5192.0 7744.0 232.0 100.0 The
5500.0 7752.0 516.0 116.0 juvenile,
6092.0 7752.0 348.0 116.0 police
6516.0 7752.0 544.0 116.0 reported,
7140.0 7744.0 132.0 96.0 de-

5072.0 7892.0 368.0 96.0 clared
5556.0 7892.0 248.0 96.0 that
5920.0 7888.0 136.0 96.0 he
6160.0 7892.0 220.0 100.0 and
6496.0 7892.0 360.0 100.0 Reece
6968.0 7888.0 344.0 96.0 broke

5076.0 8036.0 228.0 92.0 into
5368.0 8036.0 188.0 92.0 the
5620.0 8032.0 568.0 96.0 Domestic
6252.0 8036.0 264.0 100.0 Coal
6584.0 8040.0 216.0 92.0 Co-
6864.0 8036.0 448.0 96.0 Powers

5052.0 8184.0 148.0 96.0 St
5316.0 8184.0 220.0 100.0 and
5656.0 8184.0 608.0 108.0 Baltimore
6384.0 8184.0 92.0 92.0 &
6596.0 8184.0 284.0 100.0 Ohio
6996.0 8188.0 256.0 100.0 Rail

5068.0 8312.0 260.0 96.0 road
5388.0 8324.0 536.0 108.0 crossing,
5984.0 8320.0 220.0 92.0 and
6276.0 8344.0 64.0 72.0 a
6400.0 8320.0 428.0 96.0 service
6884.0 8324.0 416.0 92.0 station

5072.0 8460.0 116.0 92.0 at
5256.0 8456.0 232.0 96.0 1001
5560.0 8452.0 456.0 104.0 Ludlow
6088.0 8460.0 260.0 96.0 Ave.
6420.0 8460.0 388.0 100.0 owned
6884.0 8456.0 144.0 124.0 by
7096.0 8456.0 172.0 100.0 Ed-

5072.0 8596.0 304.0 100.0 ward
5496.0 8600.0 424.0 100.0 Eurrls.
6076.0 8600.0 292.0 100.0 Both
6488.0 8608.0 412.0 100.0 crimes
7024.0 8628.0 288.0 80.0 were

5072.0 8740.0 644.0 104.0 committed
5784.0 8740.0 308.0 116.0 early
6152.0 8748.0 548.0 116.0 Tuesday.

5192.0 8888.0 100.0 100.0 A
5388.0 8884.0 276.0 100.0 total
5752.0 8892.0 120.0 92.0 of
5968.0 8888.0 48.0 108.0 J
6032.0 8888.0 112.0 92.0 30
6240.0 8916.0 236.0 72.0 was
6580.0 8892.0 340.0 100.0 taken
7024.0 8892.0 292.0 100.0 from

5080.0 9024.0 180.0 96.0 the
5320.0 9028.0 240.0 92.0 coal
5620.0 9052.0 552.0 92.0 company
6232.0 9036.0 276.0 96.0 safe.
6604.0 9036.0 236.0 96.0 The
6896.0 9040.0 244.0 100.0 safe
7204.0 9040.0 108.0 96.0 In

5068.0 9172.0 184.0 92.0 the
5304.0 9168.0 428.0 96.0 service
5784.0 9176.0 416.0 100.0 station
6260.0 9200.0 232.0 72.0 was
6544.0 9172.0 512.0 108.0 battered
7112.0 9180.0 196.0 100.0 but

5068.0 9308.0 220.0 96.0 still
5344.0 9308.0 392.0 100.0 locked
5788.0 9316.0 320.0 92.0 when
6164.0 9320.0 352.0 108.0 police
6568.0 9324.0 580.0 92.0 examined
7196.0 9324.0 112.0 96.0 It.

5188.0 9452.0 368.0 100.0 Reece
5636.0 9456.0 548.0 104.0 admitted
6268.0 9468.0 244.0 96.0 also
6596.0 9472.0 708.0 112.0 committing

5056.0 9596.0 184.0 92.0 the
5316.0 9600.0 220.0 96.0 two
5616.0 9608.0 556.0 92.0 robberies
6248.0 9612.0 224.0 96.0 and
6552.0 9612.0 488.0 124.0 stealing
7112.0 9620.0 188.0 96.0 the

5052.0 9740.0 700.0 112.0 automobile,
5904.0 9752.0 344.0 112.0 police
6404.0 9756.0 552.0 112.0 reported,
7108.0 9756.0 192.0 100.0 but

5068.0 9872.0 240.0 96.0 said
5388.0 9876.0 132.0 96.0 he
5596.0 9900.0 232.0 72.0 was
5904.0 9880.0 524.0 104.0 Innocent
6496.0 9888.0 128.0 92.0 of
6692.0 9912.0 220.0 88.0 any
6984.0 9892.0 320.0 96.0 other

5076.0 10020.0 400.0 88.0 crimes
5620.0 10016.0 536.0 112.0 although
6308.0 10020.0 612.0 96.0 Stlnebuck
7068.0 10028.0 240.0 96.0 said

5080.0 10148.0 356.0 100.0 Reece
5524.0 10152.0 216.0 96.0 had
5828.0 10156.0 488.0 112.0 bragged
6400.0 10164.0 124.0 88.0 of
6600.0 10168.0 708.0 100.0 committing

5072.0 10292.0 324.0 96.0 other
5492.0 10296.0 560.0 96.0 robberies
6152.0 10300.0 108.0 96.0 in
6356.0 10300.0 636.0 104.0 Westwood
7088.0 10308.0 216.0 92.0 and

5080.0 10432.0 492.0 104.0 Cheviot,

5204.0 10572.0 604.0 96.0 Stineburk
5900.0 10572.0 388.0 100.0 denied
6376.0 10576.0 404.0 120.0 taking
6864.0 10588.0 256.0 112.0 part
7204.0 10584.0 108.0 92.0 in

5084.0 10732.0 216.0 92.0 any
5388.0 10712.0 120.0 92.0 of
5592.0 10716.0 188.0 96.0 the
5864.0 10716.0 404.0 92.0 crimes
6352.0 10720.0 328.0 96.0 other
6768.0 10724.0 272.0 96.0 than
7128.0 10724.0 188.0 96.0 the

5072.0 10868.0 192.0 72.0 car
5328.0 10848.0 320.0 112.0 theft,
5712.0 10852.0 200.0 92.0 but
5972.0 10852.0 540.0 100.0 admitted
6580.0 10860.0 248.0 100.0 that
6896.0 10860.0 132.0 92.0 he
7096.0 10856.0 220.0 100.0 and

5084.0 10988.0 360.0 100.0 Reece
5548.0 10992.0 220.0 96.0 had
5880.0 10996.0 472.0 116.0 planned
6456.0 10996.0 436.0 100.0 several
6996.0 11000.0 284.0 108.0 burg-

5084.0 11128.0 332.0 100.0 laries
5472.0 11132.0 308.0 116.0 early
5844.0 11136.0 588.0 116.0 yesterday
6496.0 11132.0 108.0 96.0 In
6676.0 11136.0 320.0 96.0 Price
7056.0 11136.0 260.0 104.0 Hill,

5304.0 11292.0 596.0 100.0 CACHED
6000.0 11296.0 464.0 96.0 TOOLS
6564.0 11300.0 536.0 104.0 FOUND.

5200.0 11468.0 360.0 108.0 When
5684.0 11476.0 532.0 116.0 arrested,
6340.0 11480.0 616.0 96.0 Stlnebuck
7076.0 11476.0 236.0 100.0 said

5084.0 11612.0 132.0 96.0 he
5268.0 11636.0 232.0 72.0 was
5552.0 11620.0 460.0 108.0 waiting
6064.0 11616.0 172.0 96.0 for
6288.0 11616.0 364.0 96.0 Reece
6704.0 11624.0 120.0 88.0 to
6876.0 11640.0 444.0 88.0 emerge

5092.0 11756.0 292.0 96.0 from
5468.0 11756.0 196.0 100.0 Mt.
5752.0 11756.0 368.0 96.0 Storm
6212.0 11756.0 304.0 96.0 Park
6604.0 11756.0 368.0 96.0 where
7060.0 11756.0 264.0 112.0 they

5096.0 11896.0 216.0 92.0 had
5408.0 11896.0 420.0 96.0 cached
5924.0 11892.0 296.0 100.0 their
6320.0 11896.0 316.0 96.0 tools.

5188.0 12032.0 844.0 112.0 Investigating,
6080.0 12036.0 180.0 92.0 the
6304.0 12036.0 628.0 112.0 patrolmen
6976.0 12028.0 344.0 104.0 found

5092.0 12204.0 68.0 68.0 a
5228.0 12172.0 372.0 116.0 sledge
5680.0 12176.0 528.0 112.0 hammer,
6284.0 12200.0 144.0 72.0 an
6508.0 12172.0 240.0 100.0 Iron
6828.0 12172.0 204.0 100.0 bar
7100.0 12176.0 216.0 92.0 and

5276.0 12316.0 376.0 100.0 chisel.
5836.0 12316.0 304.0 112.0 They
6252.0 12316.0 244.0 96.0 said
6624.0 12316.0 696.0 100.0 Stlnebuck's

5096.0 12460.0 656.0 112.0 companion
5888.0 12460.0 556.0 116.0 evidently
6568.0 12484.0 232.0 68.0 was
6932.0 12460.0 348.0 116.0 fright

5100.0 12604.0 272.0 92.0 ened
5428.0 12624.0 316.0 92.0 away
5800.0 12604.0 320.0 96.0 when
6184.0 12604.0 136.0 92.0 he
6380.0 12628.0 232.0 68.0 saw
6672.0 12604.0 304.0 92.0 them
7040.0 12604.0 236.0 96.0 talk

5100.0 12744.0 180.0 108.0 Ing
5352.0 12748.0 112.0 92.0 to
5536.0 12748.0 188.0 92.0 the
5796.0 12744.0 368.0 120.0 youth.
6300.0 12740.0 360.0 96.0 Reece
6736.0 12744.0 284.0 96.0 later
7096.0 12744.0 220.0 96.0 told

5100.0 12884.0 456.0 100.0 officers
5624.0 12888.0 252.0 100.0 that
5948.0 12888.0 128.0 92.0 he
6148.0 12888.0 216.0 96.0 had
6436.0 12888.0 224.0 96.0 fled
6732.0 12888.0 296.0 96.0 after
7100.0 12912.0 176.0 72.0 see-

5100.0 13032.0 180.0 108.0 ing
5372.0 13032.0 304.0 96.0 them
5776.0 13032.0 260.0 96.0 with
6136.0 13028.0 636.0 96.0 Stlnebuck.

5220.0 13168.0 232.0 100.0 The
5504.0 13172.0 360.0 100.0 stolen
5924.0 13168.0 672.0 100.0 automobile
6648.0 13196.0 228.0 72.0 was
6936.0 13168.0 340.0 100.0 identi

5100.0 13312.0 220.0 96.0 fied
5408.0 13340.0 124.0 72.0 as
5616.0 13316.0 188.0 96.0 the
5892.0 13316.0 516.0 116.0 property
6496.0 13308.0 120.0 96.0 of
6704.0 13312.0 612.0 96.0 Katherlne

5096.0 13452.0 540.0 120.0 Crumley,
5740.0 13452.0 180.0 100.0 707
6016.0 13452.0 452.0 100.0 Delmar
6568.0 13452.0 188.0 116.0 PI,,
6856.0 13452.0 424.0 120.0 Coving

5108.0 13600.0 212.0 104.0 ton.
5460.0 13596.0 100.0 100.0 It
5628.0 13620.0 232.0 72.0 was
5932.0 13596.0 332.0 96.0 taken
6340.0 13592.0 292.0 100.0 from
6708.0 13616.0 68.0 76.0 ft
6848.0 13592.0 472.0 116.0 perking

5092.0 13744.0 152.0 96.0 lot
5336.0 13740.0 116.0 96.0 at
5544.0 13736.0 408.0 120.0 Spring
6044.0 13740.0 352.0 100.0 Grove
6496.0 13736.0 220.0 96.0 and
6820.0 13736.0 488.0 100.0 Mitchell

5092.0 13880.0 312.0 96.0 Aves.

5104.0 14144.0 432.0 232.0 Taft
5624.0 14148.0 548.0 228.0 Seeks
6252.0 14152.0 692.0 280.0 Report

5324.0 14452.0 280.0 232.0 On
5676.0 14448.0 924.0 236.0 Palestine
6672.0 14452.0 664.0 232.0 Arrest

5220.0 14756.0 632.0 104.0 Cincinnati
5988.0 14760.0 624.0 112.0 legislators
6736.0 14764.0 596.0 108.0 yesterday

5092.0 14896.0 336.0 96.0 asked
5520.0 14896.0 184.0 96.0 the
5796.0 14900.0 300.0 92.0 State
6192.0 14896.0 736.0 116.0 Department
7020.0 14900.0 300.0 92.0 what

5100.0 15036.0 292.0 108.0 steps
5480.0 15036.0 320.0 96.0 could
5892.0 15036.0 128.0 96.0 bo
6112.0 15032.0 332.0 96.0 taken
6540.0 15040.0 116.0 88.0 to
6744.0 15032.0 176.0 96.0 aid
7012.0 15036.0 312.0 112.0 Capt.

5096.0 15168.0 492.0 96.0 Bernard
5712.0 15168.0 412.0 108.0 Marks,
6232.0 15172.0 188.0 96.0 the
6536.0 15168.0 784.0 96.0 Clncinnatlnn

5092.0 15308.0 240.0 92.0 who
5408.0 15332.0 224.0 72.0 was
5704.0 15304.0 356.0 96.0 seized
6136.0 15312.0 132.0 108.0 by
6344.0 15308.0 184.0 96.0 the
6612.0 15304.0 416.0 96.0 British
7104.0 15304.0 212.0 96.0 last

5104.0 15440.0 296.0 92.0 week
5476.0 15444.0 296.0 96.0 after
5856.0 15452.0 132.0 92.0 he
6072.0 15440.0 620.0 120.0 attempted
6776.0 15440.0 112.0 92.0 to
6972.0 15440.0 204.0 96.0 sail
7260.0 15464.0 68.0 68.0 a

5096.0 15580.0 336.0 96.0 vessel
5584.0 15580.0 516.0 108.0 carrying
6244.0 15580.0 416.0 96.0 Jewish
6812.0 15576.0 508.0 112.0 refugees

5100.0 15720.0 284.0 92.0 from
5460.0 15716.0 424.0 100.0 France
5960.0 15720.0 116.0 92.0 to
6148.0 15712.0 592.0 96.0 rnlestine.

5224.0 15852.0 256.0 100.0 Mrs.
5552.0 15852.0 384.0 120.0 Henry
6012.0 15852.0 404.0 104.0 Murks,
6496.0 15848.0 248.0 96.0 3316
6816.0 15848.0 516.0 116.0 Reading

5112.0 15988.0 224.0 108.0 Rd.,
5400.0 16020.0 68.0 72.0 a
5536.0 15996.0 324.0 96.0 sister
5928.0 15988.0 120.0 100.0 of
6112.0 15996.0 180.0 88.0 the
6360.0 15988.0 648.0 120.0 25-year-old
7076.0 16008.0 212.0 92.0 cap-

5112.0 16124.0 260.0 112.0 tain,
5444.0 16124.0 236.0 100.0 said
5760.0 16128.0 240.0 100.0 Sen.
6084.0 16124.0 416.0 96.0 Robert
6568.0 16124.0 128.0 96.0 A.
6768.0 16120.0 272.0 100.0 Taft
7112.0 16124.0 216.0 92.0 and

5112.0 16264.0 316.0 108.0 Reps.
5512.0 16260.0 460.0 92.0 Charles
6056.0 16260.0 128.0 100.0 H.
6280.0 16260.0 388.0 92.0 Elston
6764.0 16260.0 216.0 92.0 and
7072.0 16256.0 212.0 96.0 Wil

5120.0 16404.0 248.0 88.0 liam
5440.0 16396.0 120.0 100.0 E.
5628.0 16400.0 284.0 92.0 Hess
5976.0 16400.0 440.0 108.0 queried
6492.0 16400.0 188.0 92.0 the
6752.0 16396.0 316.0 96.0 State
7140.0 16396.0 160.0 96.0 De

5120.0 16536.0 552.0 112.0 partment
5808.0 16532.0 288.0 100.0 after
6224.0 16540.0 188.0 92.0 she
6548.0 16532.0 224.0 92.0 and
6908.0 16532.0 424.0 96.0 several

5120.0 16672.0 264.0 92.0 local
5476.0 16672.0 412.0 96.0 Jewish
5984.0 16692.0 400.0 88.0 groups
6476.0 16668.0 224.0 96.0 had
6796.0 16668.0 536.0 116.0 appealed

5120.0 16812.0 108.0 88.0 to
5312.0 16808.0 304.0 92.0 them
5708.0 16812.0 104.0 92.0 In
5904.0 16808.0 368.0 92.0 behalf
6360.0 16808.0 116.0 88.0 of
6564.0 16804.0 200.0 96.0 her
6852.0 16804.0 480.0 92.0 brother.

5236.0 16944.0 228.0 92.0 The
5536.0 16948.0 416.0 96.0 British
6024.0 16944.0 272.0 92.0 have
6360.0 16936.0 488.0 112.0 charged
6920.0 16936.0 408.0 104.0 Marks,

5128.0 17108.0 60.0 64.0 a
5244.0 17104.0 192.0 68.0 son
5500.0 17080.0 116.0 96.0 of
5680.0 17080.0 192.0 92.0 Mr.
5912.0 17080.0 212.0 92.0 and
6196.0 17084.0 244.0 88.0 Mrs.
6488.0 17076.0 216.0 92.0 Hai
6736.0 17100.0 120.0 88.0 ry
6924.0 17072.0 412.0 108.0 Marks,

5128.0 17216.0 232.0 92.0 1010
5428.0 17216.0 568.0 92.0 Lusltania
6060.0 17216.0 288.0 104.0 Ave.,
6392.0 17212.0 316.0 96.0 Price
6776.0 17212.0 252.0 104.0 Hill,
7072.0 17212.0 264.0 92.0 with

5120.0 17356.0 664.0 112.0 attempting
5916.0 17352.0 468.0 112.0 Illegally
6516.0 17352.0 116.0 92.0 to
6768.0 17352.0 560.0 104.0 transport

5128.0 17512.0 288.0 72.0 more
5492.0 17492.0 272.0 96.0 than
5840.0 17488.0 268.0 104.0 4,000
6140.0 17492.0 288.0 92.0 Jews
6476.0 17488.0 228.0 88.0 Into
6748.0 17488.0 584.0 88.0 Palestine.

5136.0 17816.0 776.0 180.0 Carothers
5984.0 17812.0 304.0 216.0 Cap
6360.0 17812.0 600.0 208.0 Found;

5324.0 18052.0 540.0 184.0 Search
6028.0 18056.0 140.0 176.0 Is
6336.0 18052.0 820.0 184.0 Continued

5560.0 18296.0 292.0 184.0 For
5932.0 18296.0 796.0 212.0 Drowning
6820.0 18296.0 528.0 180.0 Victim

5148.0 18560.0 356.0 64.0 arsriAi
5560.0 18560.0 436.0 64.0 diri'atch
6052.0 18560.0 112.0 60.0 to
6224.0 18560.0 180.0 64.0 ths
6460.0 18560.0 472.0 72.0 cnqpirbs.

5268.0 18672.0 576.0 120.0 Petoskey,
5948.0 18672.0 360.0 120.0 Mich.,
6408.0 18676.0 268.0 120.0 July
6776.0 18676.0 584.0 100.0 23-Coaat

5144.0 18812.0 372.0 100.0 Guard
5596.0 18816.0 320.0 96.0 boats
5988.0 18820.0 216.0 92.0 and
6280.0 18840.0 380.0 72.0 scores
6728.0 18820.0 124.0 92.0 of
6924.0 18824.0 428.0 116.0 private

5148.0 18956.0 292.0 96.0 craft
5512.0 18960.0 588.0 92.0 continued
6184.0 18960.0 288.0 92.0 their
6548.0 18960.0 396.0 96.0 search
7024.0 18968.0 332.0 112.0 today

5152.0 19096.0 172.0 96.0 for
5388.0 19100.0 184.0 92.0 the
5636.0 19100.0 288.0 116.0 body
5984.0 19100.0 120.0 92.0 of
6164.0 19100.0 488.0 96.0 Thomas
6708.0 19100.0 128.0 96.0 A.
6900.0 19104.0 412.0 96.0 Caroth-

5156.0 19260.0 168.0 68.0 ers
5408.0 19236.0 108.0 100.0 in
5600.0 19244.0 188.0 92.0 the
5872.0 19240.0 268.0 116.0 docp
6216.0 19248.0 412.0 88.0 waters
6704.0 19240.0 120.0 96.0 of
6904.0 19248.0 460.0 112.0 near-by

5152.0 19376.0 488.0 96.0 Walloon
5740.0 19380.0 296.0 96.0 Lake
6136.0 19384.0 196.0 96.0 but
6424.0 19388.0 436.0 88.0 natives
6956.0 19388.0 120.0 96.0 of
7168.0 19388.0 188.0 96.0 the

5156.0 19520.0 344.0 96.0 North
5564.0 19524.0 556.0 112.0 Michigan
6180.0 19532.0 356.0 88.0 resort
6600.0 19528.0 468.0 112.0 country
7128.0 19552.0 188.0 92.0 pre-

5160.0 19660.0 352.0 96.0 dicted
5576.0 19668.0 248.0 92.0 that
5880.0 19672.0 184.0 88.0 the
6124.0 19664.0 280.0 120.0 body
6460.0 19664.0 360.0 96.0 would
6884.0 19672.0 192.0 92.0 not
7132.0 19696.0 192.0 68.0 sur-

5164.0 19796.0 236.0 96.0 face
5484.0 19808.0 272.0 88.0 until
5852.0 19808.0 580.0 88.0 tomorrow
6516.0 19832.0 128.0 68.0 or
6728.0 19808.0 436.0 116.0 Friday.

5276.0 19940.0 620.0 112.0 Carothers,
6012.0 19972.0 68.0 68.0 a
6188.0 19948.0 636.0 116.0 prominent
6932.0 19952.0 388.0 96.0 Cincin-

5164.0 20088.0 224.0 88.0 nati
5448.0 20084.0 792.0 108.0 businessman,
6296.0 20112.0 232.0 72.0 was
6584.0 20092.0 432.0 96.0 thrown
7072.0 20092.0 292.0 96.0 from

5164.0 20224.0 164.0 92.0 his
5408.0 20228.0 324.0 112.0 speed
5820.0 20228.0 256.0 92.0 boat
6156.0 20232.0 404.0 108.0 during
6644.0 20256.0 64.0 72.0 a
6788.0 20236.0 348.0 96.0 storm
7220.0 20260.0 136.0 72.0 on

5164.0 20364.0 484.0 96.0 Walloon
5752.0 20364.0 300.0 96.0 Lake
6156.0 20368.0 480.0 120.0 Monday
6740.0 20372.0 624.0 100.0 afternoon.

5164.0 20504.0 196.0 96.0 Ilia
5472.0 20508.0 280.0 108.0 boat,
5868.0 20512.0 220.0 92.0 still
6196.0 20512.0 352.0 92.0 under
6660.0 20512.0 200.0 96.0 full
6972.0 20540.0 392.0 88.0 power,

5164.0 20648.0 196.0 88.0 but
5500.0 20648.0 652.0 108.0 unmanned,
6292.0 20652.0 468.0 96.0 crashed
6904.0 20680.0 140.0 72.0 on
7184.0 20660.0 188.0 92.0 the

5168.0 20784.0 328.0 116.0 rocky
5580.0 20788.0 320.0 96.0 shore
5980.0 20792.0 116.0 92.0 of
6176.0 20792.0 180.0 96.0 the
6444.0 20792.0 280.0 100.0 lake.

5288.0 20916.0 268.0 108.0 Late
5656.0 20932.0 216.0 92.0 this
5972.0 20932.0 584.0 100.0 afternoon
6660.0 20936.0 188.0 92.0 the
6944.0 20936.0 384.0 100.0 Cincin

5156.0 21084.0 224.0 92.0 nati
5448.0 21084.0 344.0 92.0 man's
5860.0 21084.0 524.0 116.0 yachting
6448.0 21108.0 208.0 92.0 cap
6724.0 21108.0 228.0 72.0 was
7020.0 21092.0 340.0 96.0 found

5176.0 21208.0 460.0 108.0 floating
5712.0 21212.0 108.0 96.0 In
5908.0 21212.0 180.0 92.0 the
6168.0 21212.0 244.0 100.0 lake
6492.0 21216.0 220.0 96.0 and
6796.0 21224.0 580.0 92.0 searchers

5168.0 21348.0 740.0 116.0 Immediately
6012.0 21356.0 788.0 96.0 concentrated
6900.0 21364.0 120.0 92.0 at
7124.0 21364.0 248.0 96.0 that

5172.0 21488.0 492.0 96.0 location.
5784.0 21492.0 560.0 112.0 However,
6460.0 21500.0 496.0 92.0 Walloon
7072.0 21500.0 304.0 96.0 Lake

5180.0 21632.0 84.0 88.0 is
5328.0 21632.0 376.0 112.0 nearly
5768.0 21636.0 176.0 92.0 100
6012.0 21636.0 220.0 112.0 feet
6296.0 21640.0 272.0 112.0 deep
6636.0 21640.0 120.0 96.0 at
6812.0 21640.0 192.0 96.0 the
7068.0 21648.0 312.0 116.0 point

5172.0 21768.0 352.0 100.0 where
5624.0 21772.0 188.0 96.0 the
5908.0 21796.0 200.0 92.0 cap
6200.0 21800.0 228.0 72.0 was
6528.0 21780.0 344.0 92.0 found
6972.0 21784.0 216.0 96.0 and
7296.0 21788.0 80.0 92.0 It

5176.0 21932.0 224.0 68.0 was
5452.0 21916.0 188.0 92.0 not
5700.0 21916.0 524.0 116.0 regarded
6280.0 21920.0 336.0 112.0 likely
6672.0 21920.0 248.0 96.0 that
6976.0 21924.0 376.0 96.0 efforti

5176.0 22052.0 108.0 92.0 to
5364.0 22052.0 272.0 116.0 drag
5720.0 22060.0 184.0 92.0 the
5980.0 22052.0 420.0 104.0 bottom
6480.0 22060.0 360.0 96.0 would
6924.0 22064.0 136.0 96.0 be
7140.0 22092.0 192.0 72.0 suc-

5172.0 22196.0 436.0 92.0 cessful.
5052.0 23596.0 360.0 140.0 best.
5464.0 23604.0 312.0 164.0 Yes,
5848.0 23616.0 808.0 152.0 experience
6724.0 23620.0 120.0 136.0 is

4256.0 24104.0 1312.0 616.0 iMore
5600.0 24200.0 1472.0 760.0 peopk

4224.0 25440.0 2864.0 816.0 mm

5152.0 26344.0 2176.0 592.0 mrbefbtv

7944.0 1272.0 2064.0 544.0 Billy
10424.0 1256.0 1944.0 552.0 Rose

8616.0 2028.0 1212.0 208.0 Pitching
9948.0 2056.0 28.0 36.0 '
10116.0 2020.0 1612.0 180.0 Horseshoes

7420.0 2524.0 284.0 180.0 Fhe
7784.0 2520.0 600.0 236.0 Caddy
8460.0 2528.0 456.0 216.0 Gag$
8988.0 2516.0 424.0 180.0 With
9496.0 2516.0 332.0 236.0 Billy
9900.0 2524.0 264.0 172.0 On
10240.0 2528.0 156.0 168.0 A
10468.0 2516.0 732.0 224.0 "Tough"
11284.0 2524.0 672.0 172.0 Course.

7548.0 2800.0 300.0 96.0 FOR
7920.0 2792.0 688.0 100.0 SEVERAL
8676.0 2784.0 656.0 104.0 SUNDAYS
9408.0 2812.0 248.0 72.0 now

7428.0 2936.0 220.0 100.0 I've
7724.0 2944.0 276.0 88.0 been
8076.0 2940.0 460.0 112.0 playing
8600.0 2936.0 236.0 108.0 golf
8908.0 2960.0 136.0 72.0 on
9116.0 2956.0 76.0 72.0 a
9260.0 2952.0 388.0 72.0 course

7428.0 3084.0 192.0 88.0 not
7696.0 3084.0 180.0 92.0 far
7948.0 3076.0 292.0 96.0 from
8312.0 3076.0 372.0 88.0 where
8756.0 3072.0 476.0 92.0 Eleanor
9300.0 3068.0 224.0 96.0 and
9600.0 3060.0 48.0 96.0 I

7424.0 3240.0 192.0 80.0 are
7676.0 3216.0 552.0 116.0 spending
8284.0 3212.0 192.0 96.0 the
8532.0 3232.0 516.0 76.0 summer.
9104.0 3204.0 56.0 100.0 I
9216.0 3208.0 436.0 112.0 usually

7428.0 3376.0 136.0 88.0 go
7648.0 3364.0 200.0 88.0 out
7924.0 3356.0 320.0 96.0 alone
8332.0 3348.0 472.0 96.0 because
8888.0 3368.0 180.0 92.0 my
9144.0 3368.0 324.0 92.0 game
9560.0 3348.0 92.0 92.0 is

7372.0 3472.0 20.0 108.0 I
7428.0 3500.0 372.0 108.0 pretty
7848.0 3492.0 340.0 96.0 awful
8244.0 3488.0 224.0 96.0 and
8524.0 3488.0 196.0 92.0 I'm
8776.0 3492.0 188.0 88.0 not
9016.0 3484.0 464.0 96.0 anxious
9536.0 3484.0 116.0 92.0 to

7428.0 3640.0 280.0 84.0 have
7768.0 3656.0 184.0 88.0 my
8008.0 3640.0 776.0 84.0 wlsenhelmer
8840.0 3640.0 420.0 76.0 friends
9316.0 3640.0 332.0 80.0 stand

7420.0 3768.0 428.0 96.0 around
7944.0 3768.0 216.0 96.0 and
8260.0 3768.0 328.0 96.0 make
8684.0 3768.0 368.0 104.0 bright
9140.0 3760.0 512.0 96.0 remarks

7420.0 3908.0 252.0 108.0 like,
7728.0 3904.0 372.0 120.0 "Keep
8156.0 3908.0 580.0 112.0 swinging.
8796.0 3904.0 312.0 92.0 Rose.
9164.0 3900.0 144.0 96.0 At
9364.0 3904.0 284.0 92.0 least

7420.0 4048.0 84.0 96.0 it
7568.0 4044.0 340.0 116.0 keeps
7964.0 4052.0 188.0 92.0 the
8216.0 4044.0 216.0 96.0 ball
8496.0 4044.0 268.0 92.0 cool.

7536.0 4188.0 152.0 96.0 At
7744.0 4192.0 188.0 92.0 the
7988.0 4180.0 600.0 100.0 clubhouse
8648.0 4184.0 220.0 92.0 last
8920.0 4180.0 476.0 116.0 Sunday,
9456.0 4176.0 192.0 100.0 the

7412.0 4328.0 364.0 116.0 caddy
7864.0 4332.0 424.0 92.0 msster
8376.0 4320.0 228.0 96.0 told
8696.0 4344.0 204.0 96.0 me,
8984.0 4316.0 508.0 96.0 'There's

7416.0 4464.0 192.0 92.0 kid
7684.0 4468.0 260.0 92.0 here
8012.0 4488.0 268.0 96.0 very
8348.0 4460.0 472.0 96.0 anxious
8892.0 4464.0 112.0 92.0 to
9072.0 4460.0 228.0 96.0 tote
9364.0 4480.0 280.0 92.0 your

7412.0 4604.0 412.0 96.0 clubs."

7532.0 4744.0 236.0 92.0 The
7836.0 4740.0 316.0 96.0 "kid"
8220.0 4764.0 232.0 72.0 was
8524.0 4744.0 112.0 96.0 In
8704.0 4736.0 172.0 100.0 his
8940.0 4736.0 300.0 116.0 early
9304.0 4740.0 292.0 92.0 twen

7412.0 4880.0 244.0 100.0 ties.
7740.0 4880.0 56.0 104.0 I
7880.0 4888.0 192.0 108.0 got
8156.0 4884.0 192.0 100.0 the
8440.0 4880.0 412.0 112.0 feeling
8940.0 4884.0 48.0 96.0 I
9072.0 4876.0 220.0 96.0 had
9376.0 4896.0 264.0 72.0 seen

7400.0 5024.0 228.0 92.0 this
7680.0 5024.0 356.0 112.0 caddy
8088.0 5020.0 684.0 100.0 somewhere
8828.0 5020.0 396.0 92.0 before.
9272.0 5016.0 156.0 92.0 As
9480.0 5036.0 160.0 68.0 we

7408.0 5160.0 436.0 100.0 walked
7980.0 5160.0 428.0 100.0 toward
8544.0 5160.0 188.0 92.0 the
8864.0 5156.0 256.0 96.0 first
9252.0 5160.0 188.0 104.0 tee,

7408.0 5304.0 440.0 92.0 noticed
7948.0 5300.0 136.0 100.0 he
8176.0 5324.0 236.0 76.0 was
8504.0 5300.0 380.0 116.0 giving
8980.0 5316.0 176.0 96.0 my
9252.0 5296.0 388.0 116.0 purple

7408.0 5444.0 328.0 92.0 socks
7812.0 5444.0 192.0 92.0 the
8072.0 5444.0 512.0 96.0 sldewlse
8656.0 5436.0 280.0 100.0 look.

7524.0 5584.0 640.0 112.0 "Anything
8272.0 5604.0 380.0 92.0 wrong
8756.0 5580.0 260.0 112.0 wit,h
9120.0 5596.0 180.0 92.0 my
9404.0 5572.0 192.0 96.0 out

7408.0 5720.0 276.0 96.0 fit?"
7756.0 5724.0 52.0 96.0 I
7880.0 5724.0 344.0 96.0 asked
8304.0 5720.0 260.0 92.0 him.

7520.0 5864.0 260.0 96.0 "It's
7896.0 5860.0 320.0 100.0 fine."
8320.0 5860.0 140.0 96.0 he
8576.0 5852.0 504.0 104.0 drawled.
9188.0 5852.0 284.0 96.0 "But
9580.0 5844.0 52.0 96.0 1

7392.0 6004.0 324.0 96.0 think
7824.0 6028.0 68.0 68.0 a
7996.0 6008.0 240.0 108.0 pair
8340.0 6004.0 120.0 92.0 of
8564.0 5996.0 184.0 116.0 hip
8852.0 5996.0 308.0 92.0 boots
9268.0 5992.0 356.0 96.0 would

7388.0 6148.0 544.0 116.0 complete
8008.0 6136.0 172.0 104.0 it."

7500.0 6420.0 460.0 100.0 "LET'S
8044.0 6420.0 284.0 96.0 GET
8420.0 6420.0 224.0 96.0 this
8728.0 6412.0 504.0 120.0 straight,
9320.0 6408.0 296.0 116.0 son,"

7380.0 6564.0 48.0 100.0 1
7512.0 6568.0 232.0 96.0 told
7832.0 6568.0 260.0 96.0 him.
8176.0 6560.0 116.0 100.0 "I
8372.0 6584.0 316.0 68.0 came
8772.0 6564.0 196.0 92.0 out
9044.0 6560.0 172.0 96.0 for
9300.0 6556.0 308.0 96.0 fresh

7376.0 6704.0 196.0 104.0 air,
7632.0 6712.0 192.0 92.0 not
7876.0 6704.0 280.0 100.0 stale
8208.0 6696.0 412.0 120.0 Jokes."

7540.0 6848.0 392.0 96.0 Which
8064.0 6840.0 488.0 100.0 reminds
8680.0 6836.0 268.0 112.0 me,"
9072.0 6836.0 132.0 100.0 he
9332.0 6832.0 272.0 104.0 said,

7376.0 6988.0 348.0 96.0 "have
7792.0 7008.0 212.0 88.0 you
8072.0 6980.0 348.0 100.0 heard
8488.0 6984.0 192.0 92.0 the
8744.0 7000.0 204.0 76.0 one
9016.0 6972.0 336.0 100.0 about
9416.0 6972.0 192.0 92.0 the

7376.0 7132.0 360.0 116.0 golfer
7808.0 7132.0 244.0 92.0 who
8120.0 7148.0 232.0 68.0 was
8420.0 7116.0 592.0 100.0 sentenced
9088.0 7120.0 112.0 92.0 to
9272.0 7112.0 332.0 96.0 death

7376.0 7272.0 220.0 92.0 and
7660.0 7268.0 348.0 96.0 asked
8072.0 7268.0 188.0 92.0 the
8320.0 7264.0 568.0 112.0 hangman
8952.0 7256.0 84.0 96.0 If
9092.0 7256.0 136.0 92.0 he
9288.0 7252.0 320.0 100.0 could

7380.0 7412.0 264.0 92.0 take
7716.0 7436.0 68.0 68.0 a
7852.0 7412.0 208.0 96.0 few
8136.0 7408.0 492.0 116.0 praotlce
8696.0 7392.0 540.0 116.0 swings?"

7496.0 7548.0 56.0 100.0 I
7632.0 7544.0 456.0 112.0 Ignored
8176.0 7548.0 112.0 108.0 It,
8368.0 7544.0 252.0 96.0 teed
8700.0 7560.0 144.0 96.0 up
8924.0 7544.0 216.0 88.0 and
9220.0 7556.0 384.0 88.0 swung

7372.0 7688.0 316.0 96.0 hard.
7812.0 7680.0 660.0 116.0 Something
8532.0 7676.0 252.0 96.0 flew
8844.0 7672.0 480.0 112.0 straight
9384.0 7672.0 228.0 100.0 and

7376.0 7836.0 248.0 80.0 trim
7692.0 7824.0 316.0 92.0 down
8076.0 7824.0 188.0 96.0 the
8332.0 7816.0 504.0 112.0 fairway.
8968.0 7812.0 96.0 96.0 It
9128.0 7828.0 228.0 72.0 was
9424.0 7828.0 188.0 96.0 my

7380.0 7964.0 308.0 96.0 wrist
7764.0 7956.0 396.0 100.0 watch.

7492.0 8096.0 240.0 100.0 The
7824.0 8092.0 356.0 112.0 caddy
8272.0 8088.0 508.0 112.0 laughed.
8936.0 8084.0 52.0 96.0 I
9080.0 8080.0 532.0 116.0 probably

7376.0 8236.0 364.0 92.0 would
7820.0 8232.0 280.0 96.0 have
8184.0 8228.0 164.0 96.0 hit
8432.0 8228.0 228.0 92.0 him
8740.0 8244.0 256.0 72.0 over
9076.0 8224.0 168.0 92.0 his
9324.0 8224.0 284.0 88.0 head

7376.0 8372.0 220.0 96.0 had
7668.0 8372.0 52.0 100.0 I
7792.0 8368.0 400.0 96.0 known
8268.0 8364.0 364.0 92.0 which
8700.0 8360.0 248.0 92.0 club
9016.0 8356.0 112.0 96.0 to
9204.0 8380.0 216.0 72.0 use.

7536.0 8508.0 304.0 92.0 'Shut
7932.0 8528.0 276.0 88.0 your
8300.0 8500.0 276.0 108.0 face,
8660.0 8516.0 368.0 92.0 young
9116.0 8492.0 352.0 112.0 man,"
9560.0 8492.0 52.0 96.0 I

7380.0 8640.0 528.0 120.0 snapped,
7988.0 8644.0 184.0 88.0 "or
8244.0 8636.0 168.0 100.0 I'll
8492.0 8636.0 376.0 112.0 report
8936.0 8656.0 212.0 96.0 you
9228.0 8636.0 116.0 92.0 to
9420.0 8628.0 192.0 96.0 the

7380.0 8780.0 356.0 112.0 caddy
7820.0 8788.0 416.0 84.0 master
8316.0 8776.0 324.0 92.0 when
8724.0 8792.0 164.0 72.0 we
8972.0 8772.0 180.0 112.0 get
9228.0 8760.0 384.0 100.0 back."

7568.0 8920.0 312.0 92.0 Then
7956.0 8916.0 52.0 96.0 I
8080.0 8912.0 304.0 96.0 don't
8456.0 8912.0 284.0 88.0 have
8812.0 8912.0 116.0 92.0 to
9000.0 8924.0 360.0 92.0 worry
9436.0 8912.0 180.0 84.0 for

7380.0 9052.0 432.0 96.0 several
7916.0 9048.0 364.0 112.0 days,"
8384.0 9044.0 464.0 116.0 grinned
8940.0 9044.0 188.0 96.0 the
9224.0 9036.0 392.0 116.0 caddy.

7508.0 9192.0 104.0 96.0 It
7680.0 9192.0 296.0 92.0 went
8044.0 9212.0 144.0 68.0 on
8260.0 9184.0 224.0 96.0 like
8556.0 9184.0 224.0 92.0 this
8848.0 9180.0 176.0 96.0 for
9092.0 9176.0 188.0 100.0 the
9352.0 9176.0 268.0 96.0 next

7380.0 9328.0 392.0 88.0 counle
7864.0 9324.0 116.0 92.0 of
8080.0 9324.0 368.0 92.0 hours.
8612.0 9316.0 360.0 100.0 Every
9064.0 9316.0 268.0 92.0 time
9424.0 9316.0 196.0 92.0 the

7384.0 9488.0 372.0 100.0 young
7840.0 9484.0 260.0 72.0 man
8180.0 9456.0 448.0 100.0 handed
8716.0 9480.0 168.0 80.0 me
8964.0 9476.0 72.0 72.0 a
9112.0 9448.0 280.0 116.0 club,
9480.0 9448.0 140.0 96.0 he

7404.0 9772.0 964.0 368.0 Driver
8472.0 9916.0 128.0 220.0 s
8740.0 9752.0 1412.0 380.0 Condition
10300.0 9728.0 1080.0 384.0 Critical

7924.0 10276.0 800.0 372.0 After
8836.0 10272.0 516.0 372.0 Car
9456.0 10252.0 1036.0 384.0 Strikes
10604.0 10248.0 604.0 368.0 Iron
11316.0 10236.0 632.0 380.0 Pole

7520.0 10812.0 592.0 100.0 Condition
8240.0 10808.0 120.0 96.0 of
8484.0 10804.0 236.0 92.0 Gus
8844.0 10800.0 512.0 96.0 Kessens,

9484.0 10784.0 148.0 108.0 53,

7396.0 10956.0 244.0 100.0 1004
7780.0 10952.0 564.0 112.0 Acadetiy
8488.0 10948.0 288.0 96.0 Ave.,
8920.0 10936.0 312.0 92.0 Price
9372.0 10928.0 264.0 108.0 Hill,

7396.0 11096.0 372.0 100.0 whose
7876.0 11088.0 672.0 96.0 automobile
8652.0 11076.0 380.0 100.0 struck
9136.0 11096.0 140.0 68.0 an
9388.0 11068.0 244.0 92.0 iron

7396.0 11236.0 244.0 112.0 pole
7708.0 11236.0 120.0 96.0 at
7896.0 11228.0 480.0 96.0 Elberon
8440.0 11224.0 264.0 92.0 Ave.
8772.0 11220.0 220.0 92.0 and
9056.0 11208.0 192.0 108.0 Mt.
9316.0 11208.0 316.0 116.0 Hope

7400.0 11372.0 204.0 96.0 Rd.
7732.0 11368.0 592.0 120.0 yesterday
8452.0 11356.0 544.0 112.0 morning,
9112.0 11376.0 236.0 68.0 was
9476.0 11368.0 120.0 76.0 re-

7404.0 11512.0 380.0 112.0 ported
7888.0 11512.0 112.0 92.0 to
8096.0 11508.0 132.0 96.0 be
8320.0 11500.0 436.0 96.0 critical
8852.0 11500.0 116.0 92.0 at
9064.0 11488.0 148.0 100.0 St
9308.0 11488.0 328.0 116.0 Mary

7396.0 11648.0 516.0 120.0 Hospital
7992.0 11648.0 216.0 96.0 last
8280.0 11640.0 352.0 112.0 night.

7520.0 11792.0 492.0 92.0 Kessens
8076.0 11788.0 96.0 92.0 is
8236.0 11780.0 560.0 108.0 suffering
8856.0 11772.0 288.0 100.0 from
9208.0 11796.0 72.0 68.0 a
9340.0 11768.0 296.0 96.0 skull

7400.0 11932.0 528.0 104.0 fracture,
8008.0 11952.0 64.0 68.0 a
8140.0 11916.0 480.0 100.0 crushed
8696.0 11916.0 316.0 100.0 chest
9084.0 11908.0 220.0 96.0 and
9380.0 11908.0 252.0 96.0 face

7392.0 12068.0 220.0 96.0 and
7704.0 12064.0 280.0 100.0 head
8064.0 12072.0 280.0 88.0 cuts.

7520.0 12208.0 368.0 96.0 Police
7988.0 12208.0 240.0 92.0 said
8328.0 12196.0 584.0 100.0 Kessens's
9000.0 12216.0 196.0 72.0 car
9292.0 12188.0 336.0 96.0 failed

7396.0 12352.0 112.0 92.0 to
7620.0 12348.0 260.0 92.0 turn
7988.0 12352.0 124.0 92.0 at
8216.0 12368.0 68.0 68.0 a
8392.0 12360.0 336.0 76.0 curve
8836.0 12332.0 216.0 100.0 and
9160.0 12332.0 472.0 96.0 crashed

7400.0 12644.0 548.0 236.0 Gibbs
8032.0 12644.0 384.0 288.0 Boy
8500.0 12636.0 688.0 232.0 Placed

7592.0 12956.0 216.0 232.0 In
7892.0 12952.0 640.0 232.0 Public
8616.0 12952.0 888.0 284.0 Custody;

7648.0 13260.0 744.0 236.0 Mother
8464.0 13256.0 580.0 236.0 Faces
9124.0 13252.0 516.0 232.0 Trial

7520.0 13568.0 240.0 104.0 The
7876.0 13564.0 880.0 120.0 seven-year-old
8864.0 13592.0 196.0 72.0 son
9176.0 13564.0 116.0 100.0 of
9400.0 13564.0 204.0 100.0 Vir

7400.0 13708.0 312.0 120.0 ginia
7784.0 13708.0 348.0 100.0 Glbbs
8208.0 13732.0 236.0 76.0 was
8520.0 13708.0 388.0 116.0 placed
8984.0 13712.0 112.0 92.0 in
9172.0 13708.0 472.0 116.0 custody

7400.0 13856.0 116.0 96.0 of
7584.0 13856.0 188.0 96.0 the
7836.0 13852.0 580.0 96.0 Hamilton
8484.0 13852.0 436.0 116.0 County
8980.0 13852.0 316.0 96.0 Child
9352.0 13852.0 248.0 96.0 Wel

7404.0 13996.0 244.0 96.0 fare
7780.0 13992.0 372.0 100.0 Board
8288.0 13992.0 592.0 116.0 yesterday
9012.0 13992.0 140.0 116.0 by
9276.0 13992.0 364.0 116.0 Judge

7404.0 14140.0 468.0 96.0 Charles
7976.0 14136.0 172.0 108.0 W.
8248.0 14136.0 560.0 96.0 Hoffman
8912.0 14136.0 116.0 96.0 of
9124.0 14132.0 516.0 100.0 Juvenile

7408.0 14280.0 380.0 96.0 Court.

7536.0 14416.0 280.0 96.0 Miss
7928.0 14412.0 368.0 112.0 Gibbs,
8412.0 14416.0 148.0 108.0 23,
8664.0 14416.0 372.0 96.0 whose
9136.0 14412.0 224.0 100.0 last
9468.0 14416.0 140.0 96.0 ad

7416.0 14560.0 316.0 92.0 dress
7796.0 14584.0 232.0 68.0 was
8092.0 14560.0 244.0 96.0 1554
8400.0 14560.0 432.0 92.0 Barton
8896.0 14560.0 180.0 104.0 St.,
9144.0 14556.0 92.0 96.0 is
9296.0 14560.0 356.0 96.0 under

7412.0 14700.0 664.0 96.0 indictment
8164.0 14724.0 144.0 76.0 on
8400.0 14724.0 72.0 72.0 a
8564.0 14696.0 704.0 116.0 first-degree
9356.0 14724.0 260.0 72.0 mur

7408.0 14840.0 196.0 96.0 der
7672.0 14844.0 436.0 108.0 charge,
8184.0 14840.0 476.0 96.0 accused
8732.0 14840.0 120.0 96.0 of
8916.0 14844.0 468.0 108.0 causing
9452.0 14840.0 200.0 96.0 her

7408.0 14984.0 408.0 108.0 father,
7912.0 14984.0 464.0 92.0 Charles
8476.0 14980.0 376.0 112.0 Glbbs,
8948.0 14980.0 148.0 112.0 67,
9192.0 15004.0 248.0 72.0 now
9536.0 14984.0 112.0 96.0 in

7412.0 15124.0 316.0 100.0 Lima
7840.0 15124.0 312.0 96.0 State
8260.0 15124.0 524.0 116.0 Hospital
8896.0 15124.0 176.0 96.0 for
9172.0 15124.0 192.0 96.0 the
9472.0 15124.0 136.0 96.0 In

7404.0 15288.0 308.0 88.0 sane,
7788.0 15272.0 116.0 92.0 to
7976.0 15268.0 332.0 96.0 shoot
8380.0 15264.0 388.0 116.0 Henry
8840.0 15264.0 120.0 96.0 F.
9032.0 15264.0 392.0 112.0 Smith,
9500.0 15268.0 148.0 112.0 61,

7412.0 15412.0 112.0 92.0 to
7584.0 15412.0 336.0 92.0 death
7988.0 15412.0 108.0 96.0 in
8156.0 15436.0 72.0 68.0 a
8280.0 15408.0 644.0 96.0 Cincinnati
8980.0 15408.0 300.0 92.0 hotel
9340.0 15432.0 312.0 76.0 room

7408.0 15544.0 656.0 116.0 September
8132.0 15548.0 88.0 108.0 3,
8300.0 15548.0 272.0 96.0 1945.

7536.0 15696.0 452.0 116.0 Shortly
8088.0 15692.0 304.0 100.0 after
8492.0 15700.0 196.0 92.0 she
8792.0 15720.0 228.0 76.0 was
9116.0 15696.0 204.0 116.0 put
9412.0 15688.0 240.0 108.0 Into

7404.0 15836.0 232.0 112.0 Jail,
7708.0 15840.0 276.0 96.0 Miss
8044.0 15836.0 348.0 96.0 Gibbs
8460.0 15832.0 348.0 100.0 asked
8868.0 15840.0 252.0 92.0 that
9176.0 15840.0 208.0 92.0 her
9444.0 15860.0 208.0 72.0 sou

7412.0 15980.0 128.0 88.0 he
7612.0 15976.0 388.0 116.0 placed
8064.0 15976.0 108.0 96.0 In
8236.0 15972.0 480.0 116.0 custody
8776.0 15980.0 120.0 92.0 of
8952.0 15972.0 344.0 100.0 social
9356.0 15992.0 252.0 80.0 serv

7412.0 16116.0 252.0 108.0 Ires,
7772.0 16116.0 280.0 96.0 Miss
8160.0 16116.0 292.0 96.0 Beth
8556.0 16112.0 656.0 112.0 Alexander,
9320.0 16112.0 328.0 100.0 Chief

7412.0 16256.0 284.0 92.0 Case
7840.0 16252.0 344.0 96.0 Work
8332.0 16256.0 664.0 112.0 Supervisor
9132.0 16252.0 184.0 96.0 for
9452.0 16252.0 192.0 96.0 the

7412.0 16392.0 328.0 100.0 Child
7832.0 16392.0 492.0 100.0 Welfare
8416.0 16392.0 404.0 104.0 Board,
8912.0 16392.0 244.0 92.0 said
9244.0 16392.0 372.0 108.0 yester

7412.0 16536.0 248.0 108.0 day.
7764.0 16532.0 280.0 96.0 Miss
8112.0 16536.0 432.0 92.0 Norma
8616.0 16528.0 568.0 108.0 Griffiths,
9260.0 16532.0 372.0 112.0 Super

7416.0 16676.0 304.0 92.0 visor
7824.0 16672.0 120.0 92.0 of
8044.0 16668.0 364.0 96.0 Home
8520.0 16664.0 508.0 112.0 Finding,
9140.0 16664.0 516.0 120.0 reported

7420.0 16816.0 252.0 92.0 that
7740.0 16812.0 188.0 96.0 the
7996.0 16808.0 296.0 96.0 child
8364.0 16832.0 256.0 72.0 now
8680.0 16836.0 232.0 68.0 was
8980.0 16808.0 344.0 112.0 living
9384.0 16808.0 272.0 92.0 with

7424.0 16952.0 268.0 96.0 Miss
7792.0 16948.0 436.0 96.0 Gibbs's
8324.0 16952.0 444.0 96.0 mother
8864.0 16948.0 220.0 100.0 and
9172.0 16952.0 252.0 92.0 that
9520.0 16948.0 140.0 92.0 he

7416.0 17092.0 364.0 96.0 would
7856.0 17084.0 128.0 100.0 be
8064.0 17092.0 200.0 92.0 left
8344.0 17088.0 268.0 96.0 with
8684.0 17088.0 204.0 92.0 her
8960.0 17088.0 176.0 96.0 for
9204.0 17112.0 68.0 72.0 a
9344.0 17088.0 316.0 92.0 short

7420.0 17228.0 296.0 116.0 time,
7824.0 17228.0 472.0 96.0 because
8400.0 17228.0 140.0 100.0 he
8644.0 17228.0 184.0 92.0 did
8928.0 17228.0 192.0 92.0 not
9220.0 17224.0 436.0 112.0 require

7416.0 17372.0 188.0 92.0 the
7740.0 17384.0 664.0 96.0 emergency
8540.0 17364.0 620.0 116.0 placement
9288.0 17364.0 368.0 92.0 which

7416.0 17504.0 428.0 96.0 several
8016.0 17504.0 324.0 92.0 other
8516.0 17500.0 496.0 100.0 children
9184.0 17496.0 104.0 100.0 in
9468.0 17500.0 188.0 96.0 tho

7428.0 17644.0 432.0 96.0 board's
7952.0 17640.0 468.0 116.0 custody
8512.0 17640.0 276.0 96.0 need
8880.0 17636.0 780.0 112.0 Immediately.

7548.0 17784.0 500.0 96.0 Records
8116.0 17784.0 308.0 92.0 show
8500.0 17784.0 248.0 88.0 that
8816.0 17780.0 188.0 92.0 the
9068.0 17780.0 292.0 92.0 child
9428.0 17800.0 236.0 72.0 was

7428.0 17928.0 272.0 92.0 born
7800.0 17928.0 112.0 88.0 at
8004.0 17916.0 484.0 96.0 General
8580.0 17916.0 512.0 116.0 Hospital
9184.0 17912.0 480.0 96.0 October

7428.0 18060.0 148.0 112.0 20,
7652.0 18060.0 268.0 104.0 1940.
7992.0 18068.0 320.0 88.0 when
8392.0 18056.0 276.0 92.0 Miss
8736.0 18048.0 372.0 116.0 Gibbs,
9180.0 18056.0 268.0 92.0 then
9516.0 18048.0 148.0 108.0 16,

7432.0 18228.0 228.0 68.0 was
7736.0 18204.0 348.0 116.0 living
8156.0 18204.0 116.0 96.0 at
8344.0 18192.0 180.0 100.0 514
8604.0 18192.0 124.0 100.0 E.
8804.0 18192.0 308.0 96.0 Sixth
9192.0 18192.0 156.0 100.0 St

7428.0 18428.0 488.0 236.0 Auto
7988.0 18432.0 692.0 232.0 Causes
8748.0 18432.0 804.0 280.0 Injuries

7440.0 18736.0 256.0 232.0 To
7764.0 18736.0 668.0 292.0 Realty
8496.0 18732.0 616.0 232.0 Man's
9188.0 18728.0 488.0 232.0 Wife

7564.0 19048.0 264.0 92.0 Mrs.
7964.0 19048.0 584.0 112.0 Margaret
8672.0 19048.0 724.0 108.0 Lowensteln,
9528.0 19048.0 148.0 100.0 35,

7436.0 19184.0 248.0 96.0 3922
7760.0 19180.0 552.0 100.0 Warwick
8392.0 19184.0 292.0 104.0 Ave.,
8760.0 19184.0 256.0 92.0 wife
9092.0 19184.0 116.0 92.0 of
9284.0 19180.0 392.0 96.0 Milton

7440.0 19320.0 728.0 108.0 Lowensteln,
8244.0 19316.0 236.0 96.0 real
8552.0 19320.0 356.0 96.0 estate
8980.0 19316.0 396.0 112.0 dealer,
9452.0 19316.0 192.0 92.0 suf-

7444.0 19460.0 312.0 92.0 fered
7836.0 19456.0 468.0 116.0 injuries
8380.0 19456.0 116.0 96.0 to
8572.0 19456.0 200.0 92.0 her
8848.0 19452.0 204.0 96.0 left
9128.0 19456.0 264.0 108.0 foot,
9476.0 19456.0 204.0 92.0 left

7444.0 19600.0 236.0 92.0 side
7760.0 19596.0 224.0 96.0 and
8068.0 19596.0 204.0 96.0 left
8352.0 19592.0 344.0 92.0 elbow
8776.0 19592.0 312.0 92.0 when
9176.0 19592.0 196.0 92.0 she
9448.0 19612.0 236.0 72.0 was

7444.0 19740.0 388.0 92.0 struck
7908.0 19736.0 216.0 92.0 last
8200.0 19728.0 320.0 108.0 night
8592.0 19728.0 140.0 112.0 by
8800.0 19752.0 140.0 68.0 an
9012.0 19724.0 668.0 100.0 automobile

7444.0 19876.0 392.0 92.0 driven
7904.0 19868.0 140.0 100.0 bv
8116.0 19868.0 264.0 96.0 Mrs.
8452.0 19868.0 372.0 100.0 Peggy
8892.0 19864.0 96.0 96.0 J.
9056.0 19864.0 408.0 104.0 Sisson,
9536.0 19856.0 144.0 104.0 23,

7444.0 20012.0 120.0 92.0 52
7684.0 20008.0 300.0 96.0 Main
8100.0 20008.0 180.0 104.0 St.,
8392.0 20000.0 604.0 116.0 Addyston,
9108.0 20000.0 112.0 92.0 at
9328.0 19996.0 352.0 96.0 Ninth

7448.0 20148.0 224.0 92.0 and
7772.0 20144.0 252.0 96.0 Elm
8120.0 20144.0 212.0 92.0 Sts.

7572.0 20280.0 568.0 112.0 Although
8220.0 20276.0 352.0 120.0 police
8648.0 20272.0 376.0 96.0 feared
9100.0 20268.0 248.0 96.0 that
9424.0 20264.0 260.0 96.0 Mrs.

7448.0 20416.0 704.0 96.0 lowensteln
8288.0 20412.0 364.0 116.0 might
8780.0 20412.0 276.0 92.0 have
9184.0 20404.0 504.0 96.0 suffered

7452.0 20556.0 172.0 96.0 rib
7760.0 20560.0 592.0 100.0 fractures,
8496.0 20548.0 196.0 96.0 she
8828.0 20540.0 336.0 100.0 asked
9308.0 20544.0 108.0 92.0 to
9556.0 20540.0 136.0 92.0 be

7452.0 20688.0 440.0 104.0 treated
7976.0 20692.0 140.0 116.0 by
8192.0 20712.0 72.0 72.0 a
8344.0 20680.0 580.0 124.0 physician
9008.0 20680.0 208.0 96.0 and
9304.0 20676.0 192.0 96.0 not
9580.0 20676.0 112.0 96.0 to

7456.0 20832.0 132.0 96.0 be
7652.0 20832.0 344.0 96.0 taken
8064.0 20832.0 116.0 92.0 to
8248.0 20848.0 64.0 72.0 a
8384.0 20820.0 512.0 116.0 hospital.

7584.0 20968.0 264.0 96.0 Mrs.
7932.0 20968.0 380.0 96.0 Sisson
8392.0 20984.0 236.0 68.0 was
8708.0 20952.0 284.0 96.0 cited
9076.0 20952.0 112.0 96.0 to
9264.0 20952.0 428.0 96.0 Traffic

7456.0 21108.0 348.0 100.0 Court
7888.0 21104.0 136.0 116.0 by
8104.0 21096.0 656.0 100.0 Patrolman
8844.0 21092.0 416.0 92.0 Arthur
9344.0 21088.0 356.0 92.0 Mehr-

7460.0 21252.0 192.0 112.0 tng
7712.0 21264.0 140.0 76.0 on
7912.0 21264.0 68.0 72.0 a
8036.0 21240.0 416.0 112.0 charge
8508.0 21240.0 120.0 88.0 of
8688.0 21240.0 480.0 84.0 reckless
9228.0 21240.0 440.0 100.0 driving

7456.0 21400.0 1588.0 292.0 WalhUSmeTtn
9104.0 21488.0 448.0 184.0 Week

7632.0 21752.0 200.0 176.0 At
7896.0 21752.0 208.0 176.0 80
8172.0 21744.0 208.0 180.0 To
8448.0 21736.0 380.0 184.0 Visit
8892.0 21732.0 280.0 184.0 Old
9232.0 21732.0 468.0 176.0 Home

7580.0 21992.0 436.0 104.0 George
8096.0 21984.0 112.0 100.0 L.
8284.0 21980.0 376.0 112.0 Jones,
8748.0 21976.0 644.0 116.0 80-year-old
9472.0 21972.0 196.0 96.0 Col

7460.0 22132.0 240.0 88.0 lege
7772.0 22128.0 224.0 92.0 Hill
8068.0 22120.0 452.0 100.0 walker,
8596.0 22120.0 96.0 88.0 is
8760.0 22112.0 456.0 116.0 passing
9280.0 22112.0 428.0 92.0 several

7460.0 22264.0 276.0 116.0 days
7844.0 22260.0 464.0 112.0 visiting
8412.0 22248.0 672.0 116.0 Wyandotte
9196.0 22244.0 288.0 96.0 Cave
9600.0 22248.0 108.0 92.0 in

7460.0 22400.0 808.0 92.0 Southeastern
8344.0 22400.0 584.0 84.0 Crawford
9004.0 22400.0 460.0 92.0 county,
9540.0 22400.0 128.0 72.0 in

7460.0 22536.0 372.0 100.0 diana,
7924.0 22528.0 296.0 92.0 after
8304.0 22548.0 76.0 72.0 a
8468.0 22520.0 488.0 96.0 165-mile
9040.0 22516.0 292.0 92.0 walk
9420.0 22536.0 244.0 68.0 com

7464.0 22668.0 368.0 116.0 pleted
7888.0 22664.0 112.0 96.0 In
8060.0 22684.0 332.0 72.0 seven
8452.0 22660.0 308.0 108.0 days,
8816.0 22656.0 188.0 92.0 the
9072.0 22656.0 636.0 88.0 Associated

7468.0 22808.0 340.0 92.0 Press
7884.0 22800.0 520.0 116.0 reported
8488.0 22800.0 216.0 88.0 last
8784.0 22800.0 340.0 100.0 night.

7576.0 22936.0 380.0 96.0 Jones,
8060.0 22936.0 248.0 88.0 who
8420.0 22936.0 244.0 84.0 said
8776.0 22936.0 132.0 80.0 he
9008.0 22936.0 400.0 80.0 visited
9516.0 22936.0 124.0 72.0 tn

7460.0 23096.0 276.0 72.0 cave
7836.0 23072.0 312.0 92.0 often
8252.0 23088.0 132.0 68.0 as
8484.0 23088.0 72.0 68.0 a
8652.0 23056.0 376.0 112.0 youth,
9128.0 23056.0 584.0 108.0 exploincd

7468.0 23216.0 136.0 80.0 he
7712.0 23204.0 456.0 92.0 decided
8268.0 23200.0 120.0 92.0 to
8488.0 23192.0 392.0 96.0 revisit
8980.0 23192.0 84.0 92.0 it
9156.0 23188.0 320.0 92.0 when
9584.0 23184.0 136.0 92.0 lie

7464.0 23340.0 456.0 100.0 learned
7996.0 23340.0 84.0 92.0 it
8148.0 23332.0 224.0 96.0 had
8448.0 23328.0 280.0 92.0 been
8800.0 23320.0 540.0 116.0 reopened
9416.0 23320.0 300.0 92.0 after

7472.0 23476.0 332.0 92.0 beine
7880.0 23468.0 372.0 96.0 sealed
8328.0 23464.0 124.0 92.0 70
8524.0 23480.0 356.0 88.0 yenrs.
9016.0 23456.0 168.0 92.0 He
9260.0 23456.0 236.0 92.0 said
9580.0 23456.0 136.0 92.0 he

7468.0 23604.0 484.0 100.0 planned
8024.0 23608.0 116.0 88.0 to
8204.0 23596.0 304.0 96.0 walk
8580.0 23592.0 284.0 92.0 back
8932.0 23592.0 116.0 92.0 to
9108.0 23588.0 180.0 96.0 his
9356.0 23588.0 324.0 92.0 home

7464.0 23744.0 248.0 92.0 1442
7796.0 23740.0 360.0 96.0 Cedar
8236.0 23736.0 300.0 104.0 Ave.,
8624.0 23724.0 576.0 96.0 sometime
9284.0 23720.0 432.0 96.0 around

7472.0 23880.0 368.0 92.0 Labor
7904.0 23872.0 272.0 108.0 Day.

7592.0 24008.0 236.0 96.0 The
7964.0 24000.0 796.0 100.0 Clnclnnatlan
8896.0 24000.0 236.0 88.0 said
9264.0 24000.0 140.0 84.0 he
9544.0 24008.0 132.0 80.0 ac

7472.0 24140.0 400.0 120.0 cepted
7928.0 24160.0 144.0 72.0 no
8128.0 24132.0 296.0 100.0 rides
8480.0 24156.0 140.0 72.0 en
8676.0 24132.0 312.0 96.0 route
9048.0 24136.0 112.0 92.0 to
9212.0 24120.0 504.0 116.0 English,

7476.0 24280.0 272.0 88.0 Ind..
7860.0 24280.0 292.0 88.0 from
8260.0 24280.0 292.0 84.0 Ohio
8656.0 24280.0 220.0 80.0 and
8984.0 24280.0 316.0 80.0 made
9412.0 24280.0 272.0 72.0 over

7480.0 24412.0 332.0 100.0 night
7888.0 24412.0 308.0 100.0 stops
8276.0 24404.0 120.0 92.0 at
8472.0 24396.0 908.0 108.0 Lawrenceburg,
9464.0 24392.0 220.0 96.0 Ver

7480.0 24552.0 408.0 100.0 sailles,
7988.0 24540.0 364.0 96.0 North
8456.0 24532.0 476.0 112.0 Vernon,
9036.0 24524.0 684.0 116.0 Scottsburg,

7480.0 24684.0 368.0 92.0 Salem
7984.0 24676.0 216.0 96.0 and
8332.0 24664.0 1184.0 112.0 Corydon-spending
9652.0 24688.0 68.0 72.0 a

7488.0 24820.0 280.0 96.0 total
7852.0 24812.0 116.0 96.0 of
8052.0 24804.0 364.0 108.0 $31.50.

7480.0 25048.0 876.0 208.0 Colleagues
8424.0 25040.0 204.0 180.0 To
8692.0 25036.0 356.0 184.0 Give
9108.0 25036.0 456.0 180.0 Purse

7612.0 25292.0 208.0 180.0 To
7884.0 25280.0 604.0 220.0 Injured
8544.0 25280.0 504.0 184.0 Postal
9108.0 25276.0 612.0 184.0 Worker

7600.0 25532.0 484.0 100.0 Howard
8232.0 25532.0 140.0 104.0 H.
8524.0 25528.0 512.0 104.0 Hafford,
9176.0 25516.0 152.0 120.0 82,
9476.0 25520.0 244.0 96.0 2212

7476.0 25676.0 416.0 92.0 Shasta
8072.0 25668.0 188.0 112.0 PI.,
8448.0 25664.0 684.0 108.0 Falrmount,
9316.0 25660.0 404.0 116.0 widely

7476.0 25816.0 408.0 92.0 known
7988.0 25808.0 348.0 112.0 tenor,
8444.0 25808.0 224.0 92.0 will
8764.0 25804.0 136.0 104.0 be
9000.0 25800.0 492.0 100.0 honored
9600.0 25808.0 116.0 88.0 at

7476.0 25956.0 60.0 92.0 8
7624.0 25972.0 100.0 92.0 p.
7812.0 25972.0 144.0 76.0 m.
8040.0 25944.0 340.0 120.0 today
8468.0 25944.0 328.0 96.0 when
8880.0 25972.0 68.0 68.0 a
9024.0 25944.0 268.0 92.0 cash
9384.0 25960.0 332.0 96.0 purse

7480.0 26092.0 216.0 92.0 will
7808.0 26084.0 136.0 96.0 be
8056.0 26084.0 592.0 116.0 presented
8760.0 26084.0 120.0 96.0 to
8992.0 26080.0 228.0 96.0 him
9328.0 26084.0 120.0 88.0 at
9564.0 26080.0 124.0 92.0 St

7484.0 26224.0 320.0 120.0 Mary
7884.0 26224.0 520.0 116.0 Hospital
8492.0 26220.0 144.0 120.0 by
8712.0 26216.0 180.0 96.0 his
8976.0 26216.0 364.0 96.0 fellow
9424.0 26220.0 280.0 112.0 post-

7480.0 26364.0 344.0 96.0 office
7936.0 26364.0 668.0 116.0 employees.
8744.0 26360.0 172.0 92.0 He
9032.0 26360.0 504.0 92.0 suffered
9652.0 26376.0 68.0 72.0 a

7484.0 26504.0 172.0 112.0 leg
7732.0 26500.0 376.0 116.0 Injury
8180.0 26504.0 324.0 92.0 when
8588.0 26500.0 140.0 100.0 he
8804.0 26520.0 232.0 68.0 was
9108.0 26496.0 388.0 92.0 struck
9580.0 26484.0 140.0 124.0 by

7480.0 26664.0 144.0 68.0 an
7760.0 26636.0 676.0 104.0 automobile
8572.0 26636.0 224.0 100.0 last
8924.0 26632.0 276.0 96.0 New
9328.0 26628.0 392.0 96.0 Year's

7488.0 26776.0 228.0 96.0 Eve
7812.0 26796.0 124.0 72.0 as
8024.0 26776.0 136.0 100.0 he
8252.0 26800.0 232.0 72.0 was
8568.0 26796.0 144.0 68.0 on
8804.0 26772.0 172.0 96.0 his
9060.0 26792.0 248.0 96.0 way
9392.0 26768.0 328.0 96.0 home

7484.0 26916.0 292.0 92.0 from
7860.0 26916.0 344.0 100.0 work.
8320.0 26912.0 528.0 116.0 Hafford,
8928.0 26916.0 248.0 92.0 who
9260.0 26908.0 452.0 104.0 worked

7484.0 27056.0 120.0 84.0 at
7680.0 27052.0 184.0 96.0 the
7940.0 27052.0 368.0 112.0 parcel
8392.0 27056.0 248.0 108.0 post
8712.0 27052.0 488.0 104.0 window,
9276.0 27048.0 208.0 96.0 has
9564.0 27072.0 116.0 68.0 re-

7492.0 27184.0 436.0 96.0 mained
8036.0 27192.0 116.0 92.0 at
8256.0 27188.0 192.0 96.0 tho
8548.0 27188.0 476.0 112.0 hospital
9120.0 27188.0 300.0 92.0 since
9528.0 27188.0 188.0 96.0 the

9728.0 2788.0 284.0 96.0 tried
10088.0 2788.0 120.0 96.0 to
10272.0 2784.0 300.0 100.0 hand
10652.0 2808.0 176.0 76.0 me
10900.0 2812.0 72.0 72.0 a
11048.0 2788.0 368.0 112.0 laugh.
11548.0 2788.0 108.0 100.0 It
11724.0 2812.0 236.0 68.0 was

9728.0 2920.0 220.0 96.0 like
10044.0 2920.0 336.0 116.0 being
10472.0 2924.0 604.0 96.0 marooned
11172.0 2924.0 272.0 92.0 with
11532.0 2948.0 152.0 68.0 an
11776.0 2920.0 184.0 96.0 old

9728.0 3076.0 220.0 96.0 gag
10020.0 3056.0 224.0 96.0 file.

9848.0 3324.0 208.0 96.0 HE
10172.0 3320.0 384.0 112.0 TOLD
10664.0 3332.0 220.0 100.0 ME
10992.0 3336.0 196.0 92.0 the
11296.0 3352.0 208.0 72.0 one
11616.0 3324.0 348.0 100.0 about

9732.0 3460.0 184.0 92.0 the
9992.0 3464.0 364.0 112.0 golfer
10428.0 3468.0 248.0 92.0 who
10740.0 3472.0 300.0 88.0 went
11116.0 3492.0 144.0 88.0 up
11332.0 3468.0 116.0 88.0 to
11516.0 3492.0 68.0 64.0 a
11660.0 3468.0 260.0 92.0 four-

9728.0 3620.0 300.0 68.0 some
10116.0 3620.0 140.0 72.0 on
10348.0 3600.0 192.0 92.0 the
10620.0 3600.0 408.0 96.0 second
11116.0 3608.0 176.0 88.0 tee
11376.0 3600.0 216.0 96.0 and
11680.0 3596.0 276.0 112.0 said,

9728.0 3728.0 108.0 92.0 "I
9900.0 3736.0 448.0 92.0 wonder
10416.0 3736.0 88.0 92.0 if
10564.0 3736.0 316.0 112.0 you'd
10952.0 3736.0 304.0 92.0 mind
11324.0 3732.0 396.0 112.0 letting
11780.0 3756.0 180.0 68.0 me

9728.0 3864.0 252.0 112.0 play
10052.0 3868.0 516.0 116.0 through.
10704.0 3876.0 52.0 96.0 I
10828.0 3872.0 236.0 108.0 Just
11136.0 3876.0 188.0 108.0 got
11396.0 3872.0 304.0 88.0 word
11776.0 3892.0 184.0 84.0 my

9728.0 4000.0 252.0 92.0 wife
10048.0 4024.0 232.0 72.0 was
10348.0 4004.0 336.0 96.0 taken
10760.0 4004.0 540.0 112.0 seriously
11368.0 4004.0 212.0 96.0 ill."
11704.0 4004.0 248.0 92.0 And

9728.0 4136.0 184.0 96.0 the
10004.0 4160.0 212.0 72.0 one
10308.0 4136.0 344.0 96.0 about
10744.0 4144.0 188.0 88.0 the
11032.0 4136.0 220.0 96.0 dub
11344.0 4140.0 248.0 92.0 who
11688.0 4136.0 264.0 92.0 took

9724.0 4292.0 328.0 72.0 seven
10176.0 4272.0 444.0 92.0 strokes
10740.0 4296.0 140.0 72.0 on
11008.0 4272.0 188.0 100.0 the
11320.0 4296.0 336.0 88.0 green
11788.0 4272.0 168.0 88.0 six

9720.0 4404.0 268.0 96.0 with
10072.0 4428.0 72.0 72.0 a
10228.0 4412.0 380.0 108.0 putter
10688.0 4408.0 220.0 100.0 and
10996.0 4428.0 212.0 76.0 one
11296.0 4408.0 660.0 112.0 appoleptic.

9840.0 4540.0 176.0 96.0 On
10112.0 4540.0 192.0 100.0 the
10404.0 4544.0 272.0 96.0 fifth
10776.0 4544.0 248.0 92.0 hole
11128.0 4544.0 52.0 96.0 I
11280.0 4540.0 336.0 96.0 sliced
11716.0 4544.0 240.0 92.0 Into

9720.0 4696.0 304.0 72.0 some
10088.0 4680.0 380.0 112.0 pretty
10528.0 4676.0 272.0 116.0 deep
10868.0 4680.0 388.0 112.0 rough.
11380.0 4676.0 152.0 96.0 As
11600.0 4676.0 56.0 100.0 I
11724.0 4700.0 228.0 68.0 was

9720.0 4812.0 596.0 112.0 searching
10408.0 4812.0 176.0 92.0 for
10676.0 4816.0 192.0 92.0 the
10964.0 4808.0 252.0 116.0 ball,
11316.0 4836.0 184.0 88.0 my
11592.0 4808.0 364.0 116.0 caddy

9720.0 4944.0 260.0 96.0 took
10068.0 4952.0 636.0 108.0 something
10780.0 4948.0 196.0 92.0 out
11056.0 4948.0 124.0 92.0 of
11260.0 4948.0 172.0 92.0 his
11516.0 4944.0 436.0 116.0 pocket.

9840.0 5080.0 400.0 96.0 "What
10328.0 5108.0 192.0 68.0 are
10616.0 5104.0 212.0 92.0 you
10920.0 5080.0 456.0 112.0 looking
11460.0 5084.0 124.0 88.0 at
11672.0 5100.0 280.0 108.0 your

9720.0 5220.0 360.0 92.0 watch
10156.0 5216.0 316.0 96.0 for?"
10544.0 5216.0 52.0 100.0 I
10668.0 5216.0 456.0 100.0 barked.
11256.0 5212.0 428.0 100.0 "We've
11756.0 5220.0 196.0 108.0 got

9720.0 5352.0 140.0 92.0 all
9944.0 5348.0 692.0 100.0 afternoon."

9836.0 5488.0 328.0 100.0 "This
10276.0 5492.0 260.0 92.0 Isn't
10636.0 5512.0 68.0 68.0 a
10812.0 5484.0 464.0 116.0 watch,"
11380.0 5488.0 136.0 92.0 he
11624.0 5484.0 284.0 96.0 dead-

9716.0 5628.0 464.0 112.0 panned.
10316.0 5628.0 256.0 92.0 "It's
10644.0 5652.0 68.0 68.0 a
10784.0 5620.0 600.0 120.0 compass."

9832.0 5768.0 256.0 92.0 Two
10156.0 5768.0 444.0 96.0 strokes
10668.0 5768.0 284.0 92.0 later
11016.0 5768.0 48.0 92.0 I
11132.0 5788.0 228.0 72.0 was
11428.0 5764.0 340.0 116.0 really
11832.0 5760.0 112.0 96.0 in

9708.0 5908.0 184.0 92.0 the
10044.0 5908.0 384.0 112.0 rough.
10648.0 5904.0 332.0 96.0 "Sure
11140.0 5908.0 88.0 92.0 is
11376.0 5928.0 68.0 68.0 a
11600.0 5904.0 340.0 104.0 tough

9700.0 6044.0 484.0 112.0 course,"
10284.0 6052.0 52.0 96.0 I
10436.0 6040.0 264.0 112.0 said,
10800.0 6064.0 124.0 72.0 as
11028.0 6040.0 48.0 96.0 I
11176.0 6040.0 424.0 96.0 hooked
11704.0 6040.0 232.0 92.0 into

9836.0 6184.0 332.0 116.0 gully.

9824.0 6324.0 292.0 96.0 "You
10192.0 6320.0 448.0 100.0 haven't
10708.0 6320.0 276.0 96.0 been
11060.0 6344.0 136.0 68.0 on
11276.0 6320.0 188.0 104.0 the
11536.0 6340.0 392.0 68.0 course

9692.0 6460.0 172.0 100.0 for
9960.0 6468.0 188.0 92.0 the
10248.0 6464.0 216.0 96.0 last
10560.0 6460.0 240.0 96.0 half
10896.0 6456.0 372.0 124.0 hour,"
11360.0 6476.0 184.0 96.0 my
11632.0 6476.0 252.0 76.0 com

9688.0 6600.0 404.0 120.0 panion
10176.0 6604.0 244.0 96.0 said
10504.0 6596.0 648.0 116.0 cheerfully.
11952.0 6616.0 8.0 120.0 j

9804.0 6904.0 300.0 108.0 THE
10172.0 6904.0 480.0 112.0 GULLY
10716.0 6936.0 232.0 68.0 was
11020.0 6936.0 68.0 72.0 a
11152.0 6904.0 304.0 124.0 quiet
11520.0 6900.0 276.0 124.0 spot.
11868.0 6900.0 56.0 100.0 I

9688.0 7052.0 340.0 100.0 found
10132.0 7080.0 184.0 88.0 my
10416.0 7048.0 212.0 96.0 ball
10728.0 7072.0 144.0 72.0 on
10968.0 7048.0 192.0 96.0 the
11264.0 7044.0 268.0 116.0 edge
11636.0 7044.0 120.0 100.0 of
11856.0 7068.0 72.0 72.0 a

9688.0 7196.0 372.0 96.0 brook.
10220.0 7188.0 476.0 120.0 Nearby,
10796.0 7212.0 144.0 72.0 an
11048.0 7188.0 176.0 96.0 old
11328.0 7208.0 260.0 72.0 man
11688.0 7204.0 236.0 72.0 was

9680.0 7336.0 392.0 116.0 sitting
10148.0 7336.0 356.0 96.0 under
10576.0 7356.0 68.0 72.0 a
10716.0 7328.0 264.0 96.0 tree.
11124.0 7328.0 348.0 96.0 There
11548.0 7348.0 232.0 68.0 was
11856.0 7348.0 68.0 68.0 a

9684.0 7476.0 372.0 100.0 shovel
10152.0 7496.0 144.0 72.0 on
10392.0 7472.0 184.0 100.0 the
10672.0 7468.0 424.0 116.0 ground
11196.0 7464.0 368.0 96.0 beside
11660.0 7464.0 264.0 92.0 him.

9816.0 7612.0 364.0 100.0 "We'd
10292.0 7612.0 356.0 96.0 better
10752.0 7608.0 184.0 112.0 get
11044.0 7608.0 196.0 92.0 out
11340.0 7604.0 120.0 96.0 of
11564.0 7600.0 364.0 108.0 here,"

9688.0 7756.0 472.0 96.0 cracked
10228.0 7776.0 192.0 96.0 my
10476.0 7748.0 384.0 116.0 caddy.
10988.0 7748.0 228.0 96.0 "He
11284.0 7768.0 256.0 92.0 may
11600.0 7740.0 328.0 96.0 shoot

9692.0 7920.0 124.0 68.0 ua
9884.0 7892.0 180.0 100.0 for
10128.0 7892.0 512.0 120.0 jumping
10704.0 7892.0 172.0 92.0 his
10936.0 7888.0 428.0 92.0 claim."

9808.0 8032.0 152.0 96.0 As
10052.0 8060.0 152.0 68.0 we
10296.0 8032.0 480.0 96.0 finished
10872.0 8032.0 180.0 88.0 the
11148.0 8032.0 280.0 100.0 nine,
11520.0 8032.0 48.0 84.0 I
11656.0 8032.0 268.0 100.0 said,

9688.0 8172.0 108.0 96.0 "I
9880.0 8172.0 320.0 100.0 think
10284.0 8172.0 52.0 96.0 I
10420.0 8168.0 184.0 116.0 got
10680.0 8196.0 68.0 68.0 a
10824.0 8164.0 212.0 96.0 65."

9808.0 8312.0 292.0 100.0 "Not
10164.0 8312.0 308.0 112.0 bad,"
10536.0 8308.0 236.0 96.0 said
10844.0 8308.0 184.0 92.0 the
11092.0 8304.0 372.0 120.0 youth.
11528.0 8304.0 404.0 96.0 "What

9688.0 8452.0 180.0 100.0 did
9956.0 8480.0 216.0 92.0 you
10260.0 8456.0 188.0 112.0 get
10540.0 8472.0 132.0 72.0 on
10764.0 8452.0 188.0 96.0 the
11040.0 8444.0 408.0 96.0 second
11540.0 8440.0 388.0 96.0 hole?"

9812.0 8596.0 280.0 100.0 "I've
10192.0 8616.0 336.0 72.0 never
10624.0 8592.0 388.0 112.0 played
11112.0 8612.0 120.0 72.0 so
11332.0 8592.0 328.0 108.0 badly
11760.0 8592.0 128.0 84.0 be

9692.0 8732.0 328.0 112.0 fore,"
10100.0 8732.0 60.0 100.0 I
10240.0 8728.0 592.0 100.0 mumbled.

9812.0 8876.0 264.0 112.0 "Oh,
10156.0 8876.0 268.0 92.0 then
10504.0 8892.0 212.0 96.0 you
10792.0 8864.0 412.0 100.0 HAVE
11280.0 8860.0 392.0 124.0 played
11752.0 8856.0 136.0 100.0 be

9692.0 9016.0 328.0 112.0 fore,"
10108.0 9016.0 140.0 92.0 he
10328.0 9008.0 488.0 116.0 chirped.

9812.0 9156.0 156.0 96.0 As
10108.0 9156.0 52.0 96.0 I
10304.0 9152.0 388.0 120.0 played
10836.0 9168.0 148.0 88.0 up
11124.0 9148.0 192.0 96.0 the
11456.0 9144.0 480.0 112.0 fairway

9696.0 9300.0 420.0 96.0 toward
10240.0 9296.0 188.0 100.0 the
10544.0 9288.0 272.0 112.0 18th,
10936.0 9288.0 56.0 92.0 I
11108.0 9316.0 228.0 68.0 saw
11448.0 9288.0 492.0 88.0 Eleanor

9696.0 9440.0 460.0 116.0 waiting
10236.0 9436.0 180.0 96.0 for
10488.0 9456.0 176.0 72.0 me
10740.0 9432.0 356.0 96.0 there.

9708.0 10792.0 228.0 92.0 Into
10048.0 10784.0 188.0 96.0 the
10348.0 10780.0 240.0 116.0 pole
10692.0 10784.0 316.0 96.0 when
11124.0 10776.0 564.0 100.0 outbound
11800.0 10800.0 148.0 72.0 on

9708.0 10924.0 476.0 96.0 Elberon
10308.0 10924.0 484.0 92.0 Avenue.
10948.0 10920.0 584.0 96.0 Kessens's
11660.0 10916.0 280.0 100.0 head

9704.0 11072.0 296.0 92.0 went
10080.0 11064.0 488.0 108.0 through
10656.0 11064.0 188.0 96.0 the
10932.0 11056.0 692.0 100.0 windshield.

9816.0 11236.0 316.0 104.0 Jesse
10212.0 11240.0 600.0 120.0 Campbell,
10888.0 11236.0 148.0 116.0 43,
11120.0 11236.0 180.0 100.0 S03
11372.0 11236.0 308.0 100.0 Scott
11760.0 11236.0 184.0 108.0 St.,

9696.0 11376.0 648.0 124.0 Covington,
10416.0 11380.0 492.0 100.0 suffered
10980.0 11408.0 72.0 64.0 a
11112.0 11380.0 480.0 120.0 possible
11652.0 11380.0 252.0 92.0 frac

9700.0 11528.0 240.0 92.0 ture
10000.0 11524.0 124.0 96.0 of
10184.0 11524.0 176.0 96.0 his
10420.0 11524.0 208.0 96.0 left
10684.0 11524.0 176.0 112.0 leg
10916.0 11524.0 328.0 96.0 when
11304.0 11520.0 172.0 92.0 hl3
11536.0 11524.0 372.0 88.0 motor

9696.0 11660.0 248.0 96.0 bike
10024.0 11664.0 388.0 96.0 struck
10488.0 11688.0 140.0 72.0 an
10700.0 11660.0 676.0 96.0 automobile
11448.0 11660.0 112.0 92.0 In
11632.0 11660.0 316.0 92.0 front

9696.0 11800.0 120.0 96.0 of
9868.0 11796.0 244.0 96.0 3205
10168.0 11800.0 572.0 100.0 Beekman
10804.0 11800.0 156.0 96.0 St.
11084.0 11796.0 172.0 100.0 He
11308.0 11820.0 232.0 72.0 was
11596.0 11796.0 348.0 100.0 taken

9696.0 11944.0 116.0 92.0 to
9888.0 11940.0 476.0 100.0 General
10448.0 11936.0 544.0 120.0 Hospital.
11140.0 11940.0 228.0 92.0 The
11448.0 11940.0 456.0 92.0 automo-

9704.0 12084.0 208.0 92.0 bile
9972.0 12108.0 232.0 72.0 was
10272.0 12080.0 380.0 100.0 driven
10720.0 12084.0 140.0 116.0 by
10924.0 12076.0 424.0 100.0 Robert
11412.0 12072.0 320.0 112.0 Rose,
11796.0 12072.0 148.0 112.0 22,

9700.0 12220.0 240.0 92.0 4460
10012.0 12220.0 548.0 100.0 Harrison
10644.0 12216.0 256.0 100.0 Ave.

9820.0 12356.0 256.0 100.0 Two
10172.0 12384.0 456.0 92.0 persons
10720.0 12384.0 284.0 72.0 were
11100.0 12356.0 432.0 116.0 Injured
11620.0 12360.0 324.0 92.0 when

9704.0 12500.0 184.0 100.0 the
9956.0 12504.0 664.0 116.0 motorcycle
10688.0 12524.0 140.0 72.0 on
10896.0 12500.0 364.0 92.0 which
11328.0 12500.0 264.0 116.0 they
11656.0 12516.0 288.0 76.0 were

9704.0 12644.0 364.0 112.0 riding
10148.0 12636.0 384.0 104.0 struck
10616.0 12640.0 184.0 100.0 the
10884.0 12660.0 256.0 72.0 rear
11216.0 12636.0 120.0 96.0 of
11412.0 12660.0 140.0 68.0 an
11636.0 12640.0 268.0 88.0 auto

9708.0 12776.0 388.0 104.0 mobile
10224.0 12788.0 116.0 92.0 at
10460.0 12776.0 448.0 96.0 Ludlow
11028.0 12792.0 220.0 96.0 and
11368.0 12776.0 576.0 92.0 Whitfield

9704.0 12920.0 308.0 96.0 Aves.
10140.0 12920.0 304.0 120.0 They
10500.0 12944.0 284.0 72.0 were
10844.0 12912.0 424.0 104.0 Robert
11324.0 12912.0 412.0 112.0 James,
11800.0 12908.0 144.0 116.0 19,

9704.0 13056.0 240.0 96.0 6312
10016.0 13060.0 508.0 96.0 Colerain
10604.0 13056.0 288.0 112.0 Ave.,
10972.0 13060.0 516.0 116.0 operator
11564.0 13056.0 116.0 92.0 of
11756.0 13052.0 192.0 96.0 the

9708.0 13204.0 324.0 116.0 cycle,
10116.0 13204.0 248.0 92.0 cuts
10448.0 13200.0 216.0 96.0 and
10748.0 13192.0 432.0 104.0 bruises
11260.0 13220.0 136.0 68.0 on
11488.0 13196.0 172.0 96.0 hi3
11744.0 13192.0 208.0 96.0 left

9712.0 13368.0 272.0 84.0 arm,
10116.0 13340.0 232.0 96.0 side
10480.0 13336.0 216.0 96.0 and
10832.0 13336.0 196.0 108.0 leg,
11164.0 13336.0 220.0 92.0 and
11520.0 13336.0 432.0 92.0 Donald

9704.0 13480.0 652.0 112.0 Fitzjarrell,
10516.0 13472.0 144.0 112.0 20,
10812.0 13472.0 244.0 100.0 1702
11204.0 13468.0 160.0 104.0 De
11452.0 13468.0 492.0 100.0 Armond

9704.0 13620.0 288.0 112.0 Ave.,
10076.0 13616.0 364.0 104.0 North
10528.0 13612.0 436.0 116.0 College
11052.0 13612.0 256.0 108.0 Hill,
11392.0 13616.0 248.0 92.0 cuts
11724.0 13612.0 224.0 100.0 and

9708.0 13760.0 428.0 100.0 bruises
10212.0 13784.0 136.0 72.0 on
10432.0 13756.0 168.0 96.0 his
10676.0 13756.0 204.0 96.0 left
10956.0 13752.0 200.0 116.0 leg.
11296.0 13748.0 292.0 96.0 Both
11660.0 13772.0 292.0 72.0 were

9704.0 13896.0 336.0 104.0 token
10128.0 13904.0 112.0 96.0 to
10324.0 13892.0 476.0 104.0 General
10884.0 13888.0 544.0 120.0 Hospital.

9832.0 14040.0 232.0 100.0 The
10172.0 14032.0 668.0 104.0 automobile
10948.0 14028.0 400.0 112.0 driver,
11452.0 14024.0 272.0 104.0 Earl
11832.0 14040.0 128.0 84.0 E.

9716.0 14172.0 636.0 112.0 Schneider,
10464.0 14168.0 148.0 108.0 20,
10716.0 14160.0 244.0 100.0 6812
11072.0 14164.0 476.0 96.0 Tarawa
11648.0 14160.0 304.0 116.0 Ave.,

9716.0 14344.0 224.0 68.0 was
10040.0 14312.0 340.0 100.0 citetd
10480.0 14312.0 172.0 92.0 for
10748.0 14304.0 408.0 96.0 failure
11252.0 14308.0 112.0 96.0 to
11464.0 14304.0 328.0 96.0 make
11892.0 14328.0 68.0 72.0 a

9724.0 14476.0 396.0 96.0 proper
10184.0 14448.0 388.0 116.0 signal.

11056.0 25124.0 744.0 148.0 ROYAL

11424.0 25356.0 444.0 132.0 Worth

11428.0 25548.0 244.0 136.0 For
11832.0 25632.0 52.0 56.0 .

11056.0 25956.0 648.0 112.0 IRIWID
11876.0 25956.0 188.0 116.0 IY
12224.0 25956.0 300.0 128.0 THI
12692.0 25968.0 376.0 116.0 OIO.
13236.0 25976.0 1032.0 116.0 WIEDEMANN
14428.0 25988.0 768.0 112.0 IRIWINO
15376.0 25992.0 316.0 124.0 CO..
15844.0 25988.0 388.0 128.0 INC..
16388.0 25988.0 836.0 128.0 NEWPORT,
17412.0 25996.0 240.0 124.0 KY.

11060.0 26308.0 628.0 104.0 Cincinnati
11784.0 26308.0 452.0 100.0 Branch
13196.0 26312.0 248.0 100.0 4628
13536.0 26312.0 528.0 104.0 Taddock
14152.0 26312.0 348.0 124.0 Road,
14576.0 26324.0 636.0 100.0 Cincinnati
15288.0 26324.0 120.0 100.0 29
16740.0 26328.0 596.0 108.0 REdwood
17408.0 26336.0 244.0 100.0 2257

10836.0 27040.0 472.0 92.0 CopyniM,
11368.0 27044.0 172.0 80.0 Hit
11596.0 27048.0 196.0 76.0 Ceo.
11856.0 27044.0 520.0 80.0 Wiedemann
12440.0 27044.0 368.0 96.0 Brfin(
12868.0 27044.0 172.0 92.0 Co.,
13096.0 27048.0 172.0 84.0 Inc.

13000.0 1176.0 960.0 1168.0 Hi

12160.0 2520.0 332.0 92.0 "Give
12564.0 2540.0 176.0 72.0 me
12808.0 2536.0 72.0 72.0 a
12944.0 2512.0 60.0 96.0 3
13036.0 2460.0 376.0 164.0 Von,"
13476.0 2512.0 60.0 96.0 I
13600.0 2508.0 244.0 96.0 said
13912.0 2512.0 120.0 92.0 to
14096.0 2528.0 184.0 96.0 my

12040.0 2656.0 380.0 112.0 caddy.
12576.0 2652.0 116.0 100.0 "1
12788.0 2652.0 312.0 92.0 want
13188.0 2652.0 120.0 88.0 to
13404.0 2644.0 340.0 96.0 make
13836.0 2672.0 72.0 68.0 a
13996.0 2648.0 280.0 112.0 good

12036.0 2792.0 284.0 96.0 shot
12384.0 2792.0 384.0 96.0 That's
12832.0 2812.0 188.0 92.0 my
13084.0 2784.0 260.0 100.0 wife
13412.0 2784.0 540.0 116.0 standing
14016.0 2808.0 268.0 72.0 near

12040.0 2936.0 188.0 88.0 the
12300.0 2924.0 436.0 120.0 green."

12156.0 3096.0 120.0 92.0 "I
12332.0 3096.0 344.0 100.0 doubt
12736.0 3096.0 508.0 92.0 whether
13300.0 3116.0 220.0 100.0 you
13580.0 3116.0 216.0 72.0 can
13852.0 3092.0 176.0 96.0 hit
14084.0 3088.0 196.0 96.0 her

12036.0 3240.0 124.0 96.0 at
12216.0 3240.0 184.0 92.0 150
12456.0 3236.0 432.0 120.0 yards,"
12948.0 3236.0 140.0 92.0 he
13144.0 3232.0 244.0 96.0 said
13448.0 3256.0 136.0 72.0 as
13640.0 3232.0 144.0 96.0 he
13844.0 3232.0 436.0 96.0 handed

12036.0 3400.0 172.0 64.0 me
12280.0 3380.0 188.0 92.0 the
12540.0 3372.0 288.0 96.0 club.

12164.0 3544.0 160.0 116.0 By
12396.0 3568.0 308.0 72.0 some
12788.0 3540.0 484.0 104.0 miracle,
13352.0 3544.0 56.0 96.0 I
13480.0 3536.0 540.0 100.0 smacked
14092.0 3540.0 188.0 96.0 the

12036.0 3680.0 212.0 96.0 ball
12324.0 3684.0 116.0 92.0 to
12516.0 3684.0 392.0 88.0 within
12984.0 3692.0 220.0 84.0 two
13280.0 3680.0 236.0 92.0 feet
13584.0 3676.0 124.0 92.0 of
13780.0 3680.0 188.0 96.0 the
14036.0 3700.0 244.0 92.0 cup.

12160.0 3816.0 432.0 96.0 "How's
12668.0 3820.0 388.0 92.0 that?"
13128.0 3824.0 56.0 96.0 I
13256.0 3816.0 356.0 96.0 asked
13684.0 3820.0 192.0 92.0 the
13952.0 3816.0 324.0 96.0 thorn

12036.0 3956.0 104.0 92.0 in
12228.0 3980.0 180.0 96.0 my
12480.0 3956.0 328.0 96.0 flesh.

12156.0 4124.0 812.0 112.0 "Wonderful,"
13060.0 4128.0 140.0 92.0 he
13288.0 4120.0 508.0 100.0 beamed.
13948.0 4120.0 332.0 96.0 "Now

12036.0 4292.0 180.0 68.0 see
12284.0 4264.0 88.0 92.0 If
12432.0 4284.0 216.0 96.0 you
12704.0 4280.0 220.0 76.0 can
12992.0 4264.0 140.0 96.0 do
13196.0 4264.0 92.0 104.0 it
13344.0 4264.0 280.0 96.0 with
13684.0 4284.0 288.0 100.0 your
14024.0 4284.0 256.0 96.0 eyes

12028.0 4424.0 312.0 92.0 open.

12160.0 4680.0 284.0 88.0 BIT
12560.0 4680.0 712.0 88.0 FXEANOR
13384.0 4680.0 228.0 92.0 had
13728.0 4700.0 264.0 72.0 seen
14104.0 4692.0 172.0 76.0 me

12040.0 4812.0 324.0 100.0 make
12444.0 4812.0 188.0 92.0 the
12704.0 4816.0 264.0 96.0 shot
13036.0 4816.0 220.0 96.0 and
13332.0 4812.0 60.0 96.0 I
13464.0 4808.0 496.0 104.0 couldn't
14024.0 4816.0 252.0 108.0 stay

12040.0 4952.0 284.0 96.0 mad.
12368.0 4948.0 332.0 96.0 After
12748.0 4952.0 56.0 96.0 I
12848.0 4956.0 292.0 92.0 sank
13192.0 4956.0 188.0 92.0 the
13436.0 4956.0 284.0 116.0 putt,
13768.0 4952.0 60.0 100.0 I
13876.0 4956.0 396.0 96.0 turned

12040.0 5092.0 108.0 92.0 to
12204.0 5092.0 184.0 92.0 the
12444.0 5088.0 364.0 116.0 caddy
12860.0 5096.0 220.0 92.0 and
13140.0 5088.0 276.0 112.0 said,
13472.0 5088.0 404.0 100.0 "Come
13928.0 5096.0 340.0 108.0 clean,

12040.0 5256.0 228.0 76.0 son.
12332.0 5232.0 280.0 112.0 Why
12676.0 5232.0 284.0 96.0 have
13020.0 5256.0 220.0 92.0 you
13296.0 5232.0 284.0 92.0 been
13644.0 5232.0 384.0 120.0 trying
14084.0 5236.0 192.0 96.0 out

12036.0 5368.0 312.0 96.0 those
12428.0 5368.0 320.0 116.0 jokes
12828.0 5392.0 140.0 72.0 on
13056.0 5368.0 252.0 96.0 me?
13388.0 5372.0 108.0 96.0 It
13576.0 5372.0 496.0 96.0 couldn't
14144.0 5376.0 128.0 88.0 be

12032.0 5508.0 364.0 112.0 you're
12472.0 5512.0 612.0 92.0 interested
13164.0 5516.0 108.0 92.0 in
13352.0 5512.0 312.0 92.0 show
13744.0 5508.0 520.0 116.0 business,

12036.0 5652.0 312.0 92.0 could
12408.0 5648.0 220.0 96.0 it?"

12156.0 5788.0 164.0 96.0 "It
12372.0 5784.0 416.0 116.0 could,"
12848.0 5788.0 132.0 96.0 he
13036.0 5788.0 504.0 120.0 grinned.
13600.0 5788.0 248.0 104.0 And
13912.0 5796.0 84.0 100.0 it
14048.0 5820.0 224.0 80.0 was

12028.0 5952.0 64.0 68.0 a
12160.0 5932.0 236.0 88.0 nice
12464.0 5952.0 280.0 88.0 grin.

12148.0 6068.0 288.0 116.0 "OK,
12608.0 6064.0 680.0 116.0 comedian,"
13464.0 6068.0 56.0 100.0 I
13692.0 6068.0 572.0 104.0 chuckled.

12020.0 6204.0 388.0 100.0 "Come
12512.0 6208.0 432.0 96.0 around
13048.0 6220.0 116.0 92.0 to
13264.0 6232.0 188.0 100.0 my
13560.0 6208.0 344.0 104.0 office
14004.0 6220.0 256.0 88.0 next

12016.0 6352.0 304.0 88.0 week
12380.0 6352.0 224.0 96.0 and
12660.0 6352.0 168.0 96.0 I'll
12888.0 6376.0 184.0 80.0 see
13132.0 6356.0 308.0 92.0 what
13496.0 6348.0 56.0 104.0 I
13608.0 6376.0 216.0 76.0 can
13884.0 6356.0 140.0 96.0 do
14084.0 6356.0 172.0 96.0 for

12012.0 6484.0 300.0 120.0 you."

12128.0 6628.0 288.0 100.0 Next
12492.0 6632.0 244.0 116.0 day,
12812.0 6632.0 188.0 104.0 the
13072.0 6632.0 212.0 120.0 girl
13360.0 6632.0 124.0 100.0 at
13552.0 6632.0 192.0 100.0 the
13816.0 6632.0 392.0 100.0 switch-

12004.0 6768.0 344.0 100.0 board
12408.0 6772.0 696.0 116.0 announced,
13172.0 6772.0 516.0 100.0 "There's
13752.0 6800.0 72.0 72.0 a
13880.0 6792.0 372.0 104.0 young

12004.0 6932.0 260.0 76.0 man
12340.0 6936.0 140.0 72.0 on
12560.0 6916.0 180.0 92.0 his
12812.0 6932.0 256.0 100.0 way
13140.0 6912.0 328.0 100.0 down
13552.0 6916.0 112.0 96.0 to
13744.0 6944.0 188.0 72.0 see
14004.0 6940.0 244.0 100.0 you.

12004.0 7048.0 168.0 116.0 By
12236.0 7052.0 816.0 120.0 appointment,
13120.0 7056.0 136.0 96.0 he
13328.0 7052.0 360.0 120.0 says."

12128.0 7188.0 488.0 100.0 "What's
12688.0 7196.0 176.0 96.0 his
12940.0 7188.0 472.0 100.0 name?"
13488.0 7196.0 60.0 96.0 I
13616.0 7188.0 388.0 112.0 asked.

12124.0 7328.0 124.0 96.0 "I
12296.0 7332.0 300.0 100.0 don't
12648.0 7336.0 428.0 108.0 know,"
13128.0 7336.0 248.0 104.0 said
13428.0 7336.0 192.0 100.0 the
13676.0 7340.0 244.0 116.0 girl.
13976.0 7336.0 280.0 100.0 "But

12012.0 7472.0 224.0 100.0 he's
12304.0 7472.0 276.0 100.0 been
12648.0 7476.0 384.0 116.0 trying
13096.0 7476.0 112.0 96.0 to
13276.0 7480.0 196.0 112.0 get
13532.0 7500.0 152.0 72.0 an
13752.0 7476.0 500.0 100.0 audition

12012.0 7616.0 184.0 96.0 the
12260.0 7620.0 252.0 112.0 past
12568.0 7616.0 388.0 116.0 couple
13016.0 7620.0 116.0 92.0 of
13188.0 7612.0 468.0 100.0 weeks."

12136.0 7752.0 228.0 96.0 The
12456.0 7756.0 320.0 100.0 "kid"
12876.0 7756.0 440.0 100.0 winked
13412.0 7760.0 124.0 96.0 at
13636.0 7780.0 172.0 80.0 me
13904.0 7784.0 128.0 76.0 as
14120.0 7760.0 132.0 96.0 he

12016.0 7896.0 428.0 96.0 walked
12508.0 7896.0 140.0 100.0 in.

12136.0 8036.0 436.0 96.0 "Didn't
12716.0 8036.0 52.0 100.0 I
12904.0 8068.0 180.0 68.0 see
13224.0 8064.0 216.0 92.0 you
13576.0 8044.0 680.0 96.0 somewhere

12012.0 8200.0 324.0 92.0 years
12388.0 8176.0 352.0 120.0 ago?"
12796.0 8184.0 52.0 92.0 I
12904.0 8184.0 344.0 92.0 asked
13312.0 8184.0 264.0 96.0 him.

12132.0 8316.0 740.0 100.0 "Remember
12940.0 8328.0 188.0 96.0 the
13204.0 8324.0 300.0 96.0 Four
13568.0 8324.0 688.0 116.0 Downeys?"

12016.0 8460.0 132.0 100.0 he
12228.0 8460.0 272.0 96.0 said.
12580.0 8460.0 516.0 124.0 "Snappy
13176.0 8488.0 340.0 92.0 songs
13596.0 8468.0 228.0 96.0 and
13900.0 8472.0 360.0 108.0 classy

12016.0 8600.0 512.0 100.0 chatter?
12588.0 8604.0 52.0 96.0 I
12700.0 8628.0 232.0 72.0 was
12992.0 8612.0 188.0 92.0 the
13240.0 8604.0 192.0 96.0 kid
13492.0 8608.0 272.0 116.0 they
13820.0 8608.0 272.0 100.0 used
14156.0 8612.0 104.0 96.0 to

12020.0 8740.0 320.0 116.0 bring
12396.0 8744.0 200.0 96.0 out
12656.0 8744.0 176.0 96.0 for
12892.0 8748.0 188.0 96.0 the
13144.0 8744.0 332.0 100.0 bow."

12144.0 8876.0 244.0 104.0 "I'll
12456.0 8904.0 184.0 76.0 tee
12708.0 8880.0 304.0 100.0 what
13080.0 8884.0 64.0 100.0 I
13208.0 8908.0 212.0 76.0 can
13492.0 8884.0 140.0 100.0 do
13688.0 8868.0 196.0 136.0 'for
13952.0 8888.0 312.0 120.0 you,"

12012.0 9012.0 56.0 100.0 I
12140.0 9016.0 276.0 100.0 said.
12564.0 9016.0 204.0 100.0 "In
12852.0 9020.0 184.0 100.0 the
13112.0 9024.0 616.0 96.0 meantime
13812.0 9024.0 48.0 96.0 I
13932.0 9028.0 196.0 120.0 got
14200.0 9048.0 64.0 76.0 a

12020.0 9148.0 724.0 120.0 booking-for
12808.0 9176.0 220.0 88.0 you.
13096.0 9164.0 268.0 92.0 next
13432.0 9156.0 492.0 120.0 Sunday.
14060.0 9160.0 204.0 100.0 I'm

12016.0 9284.0 452.0 120.0 playing
12528.0 9312.0 68.0 72.0 a
12660.0 9296.0 376.0 96.0 match
13100.0 9292.0 276.0 100.0 with
13440.0 9296.0 408.0 100.0 Milton
13908.0 9296.0 352.0 100.0 Berle.

12012.0 9420.0 160.0 100.0 I'd
12232.0 9424.0 228.0 100.0 like
12516.0 9444.0 220.0 96.0 you
12796.0 9428.0 108.0 96.0 to
12960.0 9428.0 360.0 116.0 caddy
13368.0 9428.0 192.0 120.0 for
13612.0 9428.0 340.0 104.0 him."

12016.0 9716.0 884.0 292.0 Hospital
12968.0 9724.0 188.0 232.0 Is
13240.0 9724.0 724.0 240.0 Visited

12076.0 10028.0 264.0 296.0 By
12412.0 10036.0 364.0 228.0 100
12844.0 10032.0 1364.0 244.0 Pediatricians

12336.0 10340.0 556.0 236.0 From
12972.0 10356.0 228.0 220.0 31
13304.0 10352.0 968.0 240.0 Countries

12140.0 10652.0 824.0 108.0 International
13108.0 10664.0 476.0 100.0 Interest
13728.0 10672.0 112.0 96.0 in
13976.0 10672.0 288.0 100.0 child

12020.0 10820.0 408.0 120.0 health,
12552.0 10828.0 544.0 100.0 medicine
13216.0 10836.0 228.0 92.0 and
13568.0 10836.0 664.0 116.0 hospitaliza

12024.0 10988.0 228.0 100.0 tion
12364.0 11012.0 236.0 76.0 was
12716.0 10996.0 852.0 100.0 demonstrated
13680.0 11004.0 596.0 120.0 yesterday

12024.0 11156.0 312.0 100.0 when
12412.0 11164.0 896.0 120.0 approximately
13368.0 11160.0 196.0 100.0 100
13632.0 11168.0 640.0 116.0 physicians

12024.0 11328.0 776.0 124.0 representing
12856.0 11324.0 120.0 100.0 31
13036.0 11332.0 460.0 96.0 nations
13560.0 11336.0 116.0 96.0 In
13744.0 11336.0 144.0 96.0 all
13956.0 11360.0 276.0 96.0 quar

12024.0 11496.0 232.0 88.0 ters
12328.0 11496.0 124.0 92.0 of
12516.0 11492.0 192.0 100.0 the
12788.0 11492.0 320.0 124.0 globe
13184.0 11500.0 396.0 96.0 toured
13652.0 11496.0 620.0 108.0 Children's

12024.0 11652.0 548.0 128.0 Hospital.

12148.0 11820.0 228.0 100.0 The
12480.0 11852.0 360.0 100.0 group
12936.0 11828.0 224.0 104.0 had
13260.0 11856.0 320.0 80.0 come
13684.0 11832.0 300.0 104.0 from
14080.0 11840.0 192.0 100.0 the

12024.0 11988.0 560.0 100.0 Pediatric
12688.0 11992.0 556.0 120.0 Congress
13344.0 12000.0 120.0 96.0 In
13560.0 12000.0 284.0 100.0 New
13932.0 12000.0 336.0 128.0 York,

12024.0 12156.0 220.0 100.0 and
12304.0 12160.0 208.0 96.0 left
12572.0 12160.0 304.0 100.0 after
12940.0 12168.0 336.0 92.0 lunch
13344.0 12172.0 128.0 92.0 at
13528.0 12168.0 200.0 96.0 the
13792.0 12172.0 476.0 112.0 hospital

12024.0 12296.0 592.0 112.0 yesterday
12680.0 12300.0 120.0 92.0 to
12864.0 12300.0 524.0 96.0 continue
13456.0 12328.0 68.0 68.0 a
13592.0 12308.0 256.0 92.0 tour
13908.0 12308.0 364.0 100.0 which

12024.0 12428.0 220.0 92.0 will
12352.0 12432.0 440.0 96.0 include
12896.0 12432.0 524.0 116.0 Chicago,
13532.0 12432.0 740.0 120.0 Minneapolis

12024.0 12568.0 220.0 88.0 and
12308.0 12568.0 444.0 96.0 Detroit
12812.0 12592.0 416.0 96.0 among
13292.0 12576.0 152.0 92.0 its
13508.0 12568.0 368.0 116.0 major
13940.0 12584.0 300.0 108.0 stops

12152.0 12696.0 804.0 116.0 Preparations
13072.0 12704.0 176.0 96.0 for
13368.0 12704.0 192.0 96.0 the
13680.0 12708.0 268.0 100.0 visit
14060.0 12712.0 212.0 96.0 had

12032.0 12840.0 268.0 88.0 been
12460.0 12840.0 328.0 88.0 made
12948.0 12840.0 356.0 92.0 under
13460.0 12844.0 548.0 96.0 direction
14164.0 12852.0 112.0 92.0 of

12028.0 12964.0 408.0 96.0 Newell
12488.0 12964.0 136.0 100.0 H.
12744.0 12968.0 624.0 120.0 Hargrave,
13424.0 12976.0 408.0 112.0 Acting
13888.0 12980.0 348.0 116.0 Super

12032.0 13112.0 580.0 88.0 intendent
12736.0 13112.0 120.0 92.0 of
12976.0 13112.0 628.0 92.0 Children's
13732.0 13112.0 540.0 120.0 Hospital.

12052.0 13240.0 204.0 88.0 The
12384.0 13256.0 528.0 96.0 program
13036.0 13264.0 228.0 72.0 was
13392.0 13244.0 112.0 96.0 in
13628.0 13244.0 416.0 116.0 charge
14164.0 13252.0 112.0 96.0 of

12036.0 13364.0 180.0 100.0 Dr.
12296.0 13368.0 116.0 100.0 A.
12484.0 13372.0 424.0 116.0 Ashley
12984.0 13376.0 440.0 120.0 Weech,
13508.0 13372.0 328.0 108.0 Chief
13904.0 13384.0 124.0 96.0 of
14092.0 13384.0 184.0 100.0 the

12040.0 13512.0 468.0 88.0 Medical
12656.0 13512.0 336.0 108.0 Staff,
13140.0 13516.0 220.0 92.0 and
13512.0 13512.0 192.0 100.0 Dr.
13852.0 13512.0 420.0 112.0 George

12032.0 13636.0 344.0 96.0 Guest
12436.0 13636.0 120.0 96.0 of
12616.0 13640.0 188.0 96.0 the
12864.0 13636.0 576.0 108.0 Research
13504.0 13640.0 772.0 120.0 Department.

12152.0 13768.0 228.0 96.0 The
12452.0 13772.0 256.0 100.0 tour
12780.0 13772.0 120.0 100.0 of
12964.0 13776.0 192.0 100.0 the
13224.0 13780.0 496.0 112.0 hospital
13784.0 13800.0 232.0 84.0 was
14084.0 13780.0 156.0 104.0 fol-

12036.0 13904.0 344.0 92.0 lowed
12460.0 13900.0 240.0 120.0 just
12780.0 13908.0 384.0 104.0 before
13248.0 13912.0 340.0 104.0 lunch
13672.0 13912.0 148.0 124.0 by
13904.0 13944.0 68.0 72.0 a
14052.0 13944.0 188.0 92.0 spe-

12036.0 14036.0 208.0 96.0 cial
12328.0 14036.0 288.0 100.0 staff
12696.0 14044.0 668.0 100.0 conference
13448.0 14052.0 124.0 100.0 at
13648.0 14052.0 372.0 100.0 which
14096.0 14060.0 184.0 96.0 the

12040.0 14172.0 308.0 92.0 hosts
12540.0 14172.0 848.0 100.0 demonstrated
13584.0 14184.0 252.0 96.0 how
14020.0 14188.0 264.0 92.0 thev

12008.0 14280.0 428.0 128.0 leather
12492.0 14308.0 560.0 120.0 routinely
13108.0 14312.0 120.0 96.0 to
13276.0 14316.0 464.0 112.0 present
13800.0 14312.0 484.0 124.0 patients

12020.0 14456.0 220.0 72.0 and
12300.0 14456.0 432.0 76.0 discuss
12788.0 14456.0 224.0 80.0 and
13072.0 14456.0 464.0 104.0 analyze
13588.0 14456.0 304.0 88.0 their
13928.0 14472.0 340.0 80.0 cases.

12724.0 18228.0 736.0 212.0 meed
13592.0 18264.0 628.0 180.0 smu

11948.0 25124.0 744.0 148.0 AMBER

11940.0 25356.0 532.0 172.0 Playing

15216.0 6348.0 128.0 60.0 MM
15500.0 6348.0 112.0 56.0 JW
15648.0 6348.0 168.0 60.0 Chn
15932.0 6344.0 236.0 60.0 Trm
16232.0 6408.0 24.0 40.0 (
16300.0 6348.0 244.0 88.0 7-2

14412.0 6540.0 60.0 40.0 "
14704.0 6540.0 444.0 128.0 wasn't
15240.0 6576.0 224.0 104.0 me,
15560.0 6540.0 240.0 120.0 Mr.
15892.0 6544.0 672.0 140.0 Ferguson,
16664.0 6548.0 252.0 120.0 I've
17016.0 6552.0 292.0 116.0 been
17412.0 6548.0 124.0 120.0 in
17644.0 6584.0 64.0 84.0 a
17820.0 6548.0 484.0 144.0 batting
18396.0 6552.0 404.0 144.0 slump

16160.0 6716.0 204.0 116.0 ior
16448.0 6716.0 548.0 124.0 weeks!"

14344.0 6976.0 804.0 224.0 Todays
15272.0 6988.0 448.0 180.0 Best

14332.0 7336.0 568.0 268.0 Short,
15032.0 7344.0 500.0 212.0 Short
15656.0 7348.0 560.0 272.0 Story:

14512.0 7640.0 660.0 104.0 Leblghton,
15224.0 7640.0 232.0 104.0 Pa.,
15504.0 7640.0 268.0 104.0 July
15824.0 7640.0 120.0 88.0 23
16088.0 7640.0 284.0 96.0 (API-

14388.0 7796.0 748.0 120.0 Vacationing
15200.0 7824.0 140.0 72.0 on
15412.0 7796.0 648.0 100.0 Poho-Poco
16124.0 7800.0 388.0 116.0 Creek,

14388.0 7964.0 672.0 100.0 Fisherman
15132.0 7968.0 212.0 96.0 Bill
15412.0 7968.0 416.0 100.0 Jacobs
15896.0 7972.0 476.0 116.0 dangled
16444.0 8004.0 76.0 68.0 a

14388.0 8136.0 240.0 100.0 lure
14768.0 8136.0 384.0 100.0 before
15276.0 8164.0 76.0 76.0 a
15476.0 8136.0 676.0 120.0 half-grown
16288.0 8144.0 224.0 96.0 bull

14392.0 8308.0 256.0 124.0 frog
14716.0 8308.0 376.0 124.0 today.

14516.0 8484.0 264.0 96.0 Just
14876.0 8512.0 128.0 72.0 as
15100.0 8484.0 192.0 100.0 the
15384.0 8488.0 252.0 120.0 frog
15732.0 8484.0 488.0 120.0 grabbed
16316.0 8488.0 200.0 100.0 the

14388.0 8652.0 196.0 120.0 fly,
14656.0 8680.0 76.0 72.0 a
14808.0 8652.0 444.0 120.0 hungry
15320.0 8656.0 264.0 100.0 bass
15652.0 8656.0 396.0 120.0 leaped
16124.0 8660.0 196.0 96.0 out
16396.0 8664.0 120.0 92.0 of

14388.0 8828.0 196.0 104.0 the
14648.0 8828.0 388.0 116.0 water,
15096.0 8828.0 416.0 120.0 seizing
15576.0 8832.0 196.0 96.0 the
15832.0 8832.0 348.0 120.0 frog's
16240.0 8828.0 276.0 104.0 hind

14388.0 8996.0 268.0 104.0 feet

14512.0 9168.0 236.0 104.0 The
14808.0 9172.0 280.0 104.0 New
15144.0 9172.0 432.0 104.0 Yorker
15632.0 9172.0 372.0 124.0 pulled
16064.0 9172.0 272.0 104.0 both
16396.0 9180.0 120.0 96.0 to

14392.0 9340.0 364.0 100.0 shore.
14888.0 9344.0 244.0 100.0 The
15224.0 9344.0 268.0 100.0 bass
15588.0 9344.0 508.0 120.0 weighed
16196.0 9344.0 324.0 104.0 three

14392.0 9512.0 224.0 96.0 and
14756.0 9508.0 816.0 104.0 three-fourths
15716.0 9520.0 436.0 116.0 pounds
16288.0 9520.0 228.0 100.0 and

14396.0 9680.0 596.0 104.0 measured
15056.0 9692.0 120.0 96.0 19
15236.0 9684.0 420.0 112.0 inches.

14520.0 9856.0 340.0 96.0 Aside
14928.0 9856.0 296.0 100.0 from
15292.0 9888.0 72.0 72.0 a
15428.0 9860.0 220.0 100.0 few
15720.0 9864.0 308.0 96.0 teeth
16100.0 9864.0 416.0 116.0 marks,

14396.0 10024.0 196.0 100.0 the
14668.0 10028.0 260.0 116.0 frog
15004.0 10052.0 232.0 72.0 was
15308.0 10028.0 456.0 104.0 unhurt.
15872.0 10036.0 412.0 96.0 Jacobs
16364.0 10036.0 156.0 104.0 let

14400.0 10200.0 88.0 96.0 It
14568.0 10224.0 172.0 92.0 go.

14336.0 10468.0 696.0 188.0 Solicitor
15088.0 10548.0 72.0 108.0 s
15248.0 10480.0 296.0 180.0 Son
15636.0 10484.0 548.0 180.0 Rallies

14588.0 10716.0 440.0 184.0 After
15092.0 10720.0 812.0 216.0 Operation
15976.0 10728.0 224.0 180.0 On
16260.0 10724.0 328.0 184.0 Jaw

14468.0 10960.0 492.0 100.0 Thomas
15044.0 10964.0 332.0 120.0 Long,
15464.0 10964.0 144.0 116.0 10,
15696.0 10996.0 204.0 76.0 son
15988.0 10972.0 120.0 96.0 of
16192.0 10972.0 392.0 100.0 Milton

14344.0 11100.0 336.0 120.0 Long,
14784.0 11104.0 244.0 96.0 1644
15128.0 11108.0 524.0 92.0 Marlowe
15748.0 11108.0 296.0 108.0 Ave.,
16148.0 11112.0 436.0 120.0 College

14348.0 11244.0 256.0 116.0 Hill,
14696.0 11244.0 576.0 96.0 Assistant
15368.0 11248.0 248.0 112.0 City
15716.0 11248.0 540.0 112.0 Solicitor,
16352.0 11276.0 236.0 72.0 was

14356.0 11384.0 512.0 112.0 reported
15000.0 11384.0 332.0 120.0 doing
15452.0 11388.0 332.0 116.0 "very
15928.0 11384.0 420.0 120.0 nicely"
16468.0 11396.0 120.0 96.0 at

14348.0 11516.0 616.0 100.0 Children's
15024.0 11524.0 524.0 120.0 Hospital
15612.0 11528.0 224.0 92.0 last
15896.0 11528.0 324.0 116.0 night
16284.0 11528.0 304.0 100.0 after

14352.0 11684.0 64.0 68.0 a
14476.0 11684.0 252.0 72.0 rare
14788.0 11664.0 572.0 112.0 ankylosis
15420.0 11664.0 580.0 112.0 operation
16056.0 11688.0 232.0 68.0 was
16356.0 11688.0 200.0 92.0 per-

14344.0 11800.0 432.0 96.0 formed
14820.0 11824.0 140.0 72.0 on
15004.0 11800.0 228.0 96.0 him
15268.0 11804.0 624.0 116.0 yesterday.
16012.0 11804.0 228.0 100.0 The
16284.0 11824.0 264.0 92.0 oper-

14348.0 11940.0 304.0 92.0 ation
14728.0 11964.0 236.0 72.0 was
15044.0 11940.0 176.0 96.0 for
15292.0 11944.0 188.0 92.0 the
15552.0 11944.0 496.0 92.0 removal
16140.0 11948.0 116.0 96.0 of
16328.0 11968.0 260.0 72.0 scar

14348.0 12076.0 344.0 100.0 tissue
14780.0 12080.0 364.0 92.0 which
15236.0 12080.0 220.0 100.0 had
15544.0 12080.0 588.0 96.0 restricted
16224.0 12104.0 324.0 76.0 move-

14348.0 12220.0 308.0 96.0 ment
14728.0 12216.0 120.0 108.0 of
14924.0 12216.0 172.0 100.0 his
15164.0 12216.0 280.0 120.0 jaws
15516.0 12220.0 308.0 96.0 since
15900.0 12216.0 136.0 100.0 he
16112.0 12240.0 228.0 72.0 was
16412.0 12224.0 172.0 92.0 six

14344.0 12356.0 452.0 96.0 months
14892.0 12356.0 208.0 108.0 old,
15196.0 12360.0 320.0 92.0 when
15604.0 12364.0 144.0 96.0 he
15840.0 12356.0 500.0 96.0 suffered
16432.0 12384.0 148.0 72.0 an

14348.0 12496.0 392.0 96.0 attack
14824.0 12496.0 116.0 96.0 of
15012.0 12496.0 596.0 116.0 erysipelas
15684.0 12496.0 220.0 92.0 and
15980.0 12496.0 564.0 120.0 osteomye-

14352.0 12632.0 252.0 96.0 litis.
14352.0 12868.0 392.0 184.0 Born
14816.0 12872.0 384.0 184.0 With
15260.0 12872.0 476.0 184.0 Silver
15796.0 12868.0 608.0 224.0 Spoon?

14604.0 13112.0 996.0 184.0 Four-Footer
15676.0 13120.0 228.0 180.0 On
15980.0 13116.0 616.0 216.0 Display

14476.0 13360.0 96.0 96.0 A
14652.0 13356.0 560.0 104.0 four-foot'
15268.0 13364.0 564.0 112.0 teaspoon,
15912.0 13360.0 496.0 100.0 believed
16484.0 13364.0 112.0 96.0 to

14360.0 13496.0 128.0 104.0 be
14556.0 13500.0 188.0 96.0 the
14808.0 13500.0 432.0 96.0 world's
15304.0 13500.0 444.0 116.0 largest,
15816.0 13500.0 92.0 96.0 is
15972.0 13524.0 136.0 76.0 on
16172.0 13500.0 424.0 96.0 exhibit

14356.0 13636.0 116.0 96.0 at
14552.0 13636.0 188.0 96.0 the
14820.0 13636.0 424.0 116.0 George
15332.0 13640.0 136.0 96.0 H.
15548.0 13636.0 576.0 100.0 Newstedt
16204.0 13644.0 92.0 96.0 &
16380.0 13636.0 208.0 116.0 Co.,

14356.0 13772.0 536.0 116.0 Jewelers,
14996.0 13780.0 180.0 100.0 100
15264.0 13780.0 164.0 96.0 W.
15524.0 13772.0 428.0 104.0 Fourth
16052.0 13776.0 152.0 100.0 St.
16368.0 13776.0 228.0 96.0 The

14368.0 13908.0 284.0 120.0 huge
14772.0 13936.0 348.0 96.0 spoon
15236.0 13912.0 92.0 104.0 is
15444.0 13912.0 296.0 108.0 hand
15852.0 13912.0 516.0 116.0 wrought
16480.0 13916.0 120.0 92.0 of

14368.0 14052.0 276.0 96.0 solid
14716.0 14052.0 360.0 112.0 silver,
15148.0 14056.0 416.0 116.0 weighs
15624.0 14052.0 184.0 104.0 263
15880.0 14056.0 248.0 116.0 troy
16196.0 14072.0 404.0 76.0 ounces

14368.0 14192.0 216.0 92.0 end
14664.0 14192.0 324.0 96.0 holds
15060.0 14212.0 72.0 76.0 a
15204.0 14196.0 364.0 108.0 gallon
15644.0 14192.0 124.0 96.0 of
15840.0 14192.0 344.0 112.0 liquid
16260.0 14196.0 112.0 96.0 In
16452.0 14192.0 144.0 96.0 its

14364.0 14320.0 308.0 104.0 bowl.
14832.0 14328.0 104.0 92.0 It
15024.0 14348.0 232.0 72.0 was
15348.0 14324.0 712.0 96.0 constructed
16152.0 14324.0 112.0 96.0 in
16360.0 14344.0 196.0 96.0 pro-

14372.0 14460.0 440.0 104.0 portion
14872.0 14460.0 116.0 92.0 to
15048.0 14484.0 68.0 68.0 a
15172.0 14480.0 432.0 80.0 woman
15664.0 14468.0 128.0 92.0 40
15840.0 14460.0 236.0 96.0 feet
16136.0 14456.0 224.0 96.0 tall.

14380.0 18216.0 1320.0 224.0 iyemSmi

16648.0 6988.0 920.0 236.0 Dearness
17652.0 6992.0 512.0 232.0 Rites
18244.0 6996.0 316.0 232.0 Set

16904.0 7292.0 212.0 232.0 In
17200.0 7292.0 916.0 236.0 Loveland

18192.0 7292.0 696.0 292.0 Friday

16780.0 7596.0 500.0 96.0 Services
17352.0 7600.0 180.0 96.0 for
17600.0 7604.0 444.0 96.0 Donald
18116.0 7600.0 120.0 96.0 F.
18300.0 7600.0 596.0 116.0 Dearness,

16660.0 7772.0 576.0 116.0 telegraph
17332.0 7772.0 364.0 96.0 editor
17792.0 7772.0 124.0 96.0 of
18012.0 7772.0 232.0 96.0 The
18340.0 7768.0 560.0 116.0 Enquirer

16656.0 7948.0 220.0 92.0 and
16952.0 7948.0 460.0 96.0 veteran
17488.0 7944.0 636.0 100.0 Cincinnati
18208.0 7964.0 652.0 96.0 newspaper-

16656.0 8144.0 288.0 84.0 man,
17028.0 8120.0 220.0 96.0 will
17324.0 8116.0 140.0 96.0 be
17548.0 8120.0 616.0 96.0 conducted
18244.0 8116.0 116.0 96.0 at
18432.0 8116.0 60.0 100.0 2
18572.0 8148.0 100.0 96.0 p.
18752.0 8144.0 148.0 72.0 m.

16668.0 8292.0 588.0 96.0 tomorrow
17404.0 8288.0 112.0 104.0 at
17664.0 8292.0 188.0 100.0 the
17992.0 8292.0 328.0 96.0 Tufts
18460.0 8288.0 444.0 100.0 funeral

16660.0 8460.0 348.0 116.0 home,
17096.0 8460.0 600.0 108.0 Loveland.
17784.0 8464.0 388.0 100.0 Burial
18252.0 8460.0 220.0 100.0 will
18556.0 8464.0 136.0 100.0 be
18780.0 8460.0 120.0 100.0 In

16660.0 8636.0 648.0 96.0 Miamiville
17400.0 8644.0 624.0 112.0 Cemetery.

16756.0 8812.0 560.0 108.0 Members
17408.0 8820.0 128.0 96.0 of
17624.0 8820.0 232.0 100.0 The
17952.0 8816.0 552.0 124.0 Enquirer
18596.0 8824.0 296.0 100.0 staff

16644.0 8984.0 248.0 92.0 who
16984.0 8984.0 220.0 96.0 will
17300.0 9008.0 320.0 76.0 serve
17708.0 9008.0 136.0 72.0 as
17928.0 8988.0 676.0 120.0 pallbearers
18692.0 9016.0 204.0 72.0 are

16660.0 9156.0 372.0 120.0 Roger
17172.0 9156.0 128.0 104.0 O.
17436.0 9156.0 468.0 128.0 Dudley,
18044.0 9188.0 300.0 76.0 news
18484.0 9164.0 412.0 116.0 editor;

16640.0 9328.0 244.0 100.0 Don
17000.0 9324.0 116.0 108.0 C.
17228.0 9328.0 356.0 128.0 Heck,
17700.0 9328.0 324.0 128.0 night
18136.0 9336.0 228.0 120.0 city
18472.0 9336.0 412.0 120.0 editor;

16636.0 9500.0 484.0 100.0 William
17216.0 9500.0 104.0 104.0 J.
17420.0 9504.0 480.0 120.0 Water,
17992.0 9508.0 540.0 100.0 assistant
18624.0 9508.0 220.0 100.0 tele

16652.0 9672.0 356.0 116.0 graph
17100.0 9668.0 408.0 116.0 editor;
17604.0 9668.0 408.0 124.0 LeRoy
18104.0 9672.0 120.0 96.0 P.
18312.0 9668.0 588.0 116.0 Hartford,

16640.0 9848.0 288.0 92.0 state
17060.0 9848.0 404.0 112.0 editor;
17600.0 9844.0 292.0 100.0 Jack
18012.0 9844.0 376.0 124.0 Appel,
18512.0 9840.0 336.0 108.0 Ports

16640.0 10016.0 416.0 120.0 mouth,
17132.0 10016.0 316.0 116.0 Ohio,
17524.0 10020.0 424.0 96.0 bureau
18028.0 10044.0 564.0 92.0 manager,
18664.0 10020.0 224.0 100.0 and

16640.0 10184.0 384.0 100.0 Elmer
17180.0 10184.0 140.0 100.0 H.
17480.0 10184.0 652.0 124.0 Dressman,
18292.0 10180.0 608.0 132.0 Kentucky

16648.0 10328.0 384.0 96.0 editor.

16796.0 10464.0 204.0 92.0 Mr.
17080.0 10460.0 592.0 108.0 Dearness,
17752.0 10460.0 252.0 96.0 who
18084.0 10484.0 228.0 68.0 was
18384.0 10460.0 120.0 96.0 62
18580.0 10484.0 332.0 92.0 years

16676.0 10604.0 208.0 112.0 old,
17020.0 10600.0 248.0 104.0 died
17400.0 10600.0 512.0 112.0 Tuesday
18048.0 10604.0 312.0 112.0 night
18488.0 10604.0 120.0 92.0 at
18740.0 10600.0 176.0 96.0 his

16668.0 10744.0 324.0 96.0 home
17072.0 10768.0 140.0 72.0 on
17296.0 10744.0 188.0 96.0 the
17564.0 10740.0 1064.0 100.0 Loveland-Mllford
18664.0 10740.0 244.0 112.0 Rd.,

16672.0 10908.0 268.0 76.0 near
17024.0 10880.0 596.0 104.0 Loveland.
17704.0 10884.0 176.0 96.0 He
17960.0 10888.0 220.0 96.0 had
18256.0 10884.0 508.0 100.0 suffered
18848.0 10908.0 68.0 68.0 a

16688.0 11024.0 320.0 96.0 heart
17152.0 11024.0 396.0 100.0 attack
17692.0 11024.0 224.0 100.0 last
18064.0 11024.0 612.0 120.0 Thursday.
18816.0 11024.0 100.0 96.0 A

16684.0 11168.0 484.0 92.0 member
17308.0 11168.0 112.0 96.0 of
17564.0 11168.0 232.0 96.0 The
17936.0 11168.0 544.0 112.0 Enquirer
18616.0 11188.0 304.0 72.0 news

16672.0 11308.0 284.0 96.0 staff
17108.0 11308.0 304.0 96.0 since
17568.0 11312.0 272.0 108.0 1934,
17996.0 11312.0 212.0 104.0 Mr.
18348.0 11308.0 568.0 100.0 Dearness

16668.0 11448.0 392.0 100.0 served
17148.0 11476.0 128.0 72.0 as
17360.0 11476.0 68.0 72.0 a
17512.0 11456.0 712.0 112.0 copyreader,
18304.0 11456.0 296.0 92.0 state
18688.0 11452.0 180.0 96.0 edi-

16672.0 11596.0 172.0 92.0 tor
16932.0 11592.0 220.0 96.0 and
17244.0 11592.0 548.0 96.0 assistant
17880.0 11596.0 580.0 112.0 telegraph
18540.0 11596.0 376.0 96.0 editor

16668.0 11732.0 384.0 100.0 before
17132.0 11736.0 140.0 96.0 he
17356.0 11736.0 456.0 96.0 became
17896.0 11736.0 576.0 116.0 telegraph
18548.0 11736.0 372.0 96.0 editor

16672.0 11876.0 572.0 120.0 February
17332.0 11876.0 148.0 120.0 17,
17576.0 11876.0 276.0 100.0 1945.
17944.0 11884.0 172.0 92.0 He
18208.0 11876.0 220.0 100.0 had
18516.0 11876.0 400.0 100.0 served

16672.0 12044.0 124.0 68.0 as
16860.0 12020.0 548.0 96.0 assistant
17472.0 12028.0 232.0 108.0 city
17764.0 12016.0 360.0 100.0 editor
18188.0 12024.0 120.0 92.0 of
18372.0 12020.0 188.0 100.0 the
18596.0 12020.0 272.0 92.0 Com-

16660.0 12164.0 452.0 92.0 mercial
17212.0 12160.0 492.0 100.0 Tribune
17808.0 12176.0 224.0 96.0 and
18128.0 12188.0 132.0 72.0 as
18356.0 12164.0 548.0 96.0 assistant

16660.0 12304.0 228.0 112.0 city
16940.0 12304.0 356.0 96.0 editor
17348.0 12304.0 116.0 92.0 of
17520.0 12308.0 188.0 92.0 the
17764.0 12304.0 300.0 100.0 Post.

16800.0 12444.0 168.0 96.0 He
17088.0 12444.0 96.0 92.0 is
17304.0 12440.0 520.0 96.0 survived
17952.0 12452.0 136.0 100.0 by
18200.0 12436.0 176.0 104.0 his
18492.0 12440.0 424.0 112.0 widow,

16676.0 12580.0 260.0 96.0 Mrs.
17012.0 12584.0 256.0 112.0 May
17336.0 12584.0 592.0 116.0 Dearness,
18008.0 12584.0 416.0 96.0 former
18496.0 12588.0 420.0 112.0 society

16676.0 12724.0 356.0 96.0 editor
17136.0 12720.0 116.0 96.0 of
17360.0 12724.0 188.0 96.0 the
17656.0 12720.0 296.0 112.0 Post,
18052.0 12724.0 216.0 96.0 and
18376.0 12752.0 68.0 72.0 a
18548.0 12724.0 360.0 116.0 sister,

16676.0 12864.0 260.0 96.0 Mrs.
17016.0 12860.0 604.0 100.0 Frederick
17692.0 12860.0 436.0 120.0 Thayer
18200.0 12868.0 188.0 120.0 Jr.,
18460.0 12864.0 448.0 116.0 Darien,

16676.0 13004.0 808.0 100.0 Connectlcutt

17496.0 13252.0 568.0 184.0 Berlitz
18180.0 13256.0 612.0 184.0 Classes

17416.0 13524.0 160.0 68.0 ere
17736.0 13492.0 428.0 132.0 popular:
18328.0 13496.0 572.0 120.0 GERMAN,

17404.0 13620.0 712.0 120.0 SPANISH,
18188.0 13620.0 644.0 108.0 ROSSIIN

17424.0 13768.0 444.0 124.0 FRENCH,
17936.0 13784.0 180.0 96.0 etc.
18180.0 13768.0 332.0 104.0 Naue
18576.0 13772.0 324.0 100.0 teach,

17424.0 13932.0 184.0 80.0 en.
17688.0 13904.0 376.0 124.0 Special
18140.0 13936.0 392.0 76.0 tummei
18604.0 13920.0 296.0 92.0 ratei.

17388.0 14052.0 532.0 108.0 Approved
17976.0 14060.0 164.0 104.0 for
18200.0 14056.0 188.0 88.0 O.l.
18456.0 14060.0 448.0 100.0 training

17768.0 14200.0 216.0 104.0 THE
18052.0 14200.0 436.0 104.0 BERLITZ

17484.0 14332.0 412.0 108.0 SCHOOL
17964.0 14332.0 128.0 104.0 OF
18160.0 14332.0 616.0 108.0 LANGUAGES

17412.0 14496.0 232.0 68.0 1H31
17708.0 14496.0 204.0 68.0 Care
18040.0 14496.0 300.0 60.0 Tower.
18428.0 14496.0 156.0 64.0 MA
18640.0 14496.0 252.0 68.0 S283
19048.0 14536.0 12.0 44.0 ;

4448.0 27312.0 1504.0 296.0 txpenence
6080.0 27344.0 216.0 232.0 is

7488.0 27324.0 540.0 92.0 accident

8268.0 27524.0 176.0 108.0 AT
8532.0 27528.0 412.0 108.0 HOME

7624.0 27736.0 320.0 304.0 DR.
8072.0 27736.0 392.0 304.0 JOS.
8632.0 27744.0 176.0 304.0 B.
8936.0 27744.0 656.0 304.0 FILGER

7908.0 28116.0 232.0 116.0 836
8232.0 28120.0 508.0 112.0 CAREW
8832.0 28120.0 520.0 116.0 TOWER

4528.0 27608.0 1576.0 376.0 ;,V:thbest
6152.0 27616.0 1136.0 360.0 teacher!
