18976 29020
5860.0 1056.0 472.0 164.0 THE
6512.0 1052.0 1304.0 196.0 ENQUIRER,
8004.0 1060.0 1504.0 200.0 CINCINNATI,
9736.0 1060.0 1332.0 192.0 THURSDAY,
11248.0 1056.0 592.0 168.0 JULY
12024.0 1064.0 148.0 180.0 1,
12372.0 1060.0 552.0 164.0 1937

600.0 1568.0 652.0 216.0 Woman
1328.0 1572.0 600.0 212.0 Proves
2000.0 1572.0 384.0 204.0 Star

488.0 1924.0 48.0 128.0 ;
740.0 1872.0 216.0 200.0 M
1032.0 1860.0 700.0 212.0 Defense
1808.0 1868.0 724.0 208.0 Witness

892.0 2164.0 172.0 208.0 In
1140.0 2160.0 524.0 220.0 Hallot
1740.0 2168.0 472.0 212.0 Theft
2292.0 2172.0 400.0 208.0 Case

564.0 2732.0 836.0 108.0 CONTINUED
1476.0 2740.0 388.0 104.0 FROM
1932.0 2740.0 388.0 108.0 7AGS
2388.0 2740.0 300.0 104.0 OSI.

564.0 2980.0 304.0 100.0 tlfi4
940.0 2984.0 104.0 96.0 in
1120.0 2988.0 172.0 92.0 hit
1356.0 3008.0 232.0 72.0 own
1660.0 2984.0 460.0 100.0 detn.
2236.0 2984.0 396.0 100.0 Record

560.0 3120.0 120.0 96.0 to
772.0 3120.0 288.0 96.0 (how
1148.0 3120.0 240.0 92.0 that
1488.0 3116.0 260.0 96.0 Mill
1836.0 3120.0 460.0 100.0 Griffith
2392.0 3120.0 292.0 92.0 made

552.0 3252.0 180.0 100.0 far
840.0 3256.0 512.0 92.0 different
1444.0 3260.0 564.0 92.0 atatement
2180.0 3268.0 112.0 92.0 at
2392.0 3268.0 292.0 84.0 other

556.0 3392.0 264.0 88.0 time
968.0 3392.0 260.0 96.0 than
1340.0 3396.0 188.0 92.0 aha
1628.0 3392.0 240.0 96.0 mad
2040.0 3400.0 324.0 116.0 today
2468.0 3396.0 216.0 96.0 alio

484.0 3516.0 24.0 28.0 '
552.0 3540.0 280.0 80.0 weri
896.0 3524.0 656.0 100.0 Introduced.

688.0 3652.0 632.0 108.0 Tomorrow,
1416.0 3664.0 180.0 84.0 tha
1692.0 3664.0 84.0 88.0 nt
1800.0 3664.0 92.0 88.0 Ht
2064.0 3668.0 360.0 108.0 expect
2584.0 3668.0 108.0 88.0 to

640.0 3796.0 112.0 88.0 ut
832.0 3812.0 128.0 72.0 on
1040.0 3816.0 200.0 72.0 one
1324.0 3788.0 720.0 120.0 handwriting
2132.0 3808.0 364.0 104.0 export
2584.0 3808.0 100.0 84.0 to

556.0 3928.0 288.0 96.0 offer
924.0 3928.0 580.0 112.0 testimony
1592.0 3960.0 52.0 64.0 a
1792.0 3936.0 108.0 88.0 to
1980.0 3932.0 116.0 92.0 th
2256.0 3956.0 368.0 88.0 peraon

560.0 4060.0 244.0 88.0 who
880.0 4064.0 244.0 92.0 mad
1276.0 4064.0 112.0 96.0 th
1540.0 4060.0 612.0 104.0 fuudulent
2248.0 4068.0 436.0 92.0 election

552.0 4212.0 300.0 72.0 croi
1092.0 4200.0 100.0 84.0 in
1324.0 4200.0 112.0 88.0 th
1620.0 4208.0 456.0 104.0 attempt
2200.0 4204.0 112.0 92.0 to
2428.0 4204.0 256.0 92.0 alert

556.0 4324.0 460.0 104.0 William
1120.0 4328.0 500.0 108.0 Dlcken,
1720.0 4340.0 452.0 88.0 another
2268.0 4336.0 416.0 92.0 defend-

552.0 4472.0 224.0 92.0 ant,
848.0 4488.0 52.0 72.0 a
1040.0 4460.0 420.0 120.0 County
1532.0 4460.0 856.0 100.0 Commissioner.

476.0 4624.0 24.0 28.0 '
552.0 4620.0 24.0 12.0 '
684.0 4600.0 448.0 88.0 Tonlirht
1216.0 4624.0 360.0 64.0 rumor
1708.0 4632.0 268.0 56.0 were
2052.0 4608.0 324.0 80.0 heard
2456.0 4612.0 212.0 76.0 tlml

468.0 4784.0 28.0 16.0 -
556.0 4728.0 380.0 100.0 Paniel
1056.0 4732.0 112.0 100.0 C.
1292.0 4736.0 340.0 116.0 Rnpp,
1756.0 4740.0 396.0 92.0 former
2276.0 4740.0 400.0 112.0 Di'ptitv
2876.0 4724.0 432.0 96.0 ip:clun
3392.0 4736.0 128.0 60.0 on
3604.0 4728.0 264.0 88.0 your
3948.0 4720.0 308.0 104.0 purl;
4400.0 4720.0 456.0 76.0 Andrew

468.0 4872.0 568.0 112.0 -Auditor,
1136.0 4872.0 240.0 88.0 who
1464.0 4876.0 552.0 92.0 confewed
2124.0 4876.0 256.0 88.0 milk
2480.0 4848.0 624.0 116.0 andi""'"!
3264.0 4844.0 216.0 92.0 The
3556.0 4844.0 240.0 88.0 flow
3872.0 4836.0 440.0 112.0 atopped
4380.0 4840.0 212.0 92.0 and
4664.0 4844.0 272.0 88.0 Mia

560.0 4996.0 276.0 96.0 bond
948.0 5004.0 508.0 108.0 grafting,
1576.0 5028.0 252.0 68.0 aoon
1944.0 5024.0 244.0 96.0 may
2308.0 5004.0 64.0 96.0 b
2544.0 5012.0 128.0 84.0 In-
2872.0 4980.0 348.0 92.0 firrith
3316.0 4972.0 576.0 112.0 anrnwred,
3996.0 4972.0 348.0 92.0 "Yen."

552.0 5140.0 352.0 96.0 dieted
1028.0 5136.0 136.0 116.0 by
1276.0 5140.0 452.0 100.0 another
1900.0 5140.0 336.0 116.0 pclnl
2352.0 5092.0 384.0 160.0 grand'
2928.0 5112.0 144.0 92.0 "V
3388.0 5108.0 416.0 100.0 heard,"
3976.0 5108.0 224.0 92.0 aahl
4368.0 5112.0 544.0 100.0 Andrew,

548.0 5268.0 272.0 120.0 Jury.
932.0 5272.0 332.0 96.0 Court
1324.0 5280.0 424.0 92.0 attache
1856.0 5276.0 228.0 92.0 mild
2144.0 5280.0 176.0 88.0 the
2376.0 5284.0 296.0 96.0 entry
2716.0 5284.0 12.0 80.0 I
2776.0 5248.0 372.0 112.0 "Hupp
3328.0 5272.0 56.0 88.0 y
3448.0 5252.0 220.0 88.0 that
3744.0 5252.0 128.0 88.0 he
3932.0 5252.0 264.0 84.0 atnle
4256.0 5244.0 312.0 104.0 K.iwo
4628.0 5248.0 284.0 88.0 from

552.0 5408.0 176.0 92.0 for
796.0 5408.0 180.0 88.0 the
1044.0 5408.0 396.0 112.0 apeclat
1512.0 5416.0 332.0 104.0 grand
1916.0 5408.0 244.0 120.0 Jury
2236.0 5416.0 128.0 88.0 hn
2504.0 5424.0 164.0 80.0 not
2716.0 5440.0 8.0 88.0 ;
2828.0 5384.0 52.0 88.0 h
3008.0 5396.0 504.0 100.0 taxpayer
3628.0 5384.0 208.0 88.0 and
3892.0 5384.0 224.0 88.0 that
4188.0 5404.0 192.0 92.0 you
4432.0 5388.0 172.0 100.0 got
4664.0 5388.0 244.0 104.0 part

552.0 5536.0 264.0 104.0 been
916.0 5548.0 288.0 92.0 filed,
1368.0 5544.0 308.0 112.0 Rapp
1776.0 5552.0 84.0 88.0 U
1952.0 5544.0 524.0 116.0 aupponed
2572.0 5552.0 104.0 80.0 to
2716.0 5540.0 12.0 140.0 j
2772.0 5528.0 172.0 104.0 of,
2968.0 5524.0 100.0 96.0 It.
3220.0 5516.0 32.0 92.0 1
3400.0 5520.0 232.0 92.0 that
3724.0 5516.0 372.0 92.0 true?"

560.0 5676.0 272.0 92.0 have
928.0 5680.0 564.0 112.0 Immunity
1592.0 5680.0 268.0 92.0 from
1960.0 5684.0 116.0 84.0 th
2312.0 5680.0 420.0 92.0 lctloni
2892.0 5648.0 144.0 104.0 "H
3124.0 5664.0 84.0 84.0 I"
3616.0 5664.0 228.0 88.0 ""'d
3924.0 5656.0 260.0 88.0 Mlaa
4252.0 5652.0 116.0 92.0 (it
4408.0 5652.0 72.0 88.0 if
4500.0 5656.0 108.0 88.0 fit
4636.0 5656.0 96.0 104.0 h,
4808.0 5676.0 120.0 68.0 hh

552.0 5808.0 284.0 96.0 theft
896.0 5812.0 232.0 96.0 that
1208.0 5812.0 128.0 96.0 he
1404.0 5808.0 544.0 100.0 confeiued
2016.0 5832.0 132.0 72.0 on
2220.0 5812.0 176.0 92.0 the
2464.0 5816.0 156.0 88.0 wlt

552.0 5968.0 244.0 68.0 nei
848.0 5948.0 348.0 92.0 atand.
1316.0 5948.0 88.0 92.0 II
1532.0 5948.0 204.0 92.0 and
1792.0 5952.0 276.0 92.0 John
2128.0 5948.0 264.0 88.0 Zeek
2444.0 5968.0 224.0 92.0 may

556.0 6080.0 128.0 96.0 be
812.0 6076.0 452.0 100.0 recalled
1380.0 6084.0 112.0 92.0 to
1608.0 6080.0 180.0 100.0 tell
1908.0 6080.0 280.0 96.0 their
2308.0 6088.0 364.0 88.0 stories

552.0 6220.0 348.0 100.0 again.

676.0 6352.0 276.0 92.0 Ther
1112.0 6376.0 224.0 68.0 wer
1544.0 6360.0 340.0 100.0 tnrle,
1984.0 6356.0 208.0 96.0 too,
2292.0 6352.0 220.0 88.0 that
2616.0 6380.0 52.0 64.0 a

544.0 6488.0 376.0 108.0 couple
988.0 6484.0 116.0 108.0 of
1232.0 6492.0 220.0 84.0 tte
1524.0 6496.0 544.0 88.0 witnesses
2144.0 6488.0 264.0 96.0 have
2476.0 6488.0 160.0 96.0 dis-

552.0 6620.0 564.0 112.0 appeared.
1252.0 6616.0 220.0 104.0 The
1544.0 6624.0 208.0 88.0 stat
1896.0 6624.0 28.0 88.0 I
2052.0 6624.0 456.0 108.0 helpless
2572.0 6628.0 104.0 80.0 to

544.0 6756.0 144.0 92.0 do
764.0 6760.0 516.0 108.0 anything
1360.0 6756.0 640.0 112.0 concerning
2076.0 6760.0 80.0 88.0 it
2244.0 6776.0 248.0 80.0 now,

672.0 6888.0 152.0 92.0 Th
952.0 6888.0 440.0 92.0 defense
1460.0 6912.0 240.0 88.0 may
1772.0 6888.0 256.0 92.0 have
2096.0 6912.0 200.0 64.0 one
2360.0 6888.0 268.0 88.0 hand

544.0 7028.0 436.0 108.0 writing
1056.0 7028.0 368.0 108.0 expert
1504.0 7024.0 280.0 96.0 after
1864.0 7024.0 112.0 92.0 th
2128.0 7028.0 276.0 84.0 stale
2488.0 7020.0 236.0 92.0 has'

548.0 7156.0 616.0 96.0 concluded.
2716.0 7164.0 8.0 56.0 '

672.0 7300.0 344.0 96.0 Street
1128.0 7300.0 360.0 112.0 gossip
1596.0 7296.0 488.0 92.0 continue
2264.0 7300.0 108.0 88.0 to
2480.0 7316.0 184.0 68.0 run
2720.0 7300.0 12.0 100.0 ;

548.0 7432.0 36.0 28.0 .
1052.0 7452.0 28.0 8.0 .
1196.0 7436.0 20.0 24.0 .
1584.0 7440.0 16.0 20.0 ,
2212.0 7436.0 32.0 24.0 .
2392.0 7444.0 20.0 16.0 .
2512.0 7432.0 36.0 28.0 .
2720.0 7416.0 8.0 8.0 '

544.0 7460.0 404.0 68.0 Towara
1040.0 7460.0 64.0 64.0 a
1196.0 7460.0 288.0 84.0 nung
1568.0 7460.0 264.0 88.0 jury,
1916.0 7464.0 64.0 68.0 a
2064.0 7460.0 356.0 64.0 oerrat
2512.0 7460.0 156.0 60.0 mr
2720.0 7500.0 8.0 40.0 ,

496.0 7576.0 168.0 92.0 ,th
820.0 7576.0 312.0 100.0 atate,
1228.0 7568.0 180.0 96.0 but
1512.0 7596.0 136.0 72.0 no
1736.0 7568.0 404.0 112.0 victory
2244.0 7568.0 160.0 88.0 for
2500.0 7564.0 168.0 92.0 the
2720.0 7564.0 8.0 28.0 '

544.0 7712.0 480.0 96.0 defense,
1128.0 7708.0 432.0 112.0 hopeful
1672.0 7704.0 108.0 96.0 of
1888.0 7724.0 136.0 72.0 an
2136.0 7700.0 500.0 112.0 acquittal

496.0 7840.0 208.0 104.0 .Th
848.0 7868.0 244.0 68.0 caae
1176.0 7864.0 244.0 96.0 may
1504.0 7852.0 180.0 84.0 not
1768.0 7848.0 320.0 88.0 reach
2176.0 7844.0 116.0 84.0 th
2440.0 7844.0 224.0 108.0 Jury

496.0 7980.0 348.0 96.0 "befor
1008.0 7980.0 396.0 124.0 Friday
1504.0 7980.0 300.0 112.0 night
1896.0 8004.0 120.0 76.0 or
2120.0 7984.0 296.0 84.0 Statin
2448.0 7972.0 216.0 116.0 day.

496.0 8096.0 32.0 32.0 '
856.0 8140.0 416.0 96.0 WF.ltn
1356.0 8144.0 364.0 100.0 AltliH
1800.0 8136.0 560.0 104.0 DF.MAI.

496.0 8284.0 36.0 116.0 '..
656.0 8304.0 332.0 100.0 Wada
1148.0 8304.0 360.0 104.0 Webb,
1668.0 8308.0 400.0 100.0 former
2232.0 8300.0 428.0 100.0 Court

500.0 8552.0 208.0 124.0 "the
780.0 8580.0 392.0 96.0 other.
1248.0 8568.0 620.0 116.0 Overnight,
1948.0 8568.0 312.0 100.0 Pearl
2336.0 8572.0 316.0 100.0 Piatt,

516.0 8720.0 304.0 88.0 whoa
960.0 8720.0 488.0 100.0 showing
1528.0 8708.0 564.0 116.0 yesterday
2176.0 8728.0 220.0 72.0 was
2480.0 8716.0 176.0 84.0 not

520.0 8860.0 756.0 100.0 encouraging,
1384.0 8848.0 380.0 96.0 braced
1868.0 8872.0 140.0 88.0 up
2108.0 8848.0 216.0 92.0 and
2424.0 8864.0 188.0 72.0 con-

516.0 8992.0 376.0 92.0 cluded
992.0 8992.0 104.0 88.0 hi
1256.0 8988.0 452.0 96.0 redirect
1800.0 8988.0 208.0 88.0 and
2104.0 9008.0 296.0 68.0 cross
2492.0 9004.0 120.0 64.0 ex-

528.0 9128.0 596.0 92.0 amination
1212.0 9128.0 252.0 88.0 with
1564.0 9124.0 332.0 92.0 better
1992.0 9124.0 316.0 108.0 spirit
2400.0 9120.0 248.0 92.0 than

528.0 9264.0 136.0 96.0 he
784.0 9260.0 360.0 96.0 howed
1224.0 9284.0 132.0 68.0 on
1432.0 9256.0 176.0 96.0 the
1680.0 9256.0 432.0 116.0 prevlou
2244.0 9256.0 224.0 112.0 day,

656.0 9396.0 188.0 100.0 But
968.0 9404.0 80.0 88.0 It
1156.0 9416.0 88.0 72.0 w
1492.0 9392.0 256.0 96.0 Miss
1852.0 9392.0 456.0 92.0 Crlffith
2428.0 9388.0 220.0 92.0 who

528.0 9556.0 220.0 68.0 was
852.0 9532.0 180.0 96.0 the
1132.0 9528.0 372.0 100.0 heroin
1668.0 9528.0 112.0 96.0 of
1880.0 9532.0 112.0 92.0 th
2168.0 9528.0 476.0 92.0 occasion

532.0 9672.0 100.0 96.0 In
708.0 9676.0 168.0 88.0 the
952.0 9696.0 244.0 88.0 eyes
1236.0 9672.0 104.0 92.0 of
1384.0 9672.0 428.0 84.0 defense
1856.0 9668.0 788.0 108.0 sympathizer.

532.0 9812.0 208.0 96.0 She
876.0 9804.0 412.0 96.0 carried
1432.0 9804.0 112.0 96.0 th
1756.0 9824.0 212.0 72.0 war
2120.0 9800.0 220.0 92.0 Into
2480.0 9796.0 104.0 92.0 Ih

524.0 9948.0 404.0 104.0 enemy'
1104.0 9948.0 484.0 104.0 country,
1704.0 9940.0 480.0 112.0 quizzing
2308.0 9936.0 336.0 88.0 Hurke

528.0 10096.0 100.0 80.0 at
712.0 10084.0 248.0 88.0 time
1084.0 10080.0 216.0 96.0 and,
1364.0 10084.0 392.0 104.0 always
1820.0 10076.0 464.0 108.0 (Inking
2364.0 10068.0 280.0 100.0 hark,

528.0 10220.0 252.0 88.0 with
924.0 10224.0 568.0 80.0 statement
1704.0 10212.0 252.0 92.0 aue.h
2108.0 10232.0 120.0 68.0 as
2372.0 10200.0 268.0 96.0 "You

528.0 10352.0 340.0 100.0 know,
956.0 10348.0 188.0 96.0 Mr.
1236.0 10344.0 376.0 104.0 Puike,
1696.0 10348.0 216.0 100.0 that
2008.0 10344.0 236.0 92.0 Isn't
2336.0 10332.0 308.0 108.0 true."

524.0 10484.0 356.0 112.0 "Why,
940.0 10504.0 164.0 84.0 nn.
1168.0 10484.0 188.0 96.0 Mr.
1416.0 10484.0 380.0 100.0 Hurke,
1860.0 10496.0 132.0 76.0 no
2112.0 10480.0 196.0 88.0 urh
2356.0 10480.0 288.0 100.0 thing

528.0 10616.0 644.0 116.0 he-ppened."

636.0 10760.0 196.0 88.0 Mis
1040.0 10756.0 460.0 92.0 Urlffilh
1656.0 10752.0 180.0 92.0 left
1992.0 10748.0 220.0 92.0 two
2360.0 10744.0 280.0 88.0 weak

512.0 10896.0 380.0 116.0 place.
1020.0 10896.0 164.0 88.0 On
1308.0 10916.0 220.0 68.0 waa
1588.0 10892.0 184.0 92.0 her
1832.0 10880.0 600.0 96.0 occasional
2488.0 10904.0 116.0 64.0 ex-

508.0 11056.0 252.0 68.0 cuse
860.0 11028.0 236.0 96.0 that
1256.0 11032.0 56.0 88.0 h
1484.0 11032.0 200.0 96.0 had
1788.0 11036.0 168.0 76.0 not
2068.0 11016.0 256.0 92.0 been
2424.0 11016.0 216.0 92.0 well

508.0 11172.0 308.0 92.0 when
916.0 11164.0 428.0 116.0 pressed
1448.0 11160.0 384.0 116.0 closely
1928.0 11176.0 140.0 72.0 on
2172.0 11176.0 60.0 68.0 a
2332.0 11156.0 308.0 112.0 point,

512.0 11304.0 212.0 96.0 and
808.0 11304.0 180.0 88.0 the
1076.0 11308.0 308.0 88.0 other
1472.0 11320.0 152.0 68.0 wa
1772.0 11316.0 132.0 72.0 in
2004.0 11296.0 444.0 104.0 attempt
2540.0 11292.0 104.0 88.0 to

504.0 11452.0 236.0 84.0 cast
820.0 11444.0 548.0 88.0 reflection
1512.0 11456.0 132.0 72.0 on
1724.0 11436.0 180.0 88.0 the
1984.0 11428.0 656.0 96.0 transcribed

508.0 11584.0 308.0 88.0 notes
948.0 11576.0 112.0 92.0 of
1208.0 11600.0 60.0 68.0 a
1408.0 11580.0 304.0 84.0 court
1848.0 11568.0 788.0 112.0 stenographer.

504.0 11712.0 332.0 96.0 "That
928.0 11736.0 156.0 68.0 wa
1228.0 11736.0 264.0 92.0 your
1636.0 11708.0 732.0 108.0 tenoginphcr,
2456.0 11704.0 176.0 88.0 Mr,

508.0 11848.0 444.0 100.0 Rittkc,"
1028.0 11856.0 224.0 96.0 said
1332.0 11852.0 216.0 96.0 she,
1624.0 11840.0 292.0 96.0 when
2000.0 11840.0 356.0 92.0 Ruike
2432.0 11864.0 204.0 64.0 was

508.0 12012.0 492.0 92.0 pressing
1068.0 12012.0 576.0 64.0 nerTtnse:
1800.0 12012.0 204.0 60.0 nut
2080.0 12012.0 204.0 56.0 nee
2364.0 12012.0 228.0 56.0 insu-

512.0 12144.0 188.0 76.0 rer
792.0 12144.0 216.0 68.0 was
1108.0 12124.0 248.0 92.0 firm
1456.0 12120.0 204.0 92.0 and
1760.0 12116.0 184.0 92.0 her
2044.0 12116.0 228.0 84.0 vole
2432.0 12132.0 204.0 68.0 was

508.0 12256.0 244.0 100.0 loud
820.0 12260.0 212.0 92.0 and
1104.0 12260.0 312.0 92.0 clear.
1548.0 12256.0 348.0 92.0 Burke
1980.0 12252.0 212.0 88.0 had
2268.0 12248.0 356.0 88.0 almost

508.0 12416.0 120.0 72.0 as
708.0 12400.0 252.0 88.0 hard
1036.0 12428.0 64.0 68.0 a
1172.0 12400.0 408.0 88.0 contest
1660.0 12396.0 248.0 84.0 with
1992.0 12392.0 188.0 88.0 her
2256.0 12412.0 112.0 64.0 as
2444.0 12392.0 148.0 84.0 for-

508.0 12556.0 224.0 68.0 mer
796.0 12532.0 344.0 108.0 Judge
1224.0 12532.0 108.0 100.0 A.
1404.0 12536.0 92.0 96.0 J.
1572.0 12528.0 380.0 112.0 I-ayne,
2028.0 12524.0 116.0 92.0 of
2220.0 12524.0 412.0 96.0 defense

500.0 12668.0 460.0 104.0 counsel,
1084.0 12668.0 208.0 92.0 had
1416.0 12668.0 296.0 88.0 when
1832.0 12664.0 132.0 92.0 he
2100.0 12656.0 312.0 100.0 failed
2532.0 12664.0 104.0 84.0 to

508.0 12804.0 324.0 96.0 break
944.0 12800.0 336.0 116.0 Rapp.
1448.0 12800.0 148.0 100.0 As
1704.0 12800.0 284.0 92.0 Hurk
2112.0 12792.0 312.0 96.0 failed
2532.0 12796.0 104.0 92.0 to

504.0 12940.0 324.0 96.0 titk
916.0 12948.0 180.0 84.0 the
1180.0 12940.0 228.0 112.0 girl,
1492.0 12940.0 180.0 92.0 the
1752.0 12952.0 296.0 76.0 store
2132.0 12956.0 136.0 72.0 on
2348.0 12940.0 284.0 84.0 these

500.0 13088.0 436.0 104.0 attempt
1092.0 13104.0 220.0 64.0 was
1388.0 13100.0 292.0 68.0 even.

940.0 13236.0 456.0 108.0 PRATT
1488.0 13244.0 120.0 96.0 IH
1692.0 13244.0 524.0 92.0 llr;AHI.

624.0 13412.0 308.0 96.0 Pratt
1028.0 13416.0 344.0 104.0 began
1472.0 13416.0 180.0 88.0 the
1752.0 13412.0 196.0 108.0 day
2052.0 13408.0 132.0 116.0 by
2284.0 13408.0 348.0 108.0 telling

500.0 13548.0 240.0 100.0 that
796.0 13552.0 132.0 92.0 he
992.0 13548.0 208.0 96.0 had
1268.0 13548.0 324.0 96.0 heard
1664.0 13548.0 172.0 92.0 the
1900.0 13508.0 568.0 148.0 testimony
2532.0 13548.0 100.0 84.0 ot

500.0 13688.0 280.0 100.0 John
848.0 13688.0 272.0 100.0 Zeek
1188.0 13688.0 204.0 92.0 and
1460.0 13684.0 328.0 100.0 called
1856.0 13688.0 76.0 92.0 it
2004.0 13680.0 632.0 100.0 "absolutely

500.0 13824.0 476.0 96.0 untrue."
1128.0 13828.0 196.0 88.0 Hia
1408.0 13820.0 580.0 96.0 additional
2076.0 13824.0 556.0 88.0 statement

508.0 13968.0 236.0 84.0 that
828.0 13964.0 84.0 92.0 It
992.0 13988.0 224.0 64.0 waa
1296.0 13984.0 68.0 68.0 a
1448.0 13960.0 652.0 92.0 "fabricated
2188.0 13980.0 272.0 68.0 mess
2536.0 13956.0 104.0 92.0 of

508.0 14096.0 252.0 96.0 lie"
884.0 14124.0 220.0 64.0 was
1232.0 14100.0 320.0 88.0 taken
1684.0 14096.0 272.0 92.0 fiom
2088.0 14092.0 176.0 88.0 the
2392.0 14096.0 252.0 104.0 jury.

516.0 14236.0 296.0 92.0 Pratt
884.0 14236.0 372.0 92.0 denied
1328.0 14236.0 124.0 92.0 he
1516.0 14224.0 464.0 100.0 received
2052.0 14252.0 204.0 84.0 any
2312.0 14228.0 108.0 92.0 of
2476.0 14232.0 168.0 84.0 the

512.0 14372.0 236.0 88.0 coal
812.0 14372.0 296.0 108.0 graft
1164.0 14368.0 388.0 112.0 nirnit-y
1600.0 14368.0 204.0 144.0 atjd
1868.0 14364.0 548.0 112.0 explained
2480.0 14364.0 168.0 100.0 the

516.0 14512.0 428.0 100.0 eignlng
1000.0 14508.0 116.0 104.0 of
1168.0 14500.0 884.0 108.0 roramifstonfr'
2116.0 14520.0 352.0 76.0 names
2532.0 14500.0 120.0 92.0 hv

516.0 14648.0 376.0 104.0 laying
964.0 14644.0 244.0 112.0 they
1284.0 14664.0 272.0 68.0 were
1628.0 14648.0 96.0 84.0 In
1792.0 14636.0 464.0 92.0 aVtiutit
2320.0 14644.0 104.0 84.0 to
2484.0 14648.0 152.0 100.0 get

520.0 14800.0 296.0 92.0 I'vay

992.0 14776.0 312.0 100.0 Pratt
1388.0 14780.0 200.0 92.0 had
1668.0 14776.0 464.0 92.0 attcsiod
2212.0 14776.0 168.0 88.0 the
2460.0 14804.0 188.0 80.0 sig-

520.0 14924.0 464.0 84.0 natures.
1124.0 14916.0 156.0 92.0 He
1344.0 14916.0 232.0 88.0 said
1648.0 14912.0 172.0 92.0 the
1900.0 14908.0 360.0 96.0 record
2388.0 14936.0 256.0 68.0 were

516.0 15048.0 368.0 104.0 aigned
984.0 15048.0 132.0 120.0 by
1208.0 15052.0 216.0 96.0 him
1520.0 15052.0 304.0 92.0 while
1908.0 15048.0 184.0 92.0 the
2184.0 15048.0 364.0 92.0 cominl

588.0 15208.0 340.0 72.0 lonera
1032.0 15208.0 276.0 68.0 were
1412.0 15192.0 452.0 108.0 preent.
2036.0 15184.0 168.0 96.0 No
2296.0 15188.0 356.0 88.0 "cover

520.0 15324.0 200.0 112.0 up"
784.0 15348.0 72.0 60.0 w
1076.0 15324.0 532.0 96.0 Intended.

640.0 15464.0 348.0 92.0 "Your
1048.0 15492.0 464.0 96.0 memory
1572.0 15468.0 128.0 88.0 ha
1820.0 15464.0 532.0 112.0 Improved
2412.0 15488.0 232.0 72.0 over

516.0 15596.0 440.0 108.0 night?"
1016.0 15600.0 352.0 96.0 Burke
1428.0 15596.0 356.0 96.0 asked.
1908.0 15600.0 336.0 108.0 Pratt,
2308.0 15604.0 332.0 92.0 whose

512.0 15732.0 244.0 92.0 first
812.0 15732.0 296.0 92.0 voice
1160.0 15752.0 152.0 72.0 wa
1432.0 15744.0 388.0 100.0 strong,
1860.0 15732.0 464.0 116.0 dropped
2388.0 15732.0 252.0 96.0 hack

512.0 15896.0 228.0 68.0 imo
788.0 15896.0 184.0 64.0 ine
1028.0 15896.0 468.0 64.0 suouuen
1556.0 15896.0 240.0 64.0 tone
1900.0 15896.0 116.0 64.0 or
2068.0 15896.0 572.0 84.0 yesieniay.

640.0 16004.0 260.0 92.0 "Did
996.0 16008.0 260.0 96.0 Ml.
1336.0 16004.0 444.0 92.0 Griffith
1864.0 16032.0 252.0 68.0 ever
2200.0 16008.0 172.0 92.0 tell
2448.0 16028.0 196.0 88.0 you

588.0 16140.0 240.0 92.0 bout
888.0 16144.0 184.0 92.0 the
1132.0 16144.0 252.0 88.0 milk
1444.0 16144.0 268.0 108.0 graft
1752.0 16140.0 508.0 96.0 ?'RUrk.
2300.0 16148.0 340.0 88.0 asked.

700.0 16268.0 152.0 96.0 No
1000.0 16296.0 116.0 68.0 sa
1176.0 16276.0 60.0 92.0 d
1304.0 16280.0 308.0 92.0 Pratt
1716.0 16300.0 56.0 68.0 n
1828.0 16304.0 60.0 64.0 a
1956.0 16284.0 196.0 84.0 low
2212.0 16288.0 268.0 84.0 tone.

632.0 16404.0 356.0 96.0 Rurke
1144.0 16412.0 248.0 100.0 then
1548.0 16408.0 316.0 96.0 asked
2016.0 16432.0 628.0 92.0 concerning

512.0 16556.0 296.0 80.0 rratt
864.0 16572.0 44.0 68.0 s
992.0 16552.0 520.0 104.0 attempts
1600.0 16560.0 104.0 76.0 to
1788.0 16548.0 224.0 92.0 find
2108.0 16564.0 168.0 80.0 out
2372.0 16552.0 216.0 88.0 whs

512.0 16680.0 84.0 48.0 i.
1448.0 16684.0 92.0 44.0 i,i
1604.0 16692.0 184.0 36.0 ..
1816.0 16688.0 52.0 40.0 i.
2400.0 16700.0 16.0 28.0 ,

512.0 16684.0 116.0 88.0 R.
688.0 16684.0 84.0 84.0 A
856.0 16684.0 52.0 88.0 C
952.0 16704.0 320.0 68.0 ranee
1328.0 16684.0 212.0 88.0 told
1600.0 16688.0 104.0 88.0 to
1764.0 16688.0 108.0 88.0 th
1996.0 16688.0 332.0 104.0 grand
2384.0 16700.0 256.0 96.0 Jurv.

512.0 16856.0 44.0 52.0 j
612.0 16856.0 208.0 52.0 mil
924.0 16856.0 524.0 52.0 aumiMru
1552.0 16856.0 124.0 56.0 ne
1780.0 16856.0 204.0 56.0 oatt
2096.0 16856.0 344.0 56.0 laiseu
2544.0 16856.0 104.0 60.0 10

508.0 16952.0 340.0 92.0 Crane
988.0 16960.0 652.0 108.0 concerning
1712.0 16956.0 176.0 88.0 tho
1968.0 16960.0 356.0 92.0 affair.
2460.0 16960.0 184.0 88.0 His

508.0 17088.0 728.0 92.0 examination
1348.0 17096.0 344.0 88.0 iloscd
1808.0 17092.0 252.0 88.0 with
2168.0 17120.0 52.0 64.0 a
2336.0 17092.0 304.0 112.0 sharp

504.0 17220.0 484.0 112.0 colloquy
1068.0 17224.0 468.0 92.0 between
1624.0 17224.0 352.0 92.0 Burke
2064.0 17228.0 200.0 92.0 and
2348.0 17224.0 96.0 96.0 I..
2524.0 17228.0 116.0 92.0 R.

508.0 17356.0 456.0 92.0 Andrew
1100.0 17364.0 112.0 88.0 of
1280.0 17364.0 428.0 84.0 defense
1776.0 17368.0 464.0 100.0 counsel,
2316.0 17368.0 324.0 88.0 which

508.0 17488.0 348.0 108.0 Judge
956.0 17492.0 112.0 112.0 P,
1160.0 17496.0 128.0 92.0 H.
1388.0 17496.0 212.0 88.0 Wit
1624.0 17500.0 232.0 88.0 land
1948.0 17500.0 436.0 108.0 stopped
2476.0 17504.0 132.0 88.0 ab-

508.0 17628.0 388.0 108.0 ruptly.
632.0 17756.0 584.0 92.0 Wltneasea
1276.0 17784.0 272.0 72.0 wete
1620.0 17764.0 616.0 92.0 Introduced
2308.0 17764.0 100.0 92.0 to
2464.0 17796.0 180.0 88.0 ssy

504.0 17896.0 304.0 96.0 there
904.0 17920.0 224.0 68.0 was
1212.0 17908.0 444.0 104.0 nothing
1744.0 17912.0 456.0 88.0 unusual
2284.0 17916.0 96.0 80.0 at
2468.0 17912.0 172.0 84.0 the

500.0 18040.0 296.0 76.0 court
824.0 18032.0 332.0 88.0 house
1260.0 18056.0 136.0 72.0 on
1516.0 18036.0 320.0 96.0 ballot
1944.0 18036.0 316.0 92.0 fraud
2368.0 18040.0 276.0 108.0 days.

508.0 18164.0 460.0 112.0 Sunday,
1032.0 18168.0 600.0 96.0 November
1688.0 18180.0 80.0 84.0 8.
1888.0 18172.0 352.0 112.0 Harry
2304.0 18176.0 340.0 92.0 Welch

504.0 18304.0 484.0 100.0 testified
1056.0 18304.0 128.0 92.0 he
1244.0 18328.0 220.0 72.0 saw
1532.0 18304.0 196.0 100.0 Mis
1848.0 18308.0 452.0 92.0 Griffith
2368.0 18312.0 280.0 92.0 leve

504.0 18440.0 180.0 88.0 the
744.0 18448.0 652.0 84.0 courthouse
1456.0 18452.0 108.0 88.0 at
1628.0 18448.0 148.0 92.0 11.
1796.0 18444.0 120.0 100.0 SO
1972.0 18444.0 384.0 92.0 o'clock
2420.0 18456.0 216.0 84.0 that

504.0 18580.0 524.0 112.0 morning.
1204.0 18584.0 160.0 88.0 He
1468.0 18608.0 216.0 68.0 was
1804.0 18592.0 436.0 100.0 tangled
2340.0 18612.0 60.0 72.0 a
2500.0 18592.0 140.0 92.0 bit

504.0 18716.0 304.0 88.0 when
880.0 18716.0 332.0 92.0 asked
1276.0 18724.0 640.0 108.0 concerning
1988.0 18732.0 160.0 80.0 his
2220.0 18732.0 388.0 84.0 Interro-

508.0 18852.0 364.0 104.0 gation
956.0 18852.0 364.0 92.0 before
1400.0 18864.0 276.0 84.0 state
1756.0 18864.0 600.0 84.0 examlneis
2440.0 18860.0 200.0 92.0 and

504.0 19000.0 336.0 72.0 awore
948.0 18984.0 236.0 92.0 that
1288.0 18988.0 304.0 92.0 when
1700.0 18988.0 128.0 92.0 he
1940.0 18988.0 308.0 92.0 made
2356.0 18992.0 288.0 88.0 those

500.0 19120.0 648.0 92.0 abatements
1292.0 19124.0 132.0 92.0 he
1572.0 19144.0 144.0 72.0 wa
1928.0 19132.0 244.0 84.0 "not
2324.0 19132.0 320.0 88.0 wider

504.0 19252.0 344.0 92.0 oath."

816.0 19456.0 520.0 92.0 ItKMKS
1424.0 19460.0 360.0 92.0 HKff
1864.0 19464.0 484.0 96.0 STORY.

620.0 19616.0 360.0 108.0 Webb,
1080.0 19624.0 372.0 116.0 taking
1552.0 19632.0 176.0 88.0 the
1828.0 19636.0 348.0 100.0 stand,
2276.0 19636.0 360.0 92.0 denied

500.0 19752.0 400.0 120.0 Rapp's
964.0 19772.0 292.0 112.0 story
1320.0 19772.0 116.0 92.0 of
1508.0 19776.0 528.0 108.0 whistling
2108.0 19804.0 116.0 68.0 as
2288.0 19800.0 52.0 68.0 a
2408.0 19784.0 232.0 100.0 sign

500.0 19900.0 240.0 88.0 that
848.0 19904.0 112.0 88.0 th
1140.0 19928.0 228.0 88.0 way
1484.0 19928.0 212.0 68.0 waa
1796.0 19916.0 292.0 88.0 clear
2196.0 19916.0 164.0 92.0 for
2468.0 19916.0 172.0 96.0 the

504.0 20036.0 348.0 96.0 fraud.
1004.0 20044.0 160.0 92.0 He
1256.0 20044.0 228.0 96.0 said
1576.0 20048.0 128.0 92.0 he
1796.0 20052.0 176.0 88.0 did
2072.0 20060.0 180.0 88.0 nut
2344.0 20052.0 284.0 92.0 know-

496.0 20176.0 236.0 92.0 that
812.0 20200.0 64.0 72.0 a
948.0 20176.0 268.0 100.0 iteal
1296.0 20180.0 96.0 96.0 In
1476.0 20184.0 172.0 92.0 the
1720.0 20188.0 452.0 92.0 election
2248.0 20216.0 212.0 64.0 was
2536.0 20196.0 104.0 84.0 to

500.0 20308.0 72.0 100.0 b
748.0 20324.0 624.0 104.0 attempted.
1556.0 20320.0 152.0 96.0 He
1836.0 20324.0 376.0 96.0 denied
2332.0 20336.0 276.0 84.0 state-

504.0 20460.0 280.0 88.0 ment
956.0 20460.0 588.0 96.0 attributed
1648.0 20468.0 112.0 88.0 to
1856.0 20468.0 224.0 92.0 him
2188.0 20472.0 224.0 88.0 that
2520.0 20468.0 124.0 88.0 he

580.0 20616.0 20.0 24.0 '
820.0 20600.0 540.0 108.0 aurprtsed
1460.0 20604.0 300.0 92.0 when
1852.0 20604.0 64.0 92.0 h
2084.0 20632.0 212.0 68.0 saw
2400.0 20604.0 192.0 92.0 Mis

500.0 20728.0 456.0 96.0 Griffith
1036.0 20760.0 236.0 68.0 com
1412.0 20748.0 184.0 84.0 out
1668.0 20748.0 116.0 84.0 of
1860.0 20748.0 184.0 84.0 the
2128.0 20744.0 296.0 92.0 relief
2500.0 20752.0 108.0 84.0 of-

500.0 20868.0 240.0 100.0 fice.
824.0 20872.0 160.0 92.0 He
1040.0 20876.0 376.0 92.0 denied
1476.0 20876.0 128.0 96.0 he
1656.0 20880.0 216.0 92.0 told
1936.0 20884.0 356.0 88.0 Frank
2352.0 20888.0 288.0 112.0 Kelly

504.0 21004.0 172.0 96.0 "to
740.0 21016.0 172.0 112.0 get
980.0 21012.0 184.0 92.0 the
1228.0 21020.0 152.0 84.0 h-
1424.0 21020.0 64.0 88.0 11
1552.0 21020.0 176.0 88.0 out
1796.0 21016.0 120.0 92.0 of
1976.0 21020.0 244.0 88.0 here
2268.0 21020.0 44.0 40.0 "

624.0 21148.0 112.0 84.0 A.
908.0 21148.0 108.0 84.0 R.
1184.0 21148.0 576.0 84.0 Kllhoiirne
1960.0 21156.0 656.0 76.0 Hiintlnetnn

504.0 21288.0 416.0 104.0 W.Va.,
996.0 21312.0 516.0 80.0 manager
1580.0 21296.0 116.0 88.0 of
1760.0 21296.0 188.0 88.0 the
2024.0 21300.0 632.0 104.0 Orthopedic
2700.0 21272.0 16.0 156.0 j
2940.0 21256.0 344.0 148.0 """V
3388.0 21256.0 228.0 84.0 ,,,rd
3728.0 21260.0 528.0 100.0 iuesti,ms.

508.0 21424.0 540.0 108.0 Hospital,
1104.0 21448.0 228.0 76.0 waa
1396.0 21432.0 404.0 92.0 certain
1872.0 21432.0 132.0 88.0 he
2072.0 21456.0 216.0 68.0 taw
2360.0 21436.0 300.0 92.0 Pearl
3004.0 21516.0 12.0 12.0 .
3164.0 21380.0 336.0 84.0 S"s
3568.0 21388.0 276.0 92.0 S,,K
3912.0 21392.0 280.0 92.0 ,vs
4264.0 21396.0 92.0 88.0 11
4408.0 21396.0 36.0 88.0 1

508.0 21560.0 316.0 96.0 Pratt
920.0 21568.0 240.0 84.0 ther
1320.0 21572.0 432.0 88.0 fiundav
1848.0 21576.0 520.0 108.0 morning,
2464.0 21572.0 196.0 88.0 No-
2708.0 21568.0 12.0 88.0 i
2764.0 21644.0 40.0 44.0 ,
3324.0 21524.0 256.0 84.0 r"
3764.0 21528.0 364.0 88.0 el-i-l
4204.0 21540.0 188.0 80.0 she
4480.0 21532.0 208.0 96.0 had
4780.0 21560.0 144.0 72.0 re-

508.0 21696.0 436.0 96.0 vembcr
1076.0 21772.0 16.0 24.0 .
1216.0 21700.0 164.0 92.0 He
1448.0 21724.0 212.0 68.0 waa
1728.0 21708.0 384.0 88.0 unabl.
2180.0 21716.0 104.0 80.0 to
2352.0 21712.0 304.0 88.0 recall
2764.0 21648.0 408.0 92.0 fra""d
3284.0 21652.0 280.0 100.0 ,,om
3676.0 21672.0 588.0 100.0 a""-'ng
4372.0 21684.0 288.0 80.0 state
4764.0 21704.0 120.0 64.0 rx

504.0 21860.0 224.0 88.0 any
812.0 21836.0 312.0 96.0 other
1208.0 21840.0 248.0 88.0 date
1544.0 21840.0 296.0 92.0 when
1940.0 21844.0 132.0 92.0 he
2160.0 21872.0 208.0 68.0 saw
2456.0 21868.0 200.0 92.0 any
2836.0 21792.0 312.0 84.0 n",,'',
3180.0 21812.0 44.0 60.0 "
3316.0 21816.0 652.0 92.0 C"""K
4056.0 21812.0 220.0 80.0 coal
4372.0 21816.0 296.0 104.0 graft
4768.0 21816.0 120.0 88.0 be-

516.0 21996.0 424.0 68.0 person,
1036.0 21980.0 176.0 84.0 but
1320.0 21980.0 544.0 84.0 explained
1964.0 21980.0 232.0 84.0 that
2300.0 21988.0 120.0 76.0 he
2520.0 21968.0 200.0 96.0 re-!
3148.0 21952.0 184.0 64.0 snr
3400.0 21940.0 444.0 100.0 P'h'd
3920.0 21948.0 176.0 84.0 she
4160.0 21952.0 176.0 96.0 did
4408.0 21964.0 184.0 84.0 not
4664.0 21960.0 268.0 88.0 have

508.0 22112.0 616.0 96.0 memhered
1192.0 22120.0 308.0 92.0 Pratt
1560.0 22124.0 448.0 88.0 because
2084.0 22124.0 68.0 88.0 it
2216.0 22144.0 152.0 68.0 wa
2488.0 22124.0 172.0 88.0 the

512.0 22256.0 256.0 80.0 first
832.0 22252.0 436.0 84.0 Sunday
1332.0 22256.0 276.0 80.0 after
1672.0 22260.0 448.0 76.0 elertton

712.0 22396.0 132.0 88.0 M.
916.0 22392.0 108.0 88.0 B.

1100.0 22388.0 456.0 100.0 Rucker,
1620.0 22424.0 56.0 60.0 a
1748.0 22400.0 420.0 104.0 Deputv
2236.0 22392.0 416.0 104.0 Sheriff,

1188.0 22532.0 396.0 108.0 tiniony
1680.0 22532.0 368.0 108.0 placed
2148.0 22532.0 312.0 92.0 Webb
2548.0 22540.0 108.0 84.0 at
2712.0 22524.0 12.0 132.0 j

524.0 22524.0 140.0 112.0 by
752.0 22528.0 104.0 88.0 hi
1012.0 22532.0 572.0 108.0 testimony

520.0 22664.0 188.0 88.0 the
860.0 22660.0 672.0 92.0 Courthouse
1680.0 22668.0 532.0 108.0 Satuiday
2360.0 22668.0 300.0 108.0 night

524.0 22796.0 292.0 96.0 after
884.0 22800.0 312.0 92.0 other
1372.0 22796.0 172.0 92.0 ald
1612.0 22800.0 124.0 92.0 he
1804.0 22824.0 224.0 68.0 was
2092.0 22812.0 176.0 84.0 not
2336.0 22804.0 320.0 88.0 there.

520.0 22928.0 264.0 64.0 Thl-
848.0 22944.0 200.0 48.0 tn.l
1116.0 22956.0 92.0 36.0 ...
1372.0 22956.0 60.0 36.0 u
1528.0 22956.0 32.0 36.0 i
1596.0 22960.0 108.0 32.0 -.
1804.0 22936.0 276.0 56.0 ..-.!.,
2140.0 22960.0 124.0 32.0 ....
2336.0 22964.0 272.0 28.0 .!..,.-

600.0 23072.0 660.0 64.0 vamin.iinn
1464.0 23064.0 216.0 72.0 Tho
1792.0 23072.0 376.0 64.0 ,i..f...
2340.0 23076.0 124.0 60.0 i.i
2584.0 23072.0 64.0 52.0 u

520.0 23200.0 356.0 104.0 (iad,

660.0 23340.0 256.0 76.0 Miss
1004.0 23344.0 296.0 72.0 Anne
1376.0 23340.0 360.0 76.0 Flliott
1852.0 23356.0 392.0 60.0 rnuntv
2324.0 23364.0 308.0 52.0 nurse

520.0 23472.0 296.0 92.0 elose
888.0 23472.0 352.0 92.0 friend
1316.0 23480.0 116.0 92.0 of
1508.0 23472.0 248.0 92.0 Miss
1832.0 23472.0 484.0 108.0 Griffith.
2384.0 23424.0 528.0 148.0 teatl-iP"

528.0 23616.0 224.0 84.0 fted
808.0 23616.0 256.0 100.0 thy
1116.0 23632.0 276.0 68.0 were
1452.0 23616.0 484.0 104.0 together
2000.0 23632.0 96.0 68.0 in
2160.0 23616.0 508.0 104.0 Hunting-
2724.0 23644.0 8.0 64.0 i

528.0 23748.0 192.0 88.0 ton
796.0 23744.0 532.0 108.0 Saturday
1400.0 23744.0 564.0 88.0 afternoon
2040.0 23768.0 132.0 68.0 on
2248.0 23772.0 48.0 64.0 a
2368.0 23752.0 280.0 104.0 shop.

532.0 23880.0 268.0 88.0 Bin-
896.0 23880.0 216.0 88.0 triD
1212.0 23876.0 208.0 92.0 and
1524.0 23880.0 232.0 88.0 that
1864.0 23880.0 264.0 88.0 Miss
2228.0 23884.0 436.0 84.0 Gnfnth

532.0 24008.0 412.0 112.0 bought
1068.0 24016.0 184.0 88.0 her
1368.0 24036.0 56.0 68.0 a
1540.0 24032.0 252.0 72.0 coca
1908.0 24016.0 228.0 92.0 cola
2252.0 23992.0 744.0 136.0 Sunday!3"
3080.0 23984.0 180.0 80.0 Ul'
3352.0 23992.0 424.0 76.0 m'nr('st
3872.0 23988.0 292.0 116.0 ,niK
4256.0 24004.0 76.0 72.0 "
4620.0 23992.0 324.0 96.0 hreak

1748.0 24152.0 20.0 16.0 .
2112.0 24148.0 228.0 20.0 ...
2488.0 24152.0 20.0 16.0 .
2780.0 24104.0 224.0 64.0 (hilt
3076.0 24132.0 148.0 36.0 U'll
3360.0 24116.0 368.0 52.0 t'HOlMI
3752.0 24124.0 116.0 44.0 rt.l
4428.0 24124.0 56.0 44.0 1-
4536.0 24156.0 12.0 12.0 .
4576.0 24152.0 24.0 16.0 .

532.0 24168.0 320.0 76.0 Tioon.
1024.0 24168.0 200.0 72.0 ine
1316.0 24168.0 280.0 92.0 gins,
1688.0 24168.0 192.0 68.0 sne
1972.0 24168.0 256.0 76.0 said,
2320.0 24168.0 192.0 72.0 hau
2608.0 24176.0 56.0 64.0 a

536.0 24280.0 304.0 100.0 habit
896.0 24280.0 120.0 92.0 of
1068.0 24284.0 492.0 108.0 carrying
1620.0 24284.0 148.0 88.0 thl
1892.0 24284.0 308.0 92.0 drink
2260.0 24292.0 104.0 80.0 to
2416.0 24288.0 252.0 88.0 each
2728.0 24260.0 12.0 96.0 !

524.0 24416.0 352.0 96.0 cthor.
2728.0 24412.0 12.0 64.0 :

660.0 24552.0 292.0 92.0 John
1068.0 24552.0 480.0 104.0 Griffith,
1656.0 24552.0 372.0 100.0 father
2136.0 24560.0 116.0 92.0 of
2352.0 24540.0 388.0 104.0 Eliza-1

536.0 24672.0 264.0 108.0 beth
936.0 24684.0 368.0 104.0 placed
1412.0 24688.0 180.0 88.0 her
1688.0 24700.0 112.0 76.0 at
1904.0 24688.0 308.0 88.0 home
2304.0 24688.0 100.0 88.0 in
2504.0 24700.0 180.0 80.0 tne
2732.0 24660.0 12.0 104.0 )

1172.0 24812.0 180.0 52.0 Kiii
1528.0 24840.0 136.0 24.0 ...
2072.0 24816.0 284.0 48.0 inri...
2728.0 24764.0 12.0 100.0 !

536.0 24948.0 124.0 88.0 to
744.0 24948.0 112.0 88.0 th
1016.0 24948.0 288.0 88.0 time.
1452.0 24944.0 156.0 92.0 He
1700.0 24952.0 284.0 80.0 went
2072.0 24956.0 104.0 80.0 to
2264.0 24948.0 420.0 104.0 Sunday
2732.0 24900.0 12.0 152.0 I

544.0 25076.0 400.0 104.0 achool,
1008.0 25080.0 128.0 88.0 he
1200.0 25076.0 268.0 92.0 aaid.
1592.0 25080.0 192.0 88.0 Mis
1912.0 25080.0 440.0 88.0 Avanell
2408.0 25080.0 276.0 88.0 Grlf-
2732.0 25060.0 8.0 104.0 i

540.0 25208.0 256.0 72.0 fith.
892.0 25228.0 68.0 52.0 a
1052.0 25208.0 320.0 72.0 sister
1496.0 25212.0 592.0 68.0 confirmed
2192.0 25212.0 108.0 68.0 th

540.0 25336.0 352.0 72.0 nrrinv
1028.0 25336.0 156.0 72.0 Hn
1256.0 25336.0 208.0 72.0 .nil
1540.0 25344.0 580.0 64.0 srcm.ni.rt
2200.0 25344.0 160.0 64.0 w
2432.0 25344.0 256.0 64.0 s.
2732.0 25296.0 12.0 72.0 ;

544.0 25468.0 216.0 108.0 day
824.0 25472.0 500.0 104.0 morning
1384.0 25480.0 688.0 80.0 movements.
2128.0 25476.0 200.0 88.0 She
2380.0 25472.0 304.0 92.0 could
2736.0 25488.0 8.0 72.0 l
2908.0 25448.0 284.0 96.0 Irvin
3264.0 25448.0 408.0 120.0 Young,
3748.0 25464.0 276.0 84.0 state
4080.0 25468.0 580.0 104.0 examiner,
4724.0 25496.0 220.0 64.0 was
5184.0 25424.0 200.0 88.0 rhc
5648.0 25432.0 348.0 84.0 "'f'ant
6108.0 25424.0 324.0 92.0 white
6548.0 25424.0 256.0 96.0 tulle
6912.0 25428.0 260.0 92.0 skirt

548.0 25608.0 192.0 88.0 rot
816.0 25600.0 324.0 88.0 recall
1212.0 25604.0 288.0 88.0 what
1568.0 25604.0 188.0 88.0 her
1824.0 25604.0 320.0 96.0 sister
2208.0 25600.0 172.0 92.0 did
2452.0 25608.0 232.0 88.0 that
2736.0 25564.0 8.0 60.0 :
2792.0 25584.0 176.0 88.0 the
3028.0 25588.0 232.0 88.0 first
3324.0 25596.0 284.0 84.0 state
3676.0 25596.0 452.0 92.0 rebuttal
4192.0 25600.0 468.0 92.0 witne.
4784.0 25604.0 160.0 92.0 He
4988.0 25556.0 8.0 60.0 '
5044.0 25580.0 148.0 64.0 wn
5316.0 25580.0 52.0 68.0 f
5456.0 25564.0 264.0 104.0 llBht
5784.0 25568.0 96.0 84.0 In
5944.0 25564.0 244.0 84.0 with
6244.0 25584.0 64.0 68.0 a
6372.0 25584.0 424.0 64.0 narrow
6856.0 25564.0 324.0 104.0 girdle

548.0 25728.0 348.0 108.0 High.
2736.0 25756.0 12.0 84.0 ;
2792.0 25720.0 464.0 92.0 testified
3392.0 25728.0 240.0 88.0 that
3772.0 25732.0 176.0 84.0 the
4076.0 25744.0 404.0 80.0 countv
4608.0 25740.0 340.0 88.0 under
5044.0 25692.0 108.0 92.0 of
5220.0 25720.0 156.0 64.0 wa
5528.0 25720.0 392.0 84.0 orange
5992.0 25700.0 544.0 92.0 blossom,
6608.0 25696.0 208.0 88.0 like
6884.0 25700.0 296.0 88.0 those

680.0 25864.0 264.0 92.0 Miss
1004.0 25860.0 552.0 100.0 Elizabeth
1612.0 25864.0 456.0 92.0 Griffith
2128.0 25892.0 156.0 64.0 wa
2396.0 25892.0 296.0 88.0 que-
2792.0 25856.0 292.0 92.0 Pratt
3148.0 25856.0 240.0 112.0 paid
3448.0 25856.0 328.0 100.0 $3,900
3828.0 25864.0 160.0 88.0 for
4040.0 25868.0 656.0 104.0 machinery,
4732.0 25876.0 208.0 88.0 and
5044.0 25832.0 340.0 88.0 ,u,i,'n
5484.0 25836.0 356.0 104.0 "nuKht
5904.0 25836.0 172.0 88.0 the
6136.0 25852.0 296.0 72.0 same
6496.0 25836.0 488.0 88.0 matciuil
7036.0 25844.0 112.0 84.0 to-

548.0 25988.0 376.0 100.0 tioned
1012.0 25992.0 132.0 96.0 by
1220.0 25992.0 540.0 92.0 Andrews.
2736.0 25964.0 12.0 120.0 !
2796.0 25988.0 236.0 100.0 paid
3112.0 25988.0 76.0 92.0 It
3268.0 26012.0 292.0 68.0 more
3636.0 25996.0 260.0 88.0 than
3976.0 26028.0 56.0 60.0 a
4104.0 26024.0 256.0 64.0 venr
4440.0 26004.0 368.0 84.0 before
4884.0 26028.0 60.0 60.0 a
4988.0 25976.0 8.0 36.0 1
5048.0 25968.0 368.0 100.0 g'cther
5504.0 25968.0 100.0 88.0 in
5696.0 25992.0 60.0 64.0 a
5836.0 25972.0 204.0 88.0 soft
6128.0 25968.0 204.0 92.0 "V"
6416.0 25980.0 120.0 80.0 at
6620.0 25968.0 180.0 88.0 the
6880.0 25972.0 300.0 84.0 neck-

676.0 26120.0 152.0 32.0 ....
952.0 26144.0 16.0 8.0 .
1052.0 26128.0 48.0 24.0 L
1336.0 26128.0 40.0 24.0 -
1424.0 26124.0 48.0 28.0 ..
1548.0 26128.0 32.0 24.0 .
2436.0 26140.0 16.0 12.0 .
2552.0 26136.0 20.0 16.0 .

760.0 26152.0 220.0 68.0 iou
1052.0 26152.0 360.0 76.0 neara,
1552.0 26152.0 116.0 68.0 ne
1740.0 26152.0 264.0 72.0 saio.
2076.0 26152.0 232.0 68.0 -tne
2376.0 26152.0 368.0 88.0 state-;

552.0 26264.0 364.0 88.0 inents
992.0 26256.0 116.0 92.0 of
1184.0 26256.0 236.0 92.0 Dan
1500.0 26260.0 332.0 108.0 Rapp.
1980.0 26260.0 360.0 92.0 Please
2412.0 26268.0 276.0 84.0 .tste
2740.0 26284.0 8.0 116.0 ;
2792.0 26256.0 552.0 92.0 delivered.

556.0 26388.0 492.0 84.0 whether
1104.0 26384.0 180.0 96.0 the
1348.0 26392.0 636.0 88.0 statements
2048.0 26412.0 176.0 68.0 are
2288.0 26404.0 220.0 80.0 true
2568.0 26416.0 120.0 68.0 or
2732.0 26420.0 16.0 92.0 .1
2912.0 26388.0 500.0 116.0 Henncsy
3532.0 26396.0 552.0 104.0 Howland.
4196.0 26408.0 288.0 84.0 state
4604.0 26424.0 344.0 72.0 exam-

1124.0 26652.0 24.0 56.0 ,
1528.0 26652.0 44.0 60.0 ,
1872.0 26652.0 24.0 60.0 ,
2564.0 26660.0 20.0 20.0 .
2732.0 26548.0 12.0 144.0 i
2784.0 26520.0 320.0 188.0 1iVi
3480.0 26532.0 336.0 92.0 asked
3928.0 26540.0 648.0 100.0 concerning
4696.0 26540.0 252.0 88.0 Miss

908.0 26672.0 448.0 168.0 "h1"0"
2024.0 26676.0 388.0 164.0 ,1'""'
2564.0 26656.0 668.0 112.0 heir,rlffltn
3448.0 26680.0 636.0 80.0 "tatements
4200.0 26672.0 372.0 88.0 before
4700.0 26672.0 244.0 100.0 him,

752.0 26840.0 76.0 84.0 'I
2028.0 26840.0 116.0 92.0 '".
2192.0 26916.0 24.0 16.0 .
2412.0 26840.0 48.0 36.0 "
2524.0 26840.0 144.0 40.0 '"'
2736.0 26840.0 12.0 88.0 i

560.0 26932.0 128.0 52.0 as
780.0 26920.0 300.0 64.0 lam
1160.0 26912.0 584.0 72.0 rnnrrrnpr)
1924.0 26924.0 44.0 60.0 I
2048.0 26916.0 168.0 68.0 AA
2304.0 26924.0 164.0 60.0 ll.il
2560.0 26920.0 132.0 64.0 An

560.0 26996.0 56.0 64.0 r
2632.0 26984.0 60.0 24.0 "
2740.0 27000.0 8.0 52.0 ;
2788.0 26984.0 100.0 32.0 "-
3652.0 26984.0 260.0 44.0 ui.i-i
3948.0 26984.0 80.0 64.0 ij
4084.0 26984.0 520.0 48.0 uiurirm
4672.0 26984.0 24.0 44.0 1
4728.0 26984.0 16.0 44.0 1
4776.0 26984.0 168.0 52.0 mo
4988.0 27016.0 12.0 52.0 ,
5356.0 26984.0 52.0 24.0 -
5488.0 26984.0 56.0 20.0 -
7360.0 26984.0 36.0 24.0 -
7480.0 26984.0 316.0 36.0 -...
7880.0 26984.0 116.0 52.0 ....
8088.0 26984.0 164.0 36.0 mo
8500.0 26984.0 88.0 32.0 ir
8664.0 26984.0 264.0 44.0 n..-i
8996.0 26984.0 412.0 52.0 numiur
9464.0 26984.0 8.0 76.0 ;
9508.0 26984.0 104.0 68.0 io
9712.0 26984.0 180.0 72.0 tne
10000.0 26984.0 432.0 96.0 nearuig
10528.0 26984.0 120.0 76.0 of
10748.0 26984.0 172.0 76.0 the
11020.0 26988.0 556.0 92.0 argument

556.0 27060.0 120.0 76.0 at-
2736.0 27064.0 12.0 88.0 !
2792.0 27064.0 296.0 88.0 those
3172.0 27072.0 108.0 84.0 to
3364.0 27068.0 340.0 92.0 which
3792.0 27072.0 184.0 84.0 she
4056.0 27092.0 336.0 68.0 swore
4472.0 27076.0 356.0 84.0 tod.iv.
5044.0 27052.0 188.0 112.0 ley.
7296.0 27064.0 212.0 88.0 this
7588.0 27064.0 444.0 92.0 Federal
8112.0 27072.0 324.0 88.0 Court
8512.0 27072.0 452.0 100.0 district,
9044.0 27080.0 204.0 88.0 and
9336.0 27080.0 72.0 92.0 it
9504.0 27096.0 196.0 88.0 and
9764.0 27096.0 172.0 88.0 for
10000.0 27124.0 132.0 64.0 an
10188.0 27100.0 304.0 88.0 order
10544.0 27104.0 536.0 112.0 requiring
11132.0 27108.0 464.0 108.0 Reming-

760.0 27184.0 148.0 76.0 Aa
988.0 27184.0 116.0 80.0 to
1188.0 27184.0 304.0 92.0 Zeek,
1576.0 27196.0 272.0 72.0 were
1940.0 27184.0 248.0 104.0 they
2272.0 27188.0 220.0 84.0 true
2584.0 27200.0 164.0 72.0 or:
2912.0 27200.0 584.0 88.0 Witnesses
3608.0 27208.0 244.0 80.0 who
3960.0 27204.0 208.0 84.0 told
4280.0 27204.0 248.0 84.0 how
4636.0 27208.0 304.0 80.0 Pratt
5160.0 27192.0 220.0 88.0 Her
5500.0 27216.0 248.0 64.0 eves
5856.0 27216.0 264.0 64.0 v.eie
6236.0 27188.0 416.0 92.0 stalled
6764.0 27216.0 120.0 64.0 as
6996.0 27196.0 184.0 88.0 she
7232.0 27200.0 388.0 88.0 'would
7696.0 27208.0 420.0 80.0 reunite
8192.0 27228.0 276.0 60.0 more
8544.0 27216.0 248.0 72.0 time
8872.0 27220.0 104.0 68.0 In
9044.0 27216.0 356.0 72.0 nhiim
9460.0 27224.0 572.0 64.0 'i..D.nj
10108.0 27240.0 28.0 48.0 .
10336.0 27236.0 324.0 52.0 ,,!,.
10700.0 27240.0 236.0 48.0 ..;..
11012.0 27244.0 268.0 44.0 .u.w
11524.0 27252.0 92.0 36.0 .-.

568.0 27300.0 64.0 36.0 .
700.0 27308.0 28.0 28.0 ,
1124.0 27308.0 24.0 24.0 .
1832.0 27336.0 48.0 24.0 rt
1924.0 27312.0 28.0 24.0 .

632.0 27360.0 52.0 32.0 "
712.0 27360.0 16.0 32.0 i
768.0 27360.0 64.0 28.0 "
888.0 27372.0 24.0 28.0 .
1064.0 27360.0 32.0 36.0 i
1132.0 27360.0 20.0 36.0 i
1164.0 27360.0 88.0 40.0 ic
1344.0 27360.0 64.0 36.0 n
1436.0 27360.0 52.0 36.0 n
1620.0 27360.0 364.0 44.0 a"iru,

696.0 27440.0 372.0 92.0 "False
1120.0 27472.0 60.0 64.0 a
1300.0 27444.0 172.0 92.0 far
1528.0 27468.0 116.0 68.0 aa
1700.0 27448.0 48.0 96.0 I
1804.0 27472.0 180.0 64.0 am
2040.0 27448.0 604.0 112.0 concerned,

640.0 27572.0 128.0 92.0 he
836.0 27580.0 544.0 92.0 answered

700.0 27712.0 208.0 96.0 Mis
1088.0 27716.0 452.0 100.0 Griffith
1656.0 27716.0 352.0 124.0 began
2128.0 27740.0 308.0 100.0 many
2552.0 27740.0 156.0 80.0 re-

2876.0 1576.0 320.0 92.0 ponsc
3344.0 1560.0 252.0 92.0 with
3684.0 1560.0 328.0 96.0 "well.
4168.0 1552.0 176.0 100.0 but
4436.0 1564.0 100.0 88.0 In
4632.0 1556.0 332.0 96.0 detail

2816.0 1700.0 184.0 92.0 aha
3088.0 1696.0 444.0 92.0 covered
3620.0 1696.0 356.0 92.0 denial
4132.0 1700.0 116.0 88.0 of
4336.0 1700.0 624.0 112.0 everything

2812.0 1832.0 236.0 88.0 that
3148.0 1828.0 200.0 100.0 had
3448.0 1836.0 256.0 92.0 been
3804.0 1832.0 232.0 96.0 aald
4140.0 1840.0 132.0 104.0 by
4352.0 1844.0 284.0 84.0 xtate
4740.0 1840.0 168.0 84.0 wit-

2812.0 1992.0 360.0 72.0 nea
3292.0 2000.0 60.0 64.0 o
3416.0 1972.0 172.0 100.0 far
3652.0 1996.0 68.0 64.0 a
3840.0 1976.0 256.0 108.0 they
4160.0 1976.0 444.0 92.0 touched
4676.0 1972.0 228.0 92.0 her.

2924.0 2112.0 340.0 112.0 Itapp,
3332.0 2112.0 120.0 92.0 ah
3588.0 2112.0 260.0 100.0 eaid,
3916.0 2112.0 212.0 92.0 had
4200.0 2112.0 320.0 96.0 aked
4592.0 2112.0 192.0 88.0 her
4852.0 2120.0 112.0 84.0 to

2864.0 2272.0 52.0 56.0 e
3064.0 2252.0 352.0 88.0 achool
3504.0 2252.0 500.0 92.0 teachera
4084.0 2248.0 208.0 92.0 and
4376.0 2248.0 188.0 92.0 aak
4656.0 2252.0 296.0 92.0 them

2808.0 2392.0 104.0 84.0 to
3012.0 2384.0 316.0 104.0 muka
3428.0 2408.0 140.0 68.0 no
3660.0 2388.0 508.0 92.0 affldavli
4336.0 2412.0 116.0 68.0 aa
4556.0 2392.0 108.0 84.0 to
4772.0 2388.0 184.0 88.0 the

2800.0 2532.0 440.0 84.0 amount
3320.0 2520.0 116.0 92.0 of
3504.0 2520.0 256.0 100.0 milk
3848.0 2524.0 248.0 88.0 that
4176.0 2544.0 212.0 68.0 wan
4464.0 2520.0 488.0 116.0 aupplled

2800.0 2660.0 168.0 92.0 for
3052.0 2660.0 304.0 92.0 relief
3436.0 2668.0 108.0 84.0 to
3624.0 2664.0 384.0 112.0 puplla.

2920.0 2792.0 108.0 96.0 "I
3096.0 2796.0 424.0 92.0 refused
3584.0 2804.0 112.0 84.0 to
3760.0 2804.0 136.0 88.0 do
3960.0 2796.0 176.0 104.0 It,"
4196.0 2796.0 184.0 96.0 alio
4444.0 2792.0 264.0 100.0 aald.

2912.0 2932.0 168.0 96.0 He
3176.0 2936.0 408.0 112.0 (Rapp)
3684.0 2936.0 216.0 96.0 told
4004.0 2936.0 216.0 104.0 her,
4304.0 2936.0 180.0 92.0 aha
4576.0 2956.0 380.0 88.0 awora,

2804.0 3068.0 196.0 100.0 "all
3064.0 3100.0 196.0 88.0 you
3328.0 3088.0 176.0 96.0 got
3572.0 3084.0 104.0 84.0 to
3736.0 3076.0 132.0 88.0 do
3940.0 3080.0 88.0 88.0 ia
4092.0 3072.0 176.0 96.0 not
4336.0 3084.0 100.0 80.0 to
4508.0 3096.0 400.0 68.0 remem-

2800.0 3204.0 188.0 100.0 ber
3052.0 3212.0 612.0 112.0 anything."

2792.0 3344.0 404.0 192.0 .."DiH
3512.0 3372.0 124.0 88.0 Ry
3908.0 3368.0 200.0 96.0 y"
4180.0 3348.0 164.0 188.0 IV
4412.0 3368.0 204.0 168.0 T."
4828.0 3348.0 600.0 168.0 "liK'ther
5544.0 3404.0 188.0 84.0 the
5856.0 3340.0 344.0 176.0 youth"
6296.0 3404.0 200.0 92.0 and
6616.0 3400.0 176.0 88.0 hia
6908.0 3392.0 216.0 96.0 brld

3540.0 3512.0 196.0 64.0 otle

2784.0 3620.0 396.0 116.0 girl?'"
3320.0 3620.0 504.0 92.0 Andrews
3964.0 3620.0 356.0 92.0 asked.

2900.0 3760.0 332.0 88.0 lean
3304.0 3760.0 396.0 108.0 gushed
3784.0 3764.0 108.0 84.0 to
3972.0 3760.0 188.0 88.0 her
4228.0 3780.0 180.0 92.0 eye
4540.0 3780.0 120.0 68.0 as
4736.0 3756.0 192.0 92.0 ahe

2784.0 3896.0 256.0 96.0 aald.
3116.0 3888.0 356.0 96.0 "Tea."

2900.0 4032.0 288.0 88.0 "Wei
3348.0 4052.0 204.0 92.0 you
3636.0 4028.0 356.0 92.0 afraid
4084.0 4032.0 112.0 92.0 of
4280.0 4024.0 344.0 92.0 him?"
4712.0 4028.0 172.0 92.0 An-

2780.0 4168.0 344.0 88.0 drews
3212.0 4168.0 356.0 92.0 asked.

2908.0 4300.0 284.0 92.0 Mure
3268.0 4312.0 312.0 80.0 tenia.

2932.0 4444.0 288.0 84.0 'Sure
3304.0 4436.0 28.0 92.0 I
3416.0 4464.0 148.0 64.0 wit
3696.0 4428.0 360.0 96.0 Hfrald
4128.0 4428.0 116.0 96.0 of
4312.0 4424.0 304.0 100.0 him."

2900.0 4568.0 260.0 100.0 "Did
3284.0 4576.0 292.0 88.0 these
3692.0 4572.0 372.0 104.0 thlnga
4176.0 4572.0 328.0 84.0 excite
4620.0 4588.0 300.0 68.0 aoma

2716.0 5792.0 164.0 108.0 l'h
3020.0 5800.0 284.0 84.0 teara
3380.0 5792.0 336.0 108.0 brgnn
3792.0 5800.0 316.0 92.0 again

2888.0 5932.0 360.0 84.0 'Have
3324.0 5952.0 204.0 88.0 you
3608.0 5952.0 204.0 88.0 any
3900.0 5952.0 368.0 88.0 money
4352.0 5916.0 364.0 104.0 now?"

2896.0 6064.0 284.0 96.0 Mote
3260.0 6076.0 308.0 80.0 tears.

2844.0 6196.0 248.0 104.0 "No,
3168.0 6200.0 232.0 96.0 sir,"
3476.0 6200.0 188.0 88.0 ahe
3744.0 6196.0 260.0 92.0 snld.

2900.0 6336.0 264.0 88.0 "Are
3232.0 6356.0 196.0 88.0 yon
3500.0 6336.0 96.0 92.0 In
3664.0 6332.0 248.0 92.0 debt
3984.0 6324.0 356.0 100.0 now?"

2896.0 6468.0 344.0 96.0 There
3304.0 6492.0 216.0 68.0 was
3580.0 6496.0 56.0 64.0 a
3712.0 6472.0 348.0 88.0 minor
4120.0 6472.0 388.0 100.0 deluge.

2900.0 6608.0 356.0 104.0 "Yes,"
3320.0 6616.0 228.0 88.0 said
3620.0 6608.0 256.0 92.0 Miss
3944.0 6604.0 476.0 108.0 Oiiffllh,
4488.0 6600.0 436.0 116.0 bravely

2788.0 6744.0 460.0 112.0 fighting
3316.0 6744.0 264.0 88.0 back
3656.0 6752.0 172.0 80.0 the
3900.0 6752.0 316.0 80.0 tears.

2900.0 6876.0 288.0 96.0 Then
3244.0 6876.0 184.0 92.0 she
3488.0 6904.0 212.0 68.0 was
3752.0 6872.0 612.0 116.0 questioned
4420.0 6896.0 504.0 68.0 concern-

2784.0 7016.0 180.0 100.0 ing
3040.0 7012.0 180.0 92.0 the
3296.0 7016.0 256.0 84.0 time
3632.0 7016.0 284.0 88.0 after
3996.0 7012.0 180.0 84.0 the
4252.0 7008.0 268.0 92.0 flood
4612.0 7012.0 312.0 88.0 when

2772.0 7148.0 188.0 88.0 she
3016.0 7144.0 328.0 116.0 began
3404.0 7152.0 108.0 88.0 to
3560.0 7152.0 424.0 104.0 suspect
4040.0 7148.0 220.0 88.0 that
4320.0 7144.0 228.0 92.0 fan
4612.0 7148.0 316.0 108.0 Happ

2788.0 7308.0 216.0 64.0 was
3092.0 7296.0 164.0 80.0 not
3360.0 7288.0 424.0 108.0 playing
3868.0 7284.0 416.0 112.0 exactly
4368.0 7284.0 208.0 88.0 fair
4668.0 7284.0 260.0 88.0 with

2784.0 7432.0 24.0 28.0 .
2836.0 7416.0 52.0 44.0 I.
3352.0 7444.0 52.0 16.0 ..
3796.0 7420.0 36.0 40.0 A
3872.0 7444.0 88.0 16.0 ...
3980.0 7420.0 20.0 40.0 I
4476.0 7420.0 52.0 40.0 .1
4552.0 7416.0 112.0 44.0 ...4
4744.0 7416.0 20.0 44.0 I
4888.0 7440.0 40.0 20.0 .,

3020.0 7460.0 420.0 68.0 mumy,
3500.0 7460.0 208.0 60.0 mm
3872.0 7460.0 232.0 48.0 nun
4236.0 7460.0 44.0 48.0 i
4332.0 7460.0 336.0 48.0 mucu
4744.0 7460.0 164.0 44.0 nn

2788.0 7560.0 764.0 104.0 Interrogation
3620.0 7560.0 244.0 84.0 with
3936.0 7560.0 212.0 92.0 this
4204.0 7580.0 360.0 84.0 query:

2972.0 7688.0 192.0 96.0 IUd
3264.0 7712.0 200.0 88.0 you
3564.0 7692.0 260.0 88.0 hear
3924.0 7692.0 112.0 92.0 of
4132.0 7712.0 196.0 88.0 any
4432.0 7692.0 492.0 108.0 proposal

2784.0 7824.0 108.0 92.0 to
2944.0 7828.0 404.0 104.0 charge
3408.0 7824.0 176.0 88.0 the
3640.0 7828.0 320.0 84.0 result
4084.0 7824.0 108.0 88.0 of
4248.0 7824.0 164.0 92.0 the
4476.0 7824.0 408.0 92.0 Novem-

2788.0 7952.0 184.0 96.0 ber
3044.0 7956.0 580.0 92.0 election?"

2904.0 8096.0 100.0 92.0 "I
3072.0 8096.0 168.0 92.0 did
3312.0 8096.0 260.0 100.0 not,"
3632.0 8100.0 188.0 84.0 ahe
3880.0 8092.0 260.0 112.0 aald,
4204.0 8092.0 120.0 112.0 by
4384.0 8096.0 216.0 88.0 this
4660.0 8100.0 260.0 84.0 time

2780.0 8232.0 316.0 104.0 again
3184.0 8232.0 584.0 108.0 composed.

2900.0 8360.0 284.0 104.0 "You
3272.0 8360.0 316.0 96.0 heard
3680.0 8364.0 632.0 88.0 statements
4392.0 8360.0 232.0 96.0 that
4716.0 8384.0 204.0 92.0 you

2776.0 8496.0 476.0 108.0 changed
3324.0 8496.0 380.0 100.0 absent
3772.0 8500.0 384.0 92.0 voters'
4228.0 8496.0 508.0 96.0 ballot?''

2772.0 8632.0 332.0 96.0 asked
3176.0 8636.0 540.0 92.0 Andrews.

2892.0 8768.0 328.0 92.0 "That
3296.0 8788.0 320.0 72.0 never
3680.0 8768.0 636.0 112.0 happened."

2888.0 8900.0 348.0 92.0 "Tain
3376.0 8904.0 272.0 112.0 her,"
3792.0 8908.0 228.0 88.0 said
4156.0 8908.0 508.0 92.0 Andrews
4804.0 8912.0 108.0 96.0 to

2768.0 9032.0 384.0 92.0 Hurk.

2884.0 9172.0 260.0 92.0 "Hid
3320.0 9172.0 184.0 96.0 Mr.
3676.0 9176.0 512.0 92.0 Andrews
4340.0 9176.0 184.0 92.0 ask
4704.0 9200.0 204.0 88.0 you

2764.0 9308.0 480.0 88.0 whether
3324.0 9328.0 204.0 92.0 you
3616.0 9312.0 304.0 88.0 could
4012.0 9328.0 176.0 88.0 cry
4276.0 9312.0 320.0 112.0 easily
4692.0 9308.0 212.0 96.0 and

2760.0 9440.0 240.0 120.0 stop
3088.0 9444.0 456.0 112.0 easily?"
3636.0 9448.0 336.0 88.0 risked
4068.0 9448.0 364.0 88.0 tliiike.

2884.0 9580.0 328.0 104.0 "Why
3292.0 9572.0 216.0 108.0 no,"
3584.0 9580.0 232.0 92.0 laid
3912.0 9580.0 252.0 88.0 Miss
4232.0 9580.0 480.0 96.0 Griffith,

2880.0 9704.0 260.0 96.0 "Did
3252.0 9736.0 196.0 84.0 you
3552.0 9712.0 176.0 92.0 tell
3848.0 9708.0 176.0 96.0 Dr.
4136.0 9712.0 452.0 108.0 Minting
4696.0 9736.0 204.0 84.0 you

2764.0 9844.0 380.0 92.0 shared
3244.0 9848.0 172.0 88.0 the
3516.0 9848.0 252.0 92.0 milk
3876.0 9848.0 304.0 92.0 relief
4260.0 9852.0 272.0 104.0 graft
4640.0 9852.0 256.0 88.0 with

2764.0 9976.0 436.0 112.0 Kpp?"
3276.0 9980.0 324.0 96.0 asked
3692.0 9980.0 392.0 92.0 Rurke.

2888.0 10112.0 252.0 92.0 Miss
3216.0 10116.0 444.0 92.0 Crirfilh
3740.0 10116.0 376.0 92.0 denied
4196.0 10116.0 100.0 100.0 It,

2884.0 10248.0 352.0 92.0 liuike
3316.0 10248.0 324.0 96.0 asked
3724.0 10264.0 636.0 100.0 concerning
4436.0 10276.0 56.0 64.0 a
4576.0 10256.0 288.0 84.0 state-

2764.0 10400.0 276.0 84.0 ment
3164.0 10388.0 580.0 88.0 attributed
3864.0 10392.0 108.0 84.0 to
4084.0 10384.0 176.0 92.0 her
4364.0 10384.0 236.0 92.0 that
4712.0 10388.0 188.0 88.0 she

2764.0 10520.0 472.0 88.0 received
3308.0 10524.0 236.0 104.0 only
3624.0 10520.0 196.0 96.0 $20.

2872.0 10652.0 104.0 92.0 "I
3032.0 10676.0 196.0 68.0 can
3288.0 10652.0 504.0 112.0 explain,"
3860.0 10660.0 124.0 84.0 he
4040.0 10652.0 248.0 96.0 aald,
4404.0 10656.0 208.0 88.0 She
4672.0 10652.0 220.0 96.0 told

2760.0 10788.0 220.0 88.0 that
3092.0 10812.0 128.0 68.0 on
3324.0 10788.0 184.0 88.0 her
3604.0 10788.0 500.0 104.0 birthday
4200.0 10804.0 292.0 76.0 iinnli
4528.0 10812.0 280.0 64.0 ereiii
4844.0 10816.0 56.0 84.0 y

2760.0 10924.0 300.0 88.0 when
3152.0 10920.0 328.0 104.0 Pratt,
3568.0 10920.0 336.0 116.0 Rapp,
3988.0 10920.0 200.0 92.0 and
4280.0 10924.0 192.0 88.0 Mis
4616.0 10924.0 244.0 88.0 Grif-

2764.0 11052.0 192.0 92.0 fith
3088.0 11060.0 204.0 84.0 still
3424.0 11080.0 272.0 64.0 were
3824.0 11068.0 84.0 88.0 fi
3940.0 11060.0 316.0 96.0 lends,
4380.0 11056.0 176.0 104.0 fjo
4680.0 11084.0 220.0 64.0 waa

2748.0 11188.0 308.0 108.0 given
3124.0 11192.0 104.0 84.0 lo
3288.0 11192.0 180.0 88.0 her
3528.0 11212.0 120.0 68.0 as
3704.0 11216.0 60.0 68.0 a
3832.0 11196.0 420.0 104.0 piesent
4308.0 11188.0 204.0 92.0 and
4580.0 11192.0 316.0 112.0 Rapp

2752.0 11328.0 256.0 104.0 said,
3080.0 11320.0 284.0 96.0 "You
3440.0 11324.0 180.0 92.0 hav
3784.0 11328.0 260.0 88.0 been
4120.0 11328.0 252.0 108.0 good
4452.0 11332.0 112.0 88.0 to
4636.0 11324.0 260.0 92.0 me."

2880.0 11460.0 348.0 92.0 llurkii
3396.0 11460.0 328.0 92.0 asked
3900.0 11460.0 188.0 92.0 her
4248.0 11460.0 652.0 108.0 concerning

2744.0 11600.0 632.0 84.0 atiilemeiils
3432.0 11604.0 308.0 84.0 made
3796.0 11600.0 112.0 84.0 to
3960.0 11600.0 276.0 84.0 state
4288.0 11600.0 608.0 84.0 examiners

2752.0 11728.0 356.0 92.0 before
3200.0 11732.0 176.0 88.0 the
3468.0 11732.0 336.0 104.0 grand
3900.0 11736.0 236.0 104.0 Jury
4228.0 11752.0 208.0 68.0 was
4524.0 11732.0 372.0 88.0 called,

2748.0 11860.0 288.0 104.0 "You
3108.0 11860.0 200.0 92.0 tied
3388.0 11864.0 388.0 92.0 then?"
3860.0 11864.0 356.0 92.0 liurlie
4288.0 11864.0 612.0 112.0 suggested.

2860.0 12012.0 100.0 88.0 "t
3000.0 12032.0 20.0 8.0 "
3052.0 12008.0 168.0 96.0 did
3324.0 12012.0 180.0 88.0 not
3540.0 12004.0 628.0 116.0 "-snapped
4268.0 12008.0 200.0 84.0 Mrs
2744.0 12004.0 2116.0 228.0 -Griffith.

2860.0 12280.0 256.0 88.0 Miss
3208.0 12280.0 452.0 92.0 (iilfflth
3760.0 12276.0 208.0 92.0 mid
4076.0 12280.0 344.0 88.0 Rinke
4516.0 12276.0 216.0 96.0 had
4836.0 12304.0 56.0 64.0 a

2736.0 12412.0 236.0 116.0 long
3068.0 12424.0 228.0 76.0 emit
3332.0 12440.0 424.0 88.0 roveiHy
3856.0 12436.0 252.0 72.0 over
4204.0 12412.0 436.0 108.0 nuiking
4756.0 12436.0 136.0 88.0 up

2740.0 12548.0 232.0 92.0 hills
3072.0 12552.0 160.0 92.0 for
3348.0 12552.0 172.0 88.0 the
3624.0 12556.0 508.0 108.0 Hnnltniy
4232.0 12552.0 248.0 92.0 Milk
4588.0 12548.0 264.0 92.0 Com-

2740.0 12704.0 300.0 92.0 pany,
3136.0 12712.0 196.0 64.0 one
3436.0 12688.0 112.0 88.0 of
3648.0 12684.0 400.0 112.0 Rapp's
4140.0 12684.0 440.0 92.0 devices.
4688.0 12692.0 208.0 88.0 She

2736.0 12816.0 512.0 100.0 admitted
3348.0 12828.0 184.0 80.0 Nhe
3632.0 12828.0 376.0 104.0 copied
4104.0 12816.0 224.0 100.0 bills
4428.0 12828.0 180.0 84.0 but
4728.0 12828.0 124.0 84.0 de-

2744.0 12956.0 236.0 96.0 nied
3056.0 12964.0 188.0 84.0 she
3320.0 12964.0 308.0 84.0 made
3700.0 12984.0 140.0 88.0 up
3920.0 12984.0 204.0 76.0 any
4196.0 12960.0 232.0 92.0 "mit
4508.0 12964.0 120.0 92.0 of
4712.0 12960.0 188.0 92.0 her

2740.0 13088.0 360.0 96.0 head."
3264.0 13092.0 444.0 96.0 Pressed
3816.0 13120.0 132.0 68.0 on
4056.0 13096.0 172.0 88.0 the
4324.0 13100.0 260.0 84.0 time
4704.0 13100.0 188.0 84.0 ahe

2740.0 13228.0 340.0 108.0 began
3176.0 13228.0 108.0 92.0 to
3384.0 13236.0 176.0 96.0 get
3656.0 13228.0 592.0 116.0 auspicious
4340.0 13232.0 112.0 92.0 of
4548.0 13236.0 348.0 108.0 Rnpp,

2748.0 13360.0 256.0 92.0 Miss
3064.0 13368.0 452.0 92.0 Griffith
3584.0 13364.0 260.0 100.0 said,
3904.0 13368.0 108.0 92.0 "f
4076.0 13392.0 204.0 68.0 was
4340.0 13372.0 232.0 92.0 alrk
4640.0 13376.0 256.0 88.0 then

2740.0 13504.0 212.0 88.0 and
3032.0 13500.0 48.0 100.0 I
3156.0 13524.0 172.0 68.0 am
3412.0 13504.0 220.0 88.0 still
3704.0 13504.0 328.0 92.0 alck."

2860.0 13628.0 292.0 100.0 "You
3300.0 13632.0 212.0 96.0 told
3656.0 13640.0 544.0 92.0 examiner
4396.0 13636.0 140.0 96.0 all
4692.0 13664.0 204.0 100.0 you

2748.0 13768.0 440.0 100.0 knew?"
3264.0 13772.0 352.0 96.0 Hutka
3688.0 13776.0 364.0 92.0 asked.

2864.0 13904.0 252.0 104.0 "No,
3188.0 13908.0 44.0 92.0 I
3296.0 13908.0 424.0 104.0 didn't,"
3848.0 13912.0 164.0 88.0 nld
4096.0 13912.0 184.0 92.0 Mis
4404.0 13916.0 496.0 92.0 Griffith,

2868.0 14036.0 288.0 96.0 "You
3224.0 14048.0 196.0 88.0 lied
3492.0 14040.0 396.0 92.0 then?"
3952.0 14048.0 128.0 88.0 he
4148.0 14056.0 512.0 104.0 persisted

2864.0 14168.0 248.0 104.0 "No,
3188.0 14172.0 40.0 96.0 I
3304.0 14176.0 424.0 108.0 didn't,"
3804.0 14180.0 184.0 88.0 the
4064.0 14204.0 336.0 92.0 young
4484.0 14208.0 420.0 68.0 woman

2748.0 14312.0 236.0 92.0 shot
3068.0 14316.0 292.0 96.0 back,

3172.0 14484.0 460.0 92.0 TI'KXS
3708.0 14488.0 188.0 92.0 ON
3984.0 14492.0 136.0 92.0 IU
4176.0 14488.0 168.0 92.0 Ilk
4380.0 14496.0 104.0 92.0 K.

2868.0 14648.0 304.0 92.0 After
3340.0 14656.0 200.0 88.0 furl
3572.0 14656.0 180.0 88.0 her
3804.0 14632.0 676.0 128.0 'exi'aftge,
4660.0 14664.0 256.0 88.0 Miss

2748.0 14792.0 448.0 88.0 Griffith
3296.0 14796.0 380.0 88.0 turned
3780.0 14820.0 140.0 64.0 on
4024.0 14804.0 340.0 88.0 Hurke
4464.0 14804.0 444.0 112.0 fiercely

2748.0 14932.0 208.0 88.0 and
3056.0 14932.0 260.0 104.0 said,
3416.0 14936.0 252.0 88.0 "Mr.
3780.0 14940.0 388.0 100.0 Llurk,
4260.0 14960.0 196.0 92.0 you
4560.0 14944.0 348.0 96.0 cither

2744.0 15064.0 280.0 100.0 don't
3096.0 15076.0 656.0 92.0 understand
3824.0 15100.0 120.0 68.0 or
4004.0 15104.0 196.0 88.0 you
4264.0 15080.0 276.0 96.0 don't
4616.0 15088.0 284.0 88.0 want

2748.0 15212.0 104.0 84.0 lo
2936.0 15208.0 748.0 96.0 understand."
3832.0 15212.0 428.0 120.0 Ripples
4340.0 15220.0 116.0 92.0 of
4540.0 15220.0 324.0 116.0 laugh-

2748.0 15352.0 160.0 84.0 ter
2980.0 15344.0 512.0 104.0 followed.

2864.0 15488.0 368.0 96.0 "Don't
3300.0 15512.0 204.0 92.0 you
3580.0 15492.0 308.0 92.0 think
3964.0 15516.0 196.0 92.0 you
4232.0 15500.0 308.0 88.0 know
4612.0 15524.0 296.0 68.0 more

2748.0 15628.0 324.0 96.0 about
3164.0 15632.0 304.0 96.0 relief
3548.0 15636.0 244.0 88.0 bills
3880.0 15640.0 256.0 92.0 than
4228.0 15636.0 40.0 96.0 I
4356.0 15640.0 220.0 100.0 do,"
4668.0 15664.0 236.0 84.0 sug-

2748.0 15772.0 360.0 104.0 RP),td
3188.0 15772.0 380.0 92.0 Buike.
3708.0 15780.0 212.0 88.0 Rut
4000.0 15800.0 128.0 72.0 no
4192.0 15800.0 420.0 72.0 answer
4688.0 15804.0 84.0 64.0 w

2696.0 15896.0 12.0 88.0 !
2744.0 15908.0 324.0 92.0 heard

2696.0 15964.0 12.0 208.0 j
2864.0 16048.0 352.0 96.0 Atlk(l(1
3308.0 16056.0 652.0 108.0 rm.frn,n(t
4048.0 16060.0 168.0 88.0 tm,
4304.0 16064.0 228.0 92.0 P0H,

2752.0 16212.0 124.0 64.0 n,.
3152.0 16188.0 132.0 92.0 M1
3528.0 16192.0 460.0 100.0 0rffth
4244.0 16200.0 88.0 92.0 ,,,
4524.0 16200.0 60.0 88.0 h

2756.0 16332.0 348.0 88.0 Rff
3220.0 16332.0 488.0 88.0 Dlrwir
3828.0 16348.0 268.0 80.0 wllt
4216.0 16344.0 172.0 84.0 out
4516.0 16364.0 60.0 68.0 ,
4704.0 16348.0 204.0 84.0 fw

2744.0 16472.0 312.0 84.0 Unir,
3116.0 16480.0 28.0 80.0 ,

2696.0 16544.0 220.0 116.0 !..,
2996.0 16608.0 140.0 52.0 .,,
3340.0 16612.0 68.0 48.0 ,,
3532.0 16612.0 28.0 48.0 ,
3636.0 16628.0 20.0 32.0 ,
3880.0 16624.0 24.0 36.0 ,
4016.0 16620.0 28.0 40.0 ,
4116.0 16624.0 24.0 36.0 ,
4276.0 16616.0 24.0 44.0 ,
4624.0 16628.0 20.0 32.0 ,
4868.0 16556.0 40.0 104.0 ;

2748.0 16612.0 168.0 84.0 but
2996.0 16612.0 276.0 88.0 after
3340.0 16612.0 228.0 92.0 that
3636.0 16620.0 412.0 88.0 trusted
4116.0 16624.0 104.0 84.0 to
4276.0 16616.0 336.0 92.0 hones
4668.0 16648.0 60.0 80.0 y
4792.0 16620.0 116.0 92.0 of

2776.0 16752.0 24.0 56.0 ,
2956.0 16752.0 16.0 28.0 ,

2868.0 16888.0 324.0 92.0 When
3280.0 16912.0 52.0 68.0 a
3424.0 16892.0 240.0 112.0 long
3756.0 16896.0 324.0 92.0 series
4160.0 16884.0 112.0 96.0 of
4348.0 16900.0 300.0 108.0 quest
4680.0 16904.0 224.0 84.0 Ions

2748.0 17028.0 472.0 88.0 followed
3348.0 17036.0 656.0 100.0 concerning
4120.0 17032.0 788.0 112.0 discrepancies

2748.0 17172.0 96.0 84.0 In
2936.0 17168.0 184.0 92.0 her
3200.0 17176.0 572.0 84.0 statement
3932.0 17196.0 224.0 64.0 now
4236.0 17172.0 208.0 92.0 and
4540.0 17176.0 364.0 88.0 before

2748.0 17316.0 276.0 76.0 state
3096.0 17312.0 632.0 104.0 examiners,
3804.0 17316.0 124.0 88.0 ah
4072.0 17316.0 232.0 84.0 look
4392.0 17316.0 380.0 108.0 refuge
4848.0 17340.0 60.0 64.0 a

2744.0 17444.0 368.0 108.0 couple
3204.0 17452.0 112.0 88.0 of
3404.0 17448.0 256.0 88.0 time
3824.0 17456.0 100.0 84.0 In
4024.0 17452.0 168.0 92.0 the
4280.0 17480.0 624.0 84.0 expression

2748.0 17580.0 100.0 96.0 "I
2928.0 17588.0 280.0 92.0 don't
3292.0 17592.0 596.0 88.0 remember
3928.0 17588.0 48.0 40.0 "

2880.0 17728.0 284.0 92.0 Once
3220.0 17736.0 184.0 88.0 sh.?
3460.0 17756.0 344.0 80.0 annp
3880.0 17732.0 52.0 88.0 d
3996.0 17728.0 136.0 92.0 "II
4196.0 17728.0 328.0 96.0 didn't
4600.0 17736.0 312.0 88.0 make

2764.0 17884.0 208.0 96.0 any
3028.0 17868.0 588.0 88.0 difference
3676.0 17876.0 108.0 84.0 at
3860.0 17868.0 220.0 92.0 that
4148.0 17876.0 248.0 88.0 time
4440.0 17864.0 48.0 40.0 "

2888.0 18000.0 444.0 92.0 Pressed
3432.0 18008.0 320.0 100.0 again
3864.0 18028.0 116.0 64.0 as
4080.0 18016.0 104.0 84.0 to
4288.0 18012.0 196.0 88.0 her
4588.0 18008.0 288.0 88.0 state-

2764.0 18144.0 348.0 84.0 ments
3180.0 18144.0 632.0 108.0 previoualy.
3944.0 18144.0 56.0 80.0 h
4128.0 18144.0 252.0 96.0 said,
4448.0 18144.0 104.0 92.0 "I
4624.0 18148.0 280.0 88.0 don't

2764.0 18272.0 396.0 92.0 believe
3236.0 18272.0 236.0 92.0 that
3552.0 18284.0 84.0 84.0 Is
3708.0 18280.0 284.0 84.0 what
4072.0 18276.0 36.0 92.0 1
4180.0 18280.0 256.0 92.0 said.
4528.0 18280.0 76.0 92.0 It
4696.0 18308.0 216.0 60.0 was

2764.0 18432.0 264.0 88.0 your
3096.0 18420.0 304.0 84.0 court
3476.0 18412.0 572.0 108.0 repoiter,"

2892.0 18544.0 348.0 88.0 Rurke
3328.0 18548.0 252.0 88.0 took
3744.0 18548.0 244.0 88.0 her-
4072.0 18572.0 296.0 72.0 over-
4464.0 18552.0 188.0 92.0 the
4744.0 18552.0 160.0 92.0 old

2760.0 18684.0 296.0 104.0 story
3140.0 18684.0 652.0 104.0 concerning
3884.0 18684.0 176.0 88.0 the
4144.0 18684.0 312.0 92.0 ballot
4556.0 18692.0 312.0 88.0 mark-

2768.0 18816.0 176.0 104.0 ing
3004.0 18820.0 200.0 88.0 and
3268.0 18820.0 404.0 88.0 related
3740.0 18824.0 144.0 84.0 liu
3924.0 18824.0 332.0 88.0 idenls
4312.0 18828.0 212.0 88.0 and
4588.0 18832.0 320.0 100.0 again

2768.0 18948.0 132.0 88.0 Mi
3112.0 18956.0 452.0 88.0 Griffith
3664.0 18960.0 432.0 104.0 pleaded
4192.0 18964.0 184.0 84.0 her
4460.0 18964.0 216.0 88.0 late
4772.0 18964.0 100.0 88.0 ill-

2768.0 19104.0 240.0 64.0 ness
3080.0 19084.0 200.0 92.0 and
3360.0 19088.0 260.0 100.0 sid.
3692.0 19092.0 104.0 88.0 "I
3880.0 19092.0 268.0 88.0 don't
4232.0 19100.0 312.0 84.0 know
4628.0 19100.0 272.0 88.0 what

2768.0 19216.0 40.0 92.0 I
2900.0 19224.0 224.0 88.0 said
3220.0 19228.0 304.0 88.0 when
3616.0 19232.0 44.0 88.0 I
3756.0 19252.0 224.0 64.0 was
4064.0 19232.0 212.0 84.0 sick
4376.0 19236.0 256.0 84.0 then
4728.0 19232.0 176.0 92.0 but

2768.0 19376.0 228.0 68.0 now
3104.0 19352.0 32.0 92.0 I
3248.0 19360.0 264.0 88.0 have
3612.0 19380.0 64.0 64.0 a

2760.0 19488.0 312.0 92.0 think
3148.0 19492.0 356.0 88.0 hack."

3772.0 19360.0 440.0 88.0 definite
4316.0 19388.0 384.0 72.0 reason
4808.0 19360.0 488.0 124.0 tuitions
5472.0 19384.0 252.0 88.0 Also
5804.0 19384.0 92.0 88.0 in
5976.0 19392.0 172.0 84.0 the
6232.0 19384.0 352.0 96.0 bower
6660.0 19392.0 112.0 84.0 of
6844.0 19412.0 312.0 84.0 green

2884.0 19628.0 352.0 96.0 "es,"
3324.0 19636.0 472.0 84.0 lelorted
3896.0 19632.0 180.0 88.0 Hm
4112.0 19632.0 152.0 112.0 kc,
4348.0 19636.0 268.0 112.0 "you
4704.0 19640.0 204.0 88.0 had

2756.0 19788.0 64.0 64.0 a
2880.0 19764.0 440.0 88.0 definite
3384.0 19792.0 384.0 64.0 lesson
3812.0 19764.0 48.0 32.0 "

2884.0 19892.0 356.0 100.0 Rurke
3340.0 19896.0 252.0 92.0 took
3700.0 19900.0 196.0 96.0 her
3988.0 19928.0 236.0 72.0 over
4324.0 19904.0 176.0 96.0 the
4620.0 19908.0 288.0 92.0 Anne

2760.0 20024.0 364.0 100.0 Klllott
3216.0 20040.0 584.0 104.0 testimony
3948.0 20040.0 200.0 92.0 and
4292.0 20048.0 340.0 88.0 asked
4728.0 20048.0 188.0 88.0 her

2760.0 20164.0 476.0 88.0 whether
3300.0 20172.0 212.0 84.0 this
3576.0 20192.0 224.0 68.0 was
3860.0 20180.0 176.0 80.0 not
4096.0 20196.0 60.0 72.0 a
4216.0 20188.0 692.0 104.0 preparation

2764.0 20300.0 168.0 88.0 for
3004.0 20312.0 276.0 80.0 slate
3364.0 20308.0 584.0 108.0 testimony
4028.0 20320.0 104.0 80.0 to
4204.0 20328.0 464.0 76.0 account
4748.0 20320.0 168.0 92.0 for

2748.0 20428.0 192.0 88.0 her
3000.0 20452.0 500.0 88.0 presence
3568.0 20440.0 104.0 84.0 In
3748.0 20440.0 448.0 92.0 Kleina'a
4260.0 20456.0 656.0 96.0 restaurant,

2764.0 20572.0 348.0 88.0 where
3168.0 20576.0 188.0 84.0 she
3412.0 20576.0 84.0 88.0 is
3552.0 20576.0 408.0 104.0 alleged
4024.0 20592.0 104.0 80.0 to
4180.0 20588.0 268.0 84.0 have
4504.0 20588.0 368.0 92.0 obtain-

2744.0 20708.0 128.0 88.0 ed
2940.0 20704.0 348.0 84.0 coffee
3352.0 20712.0 208.0 88.0 and
3632.0 20712.0 664.0 92.0 sandwiches
4368.0 20716.0 172.0 88.0 for
4612.0 20720.0 296.0 96.0 Pratt

2760.0 20840.0 208.0 88.0 anil
3040.0 20840.0 332.0 116.0 Rapp.

2868.0 20968.0 136.0 92.0 At
3096.0 20976.0 340.0 104.0 times,
3528.0 20976.0 192.0 88.0 she
3816.0 20984.0 468.0 104.0 shouted,
4380.0 20992.0 260.0 100.0 "No,
4736.0 20992.0 188.0 100.0 No,

2760.0 21104.0 244.0 92.0 No."
3064.0 21132.0 120.0 64.0 or
3244.0 21112.0 216.0 88.0 "No
3524.0 21116.0 236.0 100.0 sir,"
3824.0 21120.0 220.0 88.0 "No
4100.0 21124.0 168.0 96.0 sir,
4284.0 21120.0 44.0 40.0 "
4396.0 21132.0 16.0 28.0 '
4456.0 21124.0 168.0 92.0 No
4684.0 21132.0 232.0 92.0 sir,"

2972.0 22068.0 488.0 108.0 "'"mcy
3532.0 22096.0 300.0 88.0 P'ese

2948.0 22208.0 880.0 92.0 Jwasntarroi

3608.0 22216.0 356.0 92.0 crook.
4028.0 22212.0 44.0 100.0 I
4132.0 22228.0 364.0 88.0 wasn't
4572.0 22248.0 52.0 68.0 a
4692.0 22252.0 196.0 68.0 run

3312.0 22480.0 16.0 16.0 .
3480.0 22384.0 172.0 52.0 "'u
3792.0 22384.0 44.0 52.0 "
3896.0 22384.0 176.0 56.0 "np
4128.0 22384.0 556.0 80.0 "Pisinco
4748.0 22384.0 188.0 72.0 she

2868.0 22496.0 60.0 60.0 "
3048.0 22484.0 100.0 80.0 111
3208.0 22500.0 304.0 68.0 wnn
3572.0 22508.0 56.0 68.0 "
3692.0 22508.0 332.0 84.0 Kro"'
4244.0 22520.0 236.0 64.0 nien
4544.0 22508.0 384.0 104.0 sought

2776.0 22656.0 28.0 36.0 '
2972.0 22656.0 136.0 64.0 !'
3236.0 22656.0 64.0 48.0 s
3368.0 22656.0 236.0 56.0 lone
3672.0 22656.0 444.0 64.0 woman.

2888.0 22744.0 336.0 104.0 Again
3336.0 22756.0 104.0 84.0 it,
3548.0 22756.0 332.0 96.0 detail
3988.0 22768.0 176.0 96.0 she
4264.0 22764.0 384.0 100.0 denied
4760.0 22776.0 176.0 92.0 the

2768.0 22880.0 292.0 116.0 Mory
3164.0 22892.0 116.0 88.0 of
3436.0 22888.0 128.0 88.0 he
3672.0 22896.0 464.0 116.0 meeting
4224.0 22904.0 260.0 92.0 with
4600.0 22912.0 340.0 116.0 Rapp,

2772.0 23016.0 332.0 108.0 Pratt,
3200.0 23024.0 204.0 92.0 and
3504.0 23024.0 316.0 104.0 Zeek,
3908.0 23056.0 124.0 68.0 or
4116.0 23040.0 556.0 96.0 removing
4764.0 23052.0 176.0 84.0 the

2716.0 23140.0 16.0 176.0 j
2772.0 23148.0 316.0 100.0 ballot
3192.0 23184.0 292.0 72.0 room
3584.0 23164.0 288.0 100.0 door,
3968.0 23172.0 172.0 88.0 the
4232.0 23184.0 512.0 104.0 marking
4836.0 23188.0 112.0 88.0 nf

2720.0 23284.0 364.0 96.0 Fallot
3232.0 23304.0 212.0 88.0 and
3528.0 23304.0 116.0 84.0 of
3728.0 23304.0 420.0 112.0 helping
4232.0 23308.0 280.0 100.0 Zeek
4600.0 23324.0 112.0 84.0 to
4792.0 23344.0 156.0 64.0 re-

3080.0 23432.0 148.0 88.0 'hl
4016.0 23444.0 124.0 88.0 "i
4256.0 23472.0 268.0 64.0 once
4640.0 23456.0 300.0 88.0 when

3040.0 23616.0 60.0 40.0 "
3688.0 23616.0 136.0 112.0 ";
4036.0 23616.0 188.0 52.0 nan
4276.0 23616.0 256.0 64.0 useu
4600.0 23616.0 348.0 64.0 woios
5032.0 23628.0 60.0 92.0 j

2724.0 23700.0 628.0 100.0 .attributed
3480.0 23704.0 112.0 92.0 to
3716.0 23708.0 248.0 108.0 him,
4084.0 23716.0 180.0 92.0 she
4388.0 23732.0 556.0 84.0 answered

2776.0 23836.0 452.0 108.0 ni'l-kly.
3308.0 23840.0 220.0 88.0 "He
3608.0 23844.0 184.0 92.0 did
3872.0 23872.0 132.0 64.0 no
4120.0 23876.0 184.0 84.0 say
4384.0 23860.0 336.0 88.0 that."
4852.0 23860.0 84.0 92.0 It

3548.0 24168.0 224.0 32.0 -""
4436.0 24168.0 212.0 48.0 m-r.

3008.0 24264.0 60.0 68.0 n
3212.0 24244.0 456.0 96.0 redirect
3820.0 24256.0 716.0 96.0 examination
4684.0 24264.0 260.0 92.0 Misx

2784.0 24372.0 452.0 100.0 Griffith
3308.0 24384.0 228.0 88.0 said
3616.0 24388.0 188.0 88.0 she
3868.0 24412.0 216.0 68.0 waa
4148.0 24396.0 424.0 92.0 offered
4640.0 24420.0 60.0 68.0 a
4768.0 24404.0 176.0 104.0 job

2788.0 24508.0 132.0 56.0 i...
2988.0 24512.0 352.0 52.0 U....1..
3704.0 24520.0 272.0 44.0 ii'iin
4248.0 24528.0 36.0 36.0 .
4812.0 24536.0 24.0 16.0 .

2988.0 24512.0 352.0 92.0 Buike
3412.0 24520.0 208.0 88.0 and
3704.0 24520.0 448.0 96.0 William
4224.0 24528.0 92.0 92.0 J.
4396.0 24528.0 548.0 108.0 kenncdv,

2784.0 24656.0 560.0 112.0 Secretary
3392.0 24656.0 120.0 92.0 of
3564.0 24660.0 332.0 104.0 Plate,
3948.0 24660.0 80.0 92.0 if
4076.0 24664.0 188.0 92.0 she
4320.0 24668.0 344.0 92.0 would
4724.0 24692.0 184.0 88.0 pro
4912.0 24724.0 32.0 24.0 -

2788.0 24776.0 236.0 88.0 vide
3136.0 24784.0 180.0 80.0 the
3432.0 24788.0 452.0 76.0 plortinn
4000.0 24796.0 576.0 68.0 tfiatimitmr
4696.0 24804.0 248.0 60.0 thav

2784.0 24916.0 428.0 92.0 wished.
3360.0 24920.0 208.0 88.0 She
3632.0 24924.0 228.0 92.0 snid
3920.0 24928.0 176.0 88.0 the
4152.0 24932.0 544.0 108.0 packages
4756.0 24940.0 188.0 88.0 she

2792.0 25048.0 88.0 84.0 ls
2952.0 25044.0 400.0 112.0 alleged
3432.0 25056.0 112.0 84.0 to
3620.0 25056.0 272.0 92.0 have
3964.0 25064.0 368.0 92.0 moved
4416.0 25092.0 276.0 68.0 were
4768.0 25076.0 176.0 84.0 too

2460.0 25200.0 668.0 104.0 Sat-:neavy
3204.0 25200.0 168.0 76.0 tor
3452.0 25200.0 188.0 80.0 her
3720.0 25200.0 100.0 88.0 In
3900.0 25200.0 180.0 84.0 her
4144.0 25200.0 252.0 92.0 then
4476.0 25208.0 284.0 84.0 state
4832.0 25204.0 116.0 92.0 of

2792.0 25320.0 384.0 88.0 health.
3620.0 25324.0 28.0 60.0 '

2852.0 26124.0 204.0 28.0 ,-.,
3656.0 26128.0 40.0 24.0 -
3776.0 26132.0 68.0 20.0 ..
4108.0 26092.0 16.0 16.0 '
4268.0 26136.0 92.0 16.0 ..

2792.0 26152.0 332.0 72.0 single
3212.0 26152.0 288.0 80.0 piece
3576.0 26152.0 112.0 64.0 ot
3772.0 26152.0 176.0 68.0 tne
4024.0 26152.0 620.0 76.0 macninerv
4732.0 26164.0 148.0 60.0 wa

2800.0 26840.0 344.0 44.0 Dl""r
3212.0 26840.0 440.0 68.0 "'"umg
3728.0 26840.0 272.0 56.0 irom
4188.0 26840.0 408.0 56.0 recoio.
4752.0 26840.0 192.0 56.0 me

2900.0 26932.0 292.0 52.0 n.n..l,
3220.0 26956.0 40.0 28.0 -
3644.0 26944.0 104.0 40.0 ...
3776.0 26940.0 188.0 44.0 .i
4088.0 26940.0 204.0 44.0 jai
4572.0 26944.0 32.0 40.0 t

2792.0 27328.0 316.0 92.0 drove
3204.0 27336.0 412.0 84.0 around
3708.0 27336.0 184.0 84.0 the
3976.0 27344.0 388.0 92.0 county
4460.0 27360.0 132.0 68.0 on
4688.0 27336.0 216.0 84.0 elec
4920.0 27384.0 20.0 12.0 -

3112.0 27464.0 128.0 60.0 a.
3416.0 27488.0 48.0 32.0 m
3492.0 27468.0 128.0 52.0 mt
3992.0 27472.0 24.0 52.0 ,
4224.0 27472.0 68.0 52.0 ,.
4504.0 27472.0 184.0 52.0 .u
4792.0 27472.0 156.0 48.0 i-i-

2800.0 27520.0 28.0 32.0 '
3268.0 27520.0 36.0 28.0 "

2792.0 27648.0 96.0 40.0 ni
2928.0 27648.0 92.0 40.0 in
3096.0 27648.0 92.0 40.0 in
3240.0 27648.0 32.0 44.0 t
3340.0 27648.0 108.0 40.0 in
3524.0 27648.0 60.0 44.0 a
3652.0 27648.0 196.0 44.0 ?nii
3988.0 27648.0 340.0 48.0 vamevi
4412.0 27648.0 176.0 48.0 iiiv
4656.0 27648.0 132.0 44.0 uit
4904.0 27648.0 100.0 52.0 bi

2784.0 27756.0 272.0 96.0 crop,

5084.0 1584.0 564.0 208.0 Klders
5724.0 1592.0 388.0 196.0 Slav
6180.0 1584.0 708.0 200.0 Obscure

5212.0 1888.0 188.0 204.0 At
5488.0 1884.0 848.0 204.0 Kooseu'lt
6420.0 1876.0 604.0 244.0 liriilal;

5396.0 2184.0 600.0 268.0 Couple
6068.0 2184.0 412.0 212.0 Sails
6544.0 2180.0 376.0 268.0 July
7016.0 2184.0 172.0 196.0 10

5044.0 2752.0 856.0 108.0 CONTINUED
5972.0 2756.0 384.0 100.0 FROM
6420.0 2752.0 384.0 100.0 PAGE
6872.0 2744.0 312.0 100.0 ONE.

5060.0 2988.0 300.0 112.0 Punt,
5448.0 2996.0 176.0 92.0 tho
5720.0 2996.0 380.0 88.0 briilt'n
6184.0 3000.0 304.0 88.0 sister
6568.0 2988.0 212.0 96.0 and
5056.0 2988.0 2136.0 244.0 maid-of-honor,

5676.0 3128.0 376.0 96.0 leaned
6148.0 3136.0 108.0 88.0 to
6344.0 3148.0 576.0 88.0 rearrange,
7012.0 3124.0 184.0 96.0 her

5056.0 3264.0 400.0 92.0 aleter'a
5548.0 3264.0 652.0 92.0 twelve-foot
6288.0 3264.0 248.0 92.0 tulle
6628.0 3264.0 232.0 96.0 veil.
7008.0 3256.0 148.0 96.0 To

5056.0 3536.0 404.0 92.0 atarted
5552.0 3532.0 284.0 100.0 buck
5920.0 3536.0 300.0 92.0 down
6304.0 3536.0 172.0 92.0 the
6564.0 3536.0 284.0 92.0 aatln
6940.0 3540.0 252.0 108.0 path

5056.0 3664.0 468.0 96.0 between
5588.0 3672.0 188.0 88.0 the
5844.0 3692.0 304.0 88.0 pews,
6220.0 3672.0 292.0 92.0 while
6576.0 3672.0 180.0 92.0 the
6820.0 3696.0 328.0 84.0 organ-

5060.0 3804.0 128.0 88.0 list
5312.0 3804.0 376.0 112.0 played
5820.0 3808.0 728.0 92.0 Mendelssohn
6760.0 3808.0 400.0 88.0 "Reces-

5056.0 3936.0 424.0 96.0 sional."
5156.0 4072.0 284.0 96.0 With
5540.0 4076.0 428.0 96.0 radiant
6064.0 4080.0 312.0 104.0 faces,
6472.0 4080.0 252.0 112.0 they
6816.0 4080.0 364.0 92.0 moved

5048.0 4208.0 364.0 116.0 slowly
5480.0 4212.0 420.0 92.0 toward
5972.0 4216.0 108.0 88.0 th
6212.0 4220.0 280.0 104.0 door,
6560.0 4220.0 624.0 132.0 apparently

5048.0 4368.0 648.0 68.0 uiiconacioii
5908.0 4368.0 108.0 72.0 til
6032.0 4368.0 112.0 72.0 at
6284.0 4368.0 108.0 72.0 th
6600.0 4368.0 588.0 88.0 deepening

5048.0 4480.0 344.0 104.0 gloom
5456.0 4480.0 116.0 96.0 of
5632.0 4488.0 188.0 84.0 the
5876.0 4484.0 396.0 92.0 church
6332.0 4512.0 156.0 60.0 wa
6604.0 4496.0 392.0 80.0 cameri
7060.0 4484.0 128.0 100.0 by

5044.0 4636.0 64.0 68.0 a
5208.0 4624.0 328.0 88.0 storm
5640.0 4616.0 632.0 116.0 developing
6368.0 4624.0 444.0 96.0 outside.
6972.0 4624.0 212.0 92.0 The
7280.0 4600.0 212.0 92.0 ,iou
7576.0 4608.0 260.0 92.0 a'eel
7928.0 4612.0 508.0 100.0 workers'
8520.0 4620.0 344.0 116.0 union,
8948.0 4628.0 460.0 108.0 charged

5048.0 4752.0 744.0 108.0 bi'ldgegrooni
5864.0 4756.0 568.0 108.0 whispered
6500.0 4776.0 104.0 76.0 to
6664.0 4760.0 112.0 92.0 hi
6896.0 4756.0 288.0 96.0 htiile
7224.0 4740.0 8.0 120.0 S
7588.0 4748.0 708.0 100.0 unidentified
8476.0 4760.0 260.0 92.0 Ohio
8904.0 4764.0 508.0 100.0 JNullonnl

5036.0 4884.0 204.0 96.0 and
5296.0 4888.0 188.0 88.0 Bhe
5540.0 4888.0 588.0 96.0 whinnered
6188.0 4892.0 288.0 96.0 back.
6588.0 4896.0 292.0 116.0 They
6940.0 4896.0 236.0 92.0 both
7324.0 4876.0 624.0 104.0 iuaidman
8008.0 4896.0 392.0 124.0 latally
8452.0 4896.0 428.0 100.0 clubbed
8940.0 4924.0 60.0 68.0 a
9056.0 4908.0 356.0 112.0 picket

5044.0 5020.0 368.0 92.0 smiled
5484.0 5020.0 476.0 116.0 broadly.
7276.0 5012.0 188.0 96.0 last
7584.0 5020.0 336.0 112.0 night,
8024.0 5036.0 108.0 88.0 in
8248.0 5036.0 176.0 88.0 the
8524.0 5044.0 380.0 92.0 second
9012.0 5048.0 116.0 84.0 of
9236.0 5056.0 176.0 84.0 the

5164.0 5156.0 328.0 112.0 Along
5592.0 5160.0 188.0 88.0 the
5876.0 5160.0 284.0 100.0 aisle,
6256.0 5164.0 324.0 112.0 proud
6688.0 5168.0 488.0 88.0 relatives
7264.0 5148.0 200.0 112.0 day
7636.0 5164.0 588.0 100.0 outbreaks
8312.0 5200.0 244.0 68.0 near
8636.0 5176.0 172.0 88.0 the
8888.0 5180.0 524.0 116.0 Republic

5040.0 5292.0 500.0 92.0 watched.
5644.0 5292.0 552.0 96.0 President
6296.0 5296.0 648.0 96.0 Roosevelt's
7032.0 5300.0 104.0 92.0 fa
7264.0 5292.0 280.0 92.0 Steel
7620.0 5292.0 744.0 120.0 Corporation'
8488.0 5316.0 372.0 112.0 plants,

5044.0 5444.0 232.0 72.0 mou
5448.0 5428.0 312.0 96.0 smile
5876.0 5452.0 212.0 72.0 ws
6200.0 5432.0 176.0 100.0 full
6492.0 5436.0 116.0 100.0 of
6716.0 5440.0 456.0 104.0 fatherly
7212.0 5420.0 12.0 132.0 j
7380.0 5424.0 520.0 124.0 Beckner,
7960.0 5448.0 632.0 116.0 addressing
8652.0 5480.0 60.0 64.0 a
8772.0 5460.0 632.0 100.0 Committee

5036.0 5560.0 316.0 108.0 pride.
5564.0 5564.0 256.0 92.0 Mi.
5976.0 5564.0 580.0 116.0 Roosevelt,
6712.0 5596.0 216.0 68.0 wen
6952.0 5580.0 220.0 100.0 ring
7264.0 5564.0 164.0 92.0 for
7536.0 5564.0 584.0 112.0 Industrial
8232.0 5584.0 756.0 116.0 Organization
9096.0 5628.0 268.0 84.0 open-

5044.0 5696.0 484.0 92.0 flowered
5644.0 5704.0 320.0 88.0 white
6064.0 5708.0 408.0 88.0 chiffon
6572.0 5716.0 220.0 92.0 and
6896.0 5712.0 272.0 104.0 large
7208.0 5696.0 16.0 144.0 j
7260.0 5704.0 164.0 100.0 air
7488.0 5712.0 300.0 112.0 rally,
7844.0 5720.0 496.0 100.0 declared
8404.0 5760.0 64.0 60.0 a
8528.0 5756.0 236.0 68.0 man
8828.0 5740.0 128.0 92.0 he
9024.0 5748.0 384.0 88.0 named

5044.0 5832.0 308.0 88.0 white
5424.0 5832.0 212.0 104.0 hut,
5708.0 5836.0 324.0 108.0 gazed
6104.0 5840.0 352.0 116.0 fondly
6520.0 5848.0 108.0 84.0 nt
6700.0 5848.0 176.0 88.0 the
6948.0 5852.0 216.0 80.0 two,
7264.0 5868.0 116.0 64.0 as
7440.0 5840.0 316.0 104.0 Chris
7820.0 5852.0 368.0 116.0 Jxipez,
8256.0 5892.0 64.0 68.0 a
8376.0 5872.0 452.0 108.0 striking
8892.0 5876.0 516.0 112.0 Republic

5156.0 5972.0 188.0 88.0 Ji.s
5460.0 5992.0 52.0 76.0 a
5648.0 5976.0 400.0 112.0 kindly,
6116.0 5976.0 176.0 92.0 but
6364.0 5984.0 460.0 108.0 perhaps
6888.0 6008.0 56.0 68.0 a
7016.0 5944.0 208.0 128.0 lit-1
7264.0 5984.0 572.0 116.0 employee,
7920.0 5996.0 204.0 96.0 had
8220.0 6004.0 256.0 92.0 been
8564.0 6012.0 364.0 92.0 struck
9008.0 6040.0 136.0 64.0 on
9232.0 6024.0 176.0 92.0 the

5040.0 6104.0 136.0 96.0 tie
5240.0 6132.0 284.0 72.0 more
5588.0 6116.0 308.0 100.0 tired,
5960.0 6140.0 212.0 64.0 was
6232.0 6120.0 172.0 88.0 the
6460.0 6124.0 308.0 88.0 smile
6824.0 6124.0 108.0 84.0 of
6988.0 6116.0 172.0 92.0 the
7212.0 6096.0 12.0 108.0 I
7268.0 6120.0 264.0 92.0 head
7636.0 6144.0 64.0 72.0 a
7796.0 6132.0 200.0 100.0 few
8092.0 6148.0 468.0 84.0 minutes
8648.0 6148.0 380.0 84.0 earlier
9124.0 6156.0 132.0 76.0 hv

5044.0 6244.0 284.0 96.0 bride
5536.0 6252.0 392.0 92.0 father,
6100.0 6252.0 160.0 92.0 ilu
6376.0 6260.0 192.0 84.0 has
6688.0 6260.0 252.0 92.0 been
7060.0 6276.0 96.0 68.0 in

5040.0 6388.0 480.0 108.0 pers.n.al
5608.0 6392.0 432.0 108.0 charge,
6124.0 6392.0 240.0 92.0 with
6452.0 6400.0 176.0 92.0 the
6712.0 6392.0 452.0 112.0 couple's

5040.0 6520.0 260.0 112.0 help,
5372.0 6524.0 116.0 92.0 of
5556.0 6528.0 184.0 88.0 the
5816.0 6528.0 528.0 92.0 elaborate
6424.0 6532.0 672.0 112.0 preparation

5036.0 6656.0 112.0 92.0 of
5252.0 6660.0 176.0 96.0 the.
5536.0 6660.0 208.0 92.0 last
5856.0 6668.0 300.0 88.0 three
6260.0 6672.0 356.0 88.0 month
6820.0 6668.0 336.0 92.0 which

5040.0 6800.0 300.0 88.0 mai'i
5480.0 6800.0 352.0 112.0 today'
6024.0 6824.0 556.0 100.0 ceremony
6720.0 6828.0 192.0 68.0 run
7044.0 6828.0 120.0 68.0 ao

5036.0 6936.0 552.0 116.0 smoothly.

5548.0 7268.0 292.0 152.0 SAD
5912.0 7272.0 184.0 144.0 OR
6164.0 7276.0 456.0 144.0 GLAD?

5288.0 7632.0 732.0 112.0 Wilmington,
6108.0 7644.0 236.0 104.0 Del.,
6424.0 7648.0 276.0 84.0 June
6780.0 7640.0 124.0 96.0 30

5180.0 7768.0 668.0 92.0 (AP)Mr,
5892.0 7776.0 500.0 92.0 Franklin
6464.0 7780.0 108.0 88.0 D,
6628.0 7780.0 344.0 92.0 Roose-

5168.0 7904.0 196.0 92.0 velt
5444.0 7908.0 324.0 88.0 drove
5848.0 7912.0 240.0 88.0 here
6156.0 7912.0 260.0 88.0 from
6496.0 7916.0 172.0 84.0 the
6744.0 7912.0 224.0 92.0 wed-

5168.0 8036.0 244.0 108.0 ding
5480.0 8044.0 116.0 88.0 of
5664.0 8048.0 192.0 96.0 her
5924.0 8068.0 184.0 68.0 son
6180.0 8044.0 396.0 108.0 tonight
6652.0 8048.0 112.0 92.0 to
6832.0 8048.0 176.0 96.0 tell

5164.0 8200.0 60.0 64.0 a
5316.0 8176.0 692.0 92.0 natlon-wlda
6096.0 8180.0 284.0 92.0 radio
6464.0 8180.0 544.0 108.0 audience,

5168.0 8312.0 104.0 88.0 "I
5356.0 8308.0 292.0 92.0 don't
5744.0 8312.0 304.0 88.0 know
6140.0 8316.0 460.0 92.0 whether
6692.0 8320.0 108.0 88.0 to
6892.0 8316.0 120.0 92.0 be

5172.0 8440.0 344.0 112.0 happy
5588.0 8464.0 124.0 72.0 or
5840.0 8440.0 220.0 100.0 ad."

5288.0 8572.0 88.0 92.0 It
5448.0 8600.0 224.0 64.0 was
5752.0 8576.0 188.0 96.0 her
6012.0 8580.0 512.0 112.0 regularly
6600.0 8580.0 408.0 120.0 weekly

5168.0 8696.0 596.0 108.0 broadcast.

5284.0 8848.0 100.0 92.0 "I
5456.0 8868.0 200.0 72.0 can
5732.0 8848.0 240.0 112.0 only
6040.0 8852.0 224.0 108.0 give
6332.0 8876.0 172.0 88.0 my
6576.0 8852.0 392.0 112.0 Impres-

5164.0 8980.0 220.0 88.0 sion
5516.0 8984.0 236.0 88.0 that
5824.0 8992.0 72.0 84.0 It
5968.0 9008.0 208.0 68.0 waa
6232.0 9016.0 60.0 64.0 a
6348.0 9008.0 256.0 88.0 very
6676.0 8992.0 332.0 108.0 lovely

5168.0 9116.0 576.0 108.0 wedding,"
5800.0 9120.0 184.0 88.0 she
6040.0 9120.0 252.0 92.0 said.
6376.0 9124.0 100.0 92.0 "I
6544.0 9132.0 464.0 100.0 Imagine,

5164.0 9244.0 176.0 92.0 the
5432.0 9260.0 436.0 100.0 parents
5956.0 9256.0 108.0 92.0 of
6144.0 9276.0 348.0 88.0 young
6572.0 9260.0 436.0 108.0 couples

5168.0 9404.0 312.0 72.0 never
5560.0 9412.0 180.0 60.0 see
5816.0 9416.0 60.0 60.0 a
5956.0 9396.0 288.0 96.0 great
6328.0 9392.0 224.0 88.0 deal
6636.0 9396.0 116.0 88.0 of
6828.0 9396.0 176.0 88.0 the

5156.0 9520.0 480.0 88.0 mi'ward
5736.0 9528.0 352.0 104.0 aspect
6240.0 9528.0 108.0 84.0 of
6436.0 9532.0 564.0 96.0 marriage.

5160.0 9644.0 44.0 100.0 I
5308.0 9648.0 160.0 96.0 for
5536.0 9676.0 236.0 76.0 one,
5832.0 9660.0 392.0 104.0 always
6288.0 9684.0 168.0 68.0 am
6528.0 9668.0 244.0 88.0 torn
6844.0 9664.0 60.0 84.0 b-

5160.0 9792.0 336.0 84.0 tween
5608.0 9788.0 184.0 88.0 the
5904.0 9796.0 600.0 88.0 realization
6608.0 9792.0 120.0 92.0 of
6832.0 9800.0 176.0 88.0 the

5160.0 9916.0 592.0 92.0 adventure
5908.0 9924.0 220.0 88.0 that
6288.0 9936.0 208.0 80.0 two
6648.0 9948.0 360.0 92.0 young

5160.0 10056.0 356.0 100.0 things
5584.0 10080.0 192.0 68.0 are
5840.0 10060.0 452.0 108.0 stalling
6360.0 10084.0 160.0 76.0 on,
6588.0 10064.0 212.0 88.0 and
6876.0 10072.0 132.0 80.0 Its

5164.0 10192.0 688.0 108.0 possibilities
5924.0 10196.0 160.0 88.0 for
6156.0 10204.0 252.0 100.0 good
6492.0 10196.0 212.0 92.0 mid
6776.0 10196.0 224.0 92.0 bad.

5160.0 10328.0 44.0 88.0 I
5304.0 10320.0 284.0 96.0 don't
5696.0 10328.0 308.0 88.0 know
6104.0 10332.0 468.0 88.0 whether
6676.0 10340.0 108.0 80.0 to
6888.0 10336.0 116.0 84.0 be

5164.0 10456.0 348.0 108.0 happy
5596.0 10484.0 116.0 64.0 or
5800.0 10460.0 212.0 108.0 sad,
6096.0 10460.0 176.0 92.0 but
6352.0 10460.0 392.0 112.0 simply
6824.0 10488.0 184.0 88.0 say

5164.0 10608.0 376.0 92.0 prayer
5764.0 10596.0 232.0 88.0 that
6160.0 10596.0 852.0 112.0 fundamentally

5164.0 10728.0 272.0 88.0 their
5576.0 10724.0 260.0 96.0 lives
5968.0 10748.0 232.0 92.0 may
6324.0 10756.0 112.0 60.0 in
6568.0 10728.0 444.0 116.0 develop

5164.0 10860.0 228.0 88.0 that
5476.0 10860.0 252.0 112.0 they
5812.0 10888.0 232.0 88.0 may
6128.0 10864.0 116.0 92.0 be
6324.0 10868.0 344.0 88.0 nse'i;i
6760.0 10868.0 188.0 88.0 live

5160.0 10992.0 204.0 92.0 and
5440.0 10992.0 544.0 96.0 therefore
6052.0 10996.0 340.0 112.0 happy
6452.0 10996.0 356.0 92.0 rues."

5144.0 11332.0 300.0 88.0 Fioin
5552.0 11332.0 188.0 88.0 the
5844.0 11332.0 248.0 92.0 time
6180.0 11332.0 176.0 92.0 the
6464.0 11332.0 240.0 92.0 first
6816.0 11332.0 332.0 112.0 guest,

5016.0 11464.0 244.0 96.0 Mis,
5364.0 11460.0 388.0 100.0 Robert
5860.0 11468.0 108.0 92.0 A.
6072.0 11468.0 560.0 104.0 Hanisdell,
6732.0 11468.0 412.0 96.0 arrived

5016.0 11604.0 100.0 100.0 In
5224.0 11608.0 212.0 88.0 mid
5488.0 11612.0 268.0 84.0 uftei
5796.0 11632.0 292.0 80.0 noon,
6196.0 11608.0 176.0 88.0 the
6468.0 11612.0 348.0 88.0 entire
6928.0 11628.0 184.0 88.0 pro-

5012.0 11748.0 440.0 108.0 ceeding
5572.0 11752.0 272.0 80.0 went
5956.0 11744.0 452.0 92.0 forward
6528.0 11748.0 452.0 88.0 without
7092.0 11768.0 60.0 64.0 a

5016.0 11880.0 284.0 88.0 hitch

5020.0 12056.0 52.0 8.0 -
5132.0 12020.0 220.0 88.0 The
5452.0 12016.0 548.0 92.0 President
6108.0 12020.0 200.0 88.0 and
6416.0 12016.0 248.0 96.0 Mis.
6772.0 12020.0 336.0 88.0 Roose-

5020.0 12156.0 232.0 100.0 velt,
5332.0 12152.0 164.0 92.0 his
5568.0 12160.0 448.0 104.0 mother,
6096.0 12156.0 208.0 88.0 Mis
6408.0 12156.0 264.0 88.0 Sara
6756.0 12156.0 396.0 88.0 Delano

5028.0 12292.0 588.0 96.0 Roosevelt,
5720.0 12292.0 208.0 88.0 and
6016.0 12296.0 300.0 84.0 other
6420.0 12292.0 524.0 88.0 members
7044.0 12292.0 104.0 88.0 of

5020.0 12432.0 176.0 84.0 the
5300.0 12432.0 372.0 108.0 family
5764.0 12432.0 404.0 88.0 arrived
6268.0 12432.0 104.0 88.0 at
6476.0 12432.0 184.0 88.0 the
6756.0 12432.0 392.0 84.0 church

5016.0 12564.0 308.0 92.0 about
5436.0 12568.0 104.0 88.0 10
5632.0 12572.0 456.0 88.0 minutes
6176.0 12564.0 348.0 92.0 before
6616.0 12568.0 176.0 88.0 tha
6880.0 12592.0 232.0 64.0 cere-

5020.0 12724.0 308.0 88.0 mony
5416.0 12704.0 376.0 112.0 begun.
5936.0 12704.0 332.0 88.0 There
6348.0 12728.0 116.0 68.0 ns
6552.0 12704.0 600.0 96.0 elsewhere,

5020.0 12844.0 384.0 108.0 diirlni;
5480.0 12848.0 184.0 84.0 the
5752.0 12840.0 200.0 104.0 day
6032.0 12852.0 200.0 84.0 and
6312.0 12844.0 484.0 100.0 evening,
6880.0 12840.0 272.0 108.0 they,

5028.0 12976.0 200.0 92.0 like
5292.0 12984.0 180.0 92.0 the
5544.0 12984.0 144.0 92.0 du
5768.0 12980.0 352.0 108.0 Pont,
6192.0 12980.0 536.0 92.0 remained
6808.0 12980.0 96.0 88.0 In
6976.0 12980.0 176.0 88.0 the

5020.0 13116.0 728.0 108.0 background.

5132.0 13248.0 336.0 96.0 There
5544.0 13276.0 284.0 64.0 were
5900.0 13272.0 308.0 88.0 many
6276.0 13248.0 424.0 100.0 notable
6772.0 13264.0 380.0 100.0 guest.

5004.0 13384.0 284.0 116.0 They
5380.0 13388.0 496.0 88.0 Included
5964.0 13384.0 660.0 96.0 Postmaster
6708.0 13384.0 448.0 92.0 General

5008.0 13520.0 360.0 92.0 James
5436.0 13524.0 108.0 84.0 A.
5616.0 13524.0 404.0 108.0 Farley.
6084.0 13528.0 556.0 104.0 Secretary
6696.0 13520.0 112.0 92.0 of
6864.0 13524.0 292.0 84.0 State

5008.0 13660.0 240.0 88.0 Codi
5296.0 13660.0 56.0 88.0 ll
5452.0 13660.0 284.0 108.0 Hull,
5832.0 13664.0 496.0 112.0 Attorney
6408.0 13660.0 460.0 92.0 General
6960.0 13660.0 168.0 92.0 Ho-

5020.0 13820.0 220.0 80.0 mer
5300.0 13800.0 96.0 88.0 8.
5464.0 13796.0 656.0 112.0 dimming,
6188.0 13804.0 556.0 104.0 Secretary
6808.0 13804.0 108.0 96.0 of
6980.0 13800.0 176.0 88.0 the

5016.0 13932.0 528.0 108.0 Treasury
5660.0 13932.0 360.0 112.0 Henry
6140.0 13932.0 732.0 112.0 Morgeuthau,
6976.0 13936.0 180.0 100.0 Jr.,

5020.0 14068.0 560.0 108.0 Secretary
5688.0 14076.0 116.0 88.0 of
5912.0 14064.0 328.0 96.0 Ijibor
6352.0 14068.0 468.0 92.0 Frances
6916.0 14068.0 200.0 92.0 Per-

5024.0 14200.0 264.0 100.0 kins,
5416.0 14200.0 216.0 92.0 and
5760.0 14204.0 400.0 88.0 several
6284.0 14208.0 308.0 84.0 other
6716.0 14196.0 440.0 96.0 Cabinet

5020.0 14332.0 512.0 104.0 official;
5692.0 14332.0 472.0 96.0 I'.irnaid
6276.0 14336.0 456.0 104.0 Biiruch,
6848.0 14340.0 268.0 88.0 Fred

5024.0 14472.0 280.0 88.0 crick
5436.0 14468.0 436.0 112.0 Delano,
6000.0 14472.0 460.0 100.0 Admiral
6580.0 14468.0 208.0 92.0 and
6916.0 14472.0 240.0 92.0 Mrs.

5016.0 14612.0 264.0 100.0 Cary
5328.0 14600.0 104.0 92.0 T.
5476.0 14608.0 520.0 96.0 GrnVun,
6056.0 14612.0 196.0 88.0 and
6328.0 14600.0 348.0 100.0 Relief
6740.0 14600.0 372.0 96.0 Admin

5020.0 14740.0 428.0 88.0 lalialor
5524.0 14732.0 352.0 120.0 Hurry
5948.0 14736.0 496.0 108.0 Hopkins.

5184.0 14896.0 308.0 92.0 "SI.O
5736.0 14892.0 308.0 104.0 now
6308.0 14896.0 56.0 96.0 1
6384.0 14900.0 36.0 88.0 1
6444.0 14904.0 80.0 92.0 F.
6620.0 14908.0 64.0 80.0 S
6704.0 14900.0 72.0 92.0 A
6800.0 14900.0 64.0 92.0 V
6888.0 14900.0 88.0 108.0 s,

5132.0 15060.0 440.0 108.0 FuRctie
5640.0 15068.0 136.0 92.0 du
5848.0 15064.0 292.0 104.0 Pont,
6204.0 15092.0 112.0 68.0 as
6384.0 15068.0 356.0 92.0 father
6808.0 15072.0 108.0 88.0 of
6976.0 15072.0 176.0 92.0 the

5016.0 15192.0 320.0 112.0 bride,
5432.0 15224.0 228.0 68.0 was
5752.0 15200.0 340.0 96.0 btisltv
6180.0 15212.0 500.0 92.0 occupied
6776.0 15208.0 96.0 88.0 at
6976.0 15204.0 176.0 88.0 the

5016.0 15340.0 340.0 60.0 iiiOBftt
5472.0 15336.0 120.0 64.0 it
5704.0 15340.0 176.0 60.0 Ihn
5984.0 15360.0 552.0 40.0 fAi'mmiL'
6744.0 15344.0 84.0 56.0 It
6940.0 15316.0 264.0 84.0 waul

5020.0 15476.0 120.0 84.0 he
5204.0 15480.0 232.0 84.0 who
5500.0 15472.0 408.0 88.0 walked
5976.0 15476.0 292.0 88.0 down
6332.0 15480.0 176.0 88.0 the
6576.0 15476.0 264.0 88.0 wide
6904.0 15476.0 248.0 88.0 aiule

5024.0 15604.0 244.0 104.0 with
5368.0 15608.0 184.0 88.0 the
5660.0 15604.0 320.0 100.0 bride,
6076.0 15608.0 204.0 92.0 and
6376.0 15612.0 240.0 84.0 who
6712.0 15604.0 444.0 112.0 adjured

5016.0 15744.0 160.0 92.0 his
5236.0 15736.0 540.0 112.0 daughter
5836.0 15744.0 352.0 84.0 Almee
6248.0 15744.0 108.0 84.0 to
6416.0 15740.0 316.0 92.0 "slow
6796.0 15740.0 356.0 96.0 down"

5020.0 15876.0 292.0 92.0 when
5384.0 15876.0 188.0 88.0 the
5640.0 15876.0 368.0 92.0 ushers
6080.0 15876.0 92.0 88.0 In
6236.0 15872.0 312.0 92.0 black
6616.0 15880.0 544.0 104.0 cutaways

5020.0 16016.0 204.0 88.0 and
5296.0 16012.0 180.0 88.0 the
5548.0 16004.0 296.0 96.0 bride
5996.0 16012.0 556.0 88.0 attendant
6688.0 16012.0 104.0 88.0 In
6860.0 16012.0 256.0 88.0 float-

5012.0 16148.0 176.0 104.0 ing
5284.0 16144.0 324.0 88.0 white
5720.0 16144.0 620.0 88.0 moussellne
6444.0 16144.0 128.0 88.0 de
6676.0 16144.0 216.0 84.0 sole
6996.0 16144.0 152.0 88.0 led

5016.0 16284.0 176.0 88.0 the
5264.0 16276.0 344.0 96.0 bridal
5688.0 16288.0 300.0 104.0 party
6060.0 16308.0 132.0 84.0 up
6264.0 16280.0 172.0 88.0 the
6508.0 16280.0 292.0 88.0 aisle.

5124.0 16412.0 288.0 108.0 They
5536.0 16416.0 512.0 100.0 gathered
6168.0 16416.0 100.0 84.0 In
6384.0 16436.0 64.0 68.0 a
6572.0 16408.0 580.0 92.0 semicircle

5016.0 16556.0 100.0 84.0 at
5224.0 16556.0 180.0 84.0 the
5512.0 16556.0 280.0 84.0 front
5900.0 16552.0 108.0 84.0 of
6104.0 16552.0 172.0 84.0 the
6380.0 16572.0 296.0 64.0 nave.
6904.0 16548.0 244.0 88.0 Rev.

5024.0 16684.0 556.0 92.0 Frederick
5736.0 16680.0 84.0 92.0 T
5984.0 16680.0 428.0 104.0 Ashton,
6564.0 16684.0 344.0 84.0 rector
7044.0 16680.0 112.0 88.0 of

5016.0 16820.0 336.0 84.0 Christ
5452.0 16816.0 460.0 96.0 Church,
6000.0 16816.0 392.0 92.0 stalled
6488.0 16816.0 180.0 88.0 the
6756.0 16812.0 392.0 88.0 service

5012.0 16944.0 240.0 88.0 with
5320.0 16944.0 184.0 88.0 the
5576.0 16944.0 464.0 88.0 familiar
6104.0 16944.0 440.0 116.0 "Dearly
6624.0 16944.0 532.0 88.0 Heloved."

5132.0 17080.0 156.0 88.0 Du
5420.0 17080.0 304.0 96.0 Pont,
5840.0 17108.0 60.0 60.0 a
6012.0 17084.0 280.0 88.0 short
6428.0 17084.0 364.0 104.0 kindly
6912.0 17104.0 236.0 68.0 man

5020.0 17220.0 352.0 104.0 nearly
5480.0 17216.0 272.0 100.0 bald,
5856.0 17216.0 424.0 112.0 stepped
6384.0 17216.0 468.0 92.0 forward
6948.0 17220.0 200.0 88.0 and

5016.0 17352.0 320.0 104.0 spoke
5444.0 17352.0 364.0 100.0 firmly
5912.0 17352.0 96.0 84.0 In
6112.0 17348.0 280.0 108.0 reply
6500.0 17348.0 300.0 88.0 when
6912.0 17348.0 240.0 92.0 Rev.

5020.0 17484.0 428.0 116.0 Ashton,
5636.0 17488.0 228.0 84.0 who
6036.0 17484.0 600.0 88.0 christened
6824.0 17476.0 328.0 104.0 F.lhel,

5016.0 17612.0 316.0 88.0 asked
5368.0 17644.0 12.0 56.0 :

5140.0 17744.0 324.0 88.0 "Who
5560.0 17748.0 356.0 108.0 glvelh
6020.0 17744.0 204.0 88.0 this
6316.0 17768.0 420.0 68.0 woman
6836.0 17744.0 104.0 92.0 to
7036.0 17744.0 120.0 92.0 be

5020.0 17896.0 256.0 68.0 man
5316.0 17876.0 160.0 92.0 led
5568.0 17888.0 112.0 76.0 to
5756.0 17880.0 208.0 88.0 this
6048.0 17876.0 372.0 92.0 man?"

5136.0 18008.0 292.0 92.0 Then
5500.0 18008.0 132.0 88.0 he
5696.0 18012.0 348.0 104.0 Joined
6108.0 18012.0 160.0 88.0 his
6332.0 18008.0 276.0 100.0 wife,
6676.0 18028.0 64.0 68.0 a
6800.0 18012.0 312.0 84.0 sweet-

5024.0 18136.0 292.0 92.0 faced
5408.0 18160.0 416.0 68.0 woman
5908.0 18144.0 96.0 84.0 In
6088.0 18168.0 56.0 68.0 a
6224.0 18140.0 272.0 108.0 long,
6584.0 18160.0 228.0 68.0 rose
6864.0 18140.0 292.0 108.0 beige

5016.0 18268.0 412.0 96.0 chiffon
5520.0 18296.0 336.0 80.0 gown,
5952.0 18276.0 224.0 108.0 pale
6260.0 18272.0 460.0 104.0 orchids,
6808.0 18276.0 200.0 84.0 and
7096.0 18304.0 60.0 64.0 a

5024.0 18404.0 284.0 108.0 large
5384.0 18404.0 416.0 112.0 picture
5872.0 18400.0 176.0 92.0 hat
6124.0 18400.0 112.0 96.0 of
6300.0 18408.0 556.0 108.0 matching
6928.0 18404.0 228.0 88.0 hue.

5428.0 18564.0 376.0 92.0 .IOIIX
5884.0 18564.0 408.0 92.0 FINDS
6368.0 18564.0 380.0 92.0 KING.

5132.0 18720.0 220.0 92.0 The
5436.0 18748.0 356.0 84.0 young
5868.0 18732.0 360.0 104.0 couple
6308.0 18728.0 412.0 92.0 walked
6804.0 18732.0 108.0 88.0 to
6984.0 18728.0 172.0 88.0 the

5020.0 18864.0 508.0 80.0 entrsnce
5612.0 18856.0 112.0 88.0 of
5804.0 18860.0 172.0 84.0 the
6052.0 18860.0 432.0 92.0 chancel
6572.0 18860.0 204.0 92.0 and
6860.0 18860.0 296.0 88.0 stood

5024.0 18988.0 360.0 88.0 before
5544.0 18992.0 180.0 88.0 the
5880.0 18992.0 348.0 100.0 eighty
6280.0 18992.0 472.0 104.0 year-old
6916.0 18992.0 240.0 88.0 Rev.

5028.0 19136.0 520.0 92.0 1'eaiiouy,
5640.0 19136.0 228.0 72.0 who
5960.0 19136.0 184.0 80.0 has
6236.0 19136.0 388.0 96.0 piayed
6720.0 19136.0 104.0 76.0 at
6916.0 19136.0 244.0 76.0 both

5020.0 19256.0 108.0 88.0 of
5224.0 19252.0 556.0 92.0 President
5876.0 19252.0 536.0 92.0 Roosevelt
6464.0 19284.0 52.0 60.0 s
6604.0 19260.0 556.0 84.0 inauuura-

5032.0 19528.0 224.0 76.0 fern
5356.0 19528.0 208.0 76.0 and
5668.0 19528.0 312.0 76.0 white
6080.0 19528.0 256.0 76.0 lilies
6428.0 19528.0 212.0 80.0 and
6748.0 19528.0 412.0 100.0 peonies
7212.0 19528.0 12.0 56.0 i

5028.0 19668.0 264.0 68.0 were
5428.0 19652.0 68.0 80.0 A
5524.0 19672.0 16.0 60.0 i
5564.0 19668.0 224.0 64.0 nice
5908.0 19652.0 132.0 84.0 du
6160.0 19652.0 260.0 84.0 Pont
6556.0 19652.0 212.0 88.0 and
6880.0 19652.0 276.0 92.0 John
7208.0 19616.0 16.0 140.0 j

5036.0 19776.0 592.0 104.0 Roosevelt,
5728.0 19780.0 168.0 84.0 the
5988.0 19776.0 212.0 88.0 best
6304.0 19804.0 284.0 72.0 man,
6784.0 19772.0 36.0 40.0 "

5128.0 19904.0 284.0 92.0 John
5516.0 19912.0 524.0 104.0 produced
6132.0 19912.0 172.0 88.0 the
6400.0 19936.0 240.0 88.0 ring
6724.0 19908.0 424.0 96.0 without

5020.0 20036.0 608.0 92.0 hesitation.
5756.0 20044.0 220.0 88.0 The
6048.0 20044.0 484.0 92.0 minister
6600.0 20048.0 404.0 88.0 blessed
7080.0 20052.0 68.0 88.0 It

5020.0 20184.0 100.0 80.0 at
5252.0 20176.0 180.0 92.0 the
5568.0 20176.0 656.0 112.0 Illy-covered
6352.0 20180.0 408.0 96.0 marble
6880.0 20188.0 276.0 88.0 altar

5020.0 20312.0 204.0 92.0 and
5292.0 20312.0 424.0 88.0 handed
5788.0 20316.0 68.0 88.0 it
5920.0 20320.0 108.0 88.0 to
6096.0 20316.0 540.0 92.0 Franklin,

5132.0 20444.0 360.0 96.0 "With
5612.0 20448.0 152.0 92.0 thl
5940.0 20448.0 320.0 108.0 ring,"
6376.0 20448.0 512.0 100.0 Franklin
7004.0 20476.0 116.0 68.0 re-

5024.0 20584.0 372.0 104.0 peated
5484.0 20584.0 292.0 92.0 after
5860.0 20588.0 184.0 88.0 Mr.
6132.0 20588.0 516.0 108.0 i'eabody,
6732.0 20592.0 420.0 108.0 looking

5020.0 20716.0 452.0 112.0 steadily
5548.0 20728.0 108.0 80.0 at
5732.0 20716.0 160.0 92.0 his
5964.0 20716.0 312.0 104.0 bride,
6352.0 20720.0 104.0 92.0 "I
6536.0 20720.0 236.0 92.0 thee
6840.0 20724.0 312.0 96.0 wed."

5136.0 20848.0 480.0 120.0 leaving
5684.0 20856.0 176.0 92.0 the
5924.0 20856.0 424.0 96.0 church,
6420.0 20860.0 184.0 84.0 the
6672.0 20884.0 216.0 72.0 new
6964.0 20864.0 188.0 92.0 Mr.

5024.0 20988.0 200.0 84.0 and
5344.0 20992.0 244.0 84.0 Mrs.
5712.0 20988.0 504.0 92.0 Franklin
6324.0 20992.0 124.0 96.0 D.
6568.0 20992.0 580.0 112.0 Roosevelt.

5024.0 21120.0 176.0 96.0 Jr.,
5284.0 21124.0 452.0 112.0 stopped
5820.0 21128.0 240.0 108.0 only
6140.0 21136.0 104.0 76.0 to
6328.0 21148.0 260.0 92.0 pose
6668.0 21132.0 164.0 84.0 for
6912.0 21136.0 204.0 104.0 pho-

5024.0 21256.0 516.0 108.0 tographs
5620.0 21264.0 112.0 84.0 at
5808.0 21260.0 176.0 88.0 the
6060.0 21260.0 276.0 96.0 door.
6476.0 21264.0 672.0 100.0 Chauffeurs,

5032.0 21388.0 352.0 108.0 police,
5476.0 21392.0 208.0 88.0 and
5780.0 21396.0 352.0 88.0 nthcis
6220.0 21396.0 436.0 104.0 waiting
6748.0 21404.0 404.0 88.0 outside

5024.0 21524.0 468.0 92.0 cheered,
5632.0 21528.0 216.0 88.0 The
5916.0 21532.0 360.0 108.0 couple
6348.0 21532.0 408.0 88.0 smiled.

5148.0 21660.0 156.0 88.0 No
5364.0 21684.0 232.0 76.0 one,
5664.0 21672.0 168.0 80.0 not
5892.0 21684.0 260.0 76.0 even
6220.0 21668.0 176.0 88.0 the
6464.0 21668.0 692.0 104.0 bridegroom,

5028.0 21796.0 352.0 84.0 kissed
5468.0 21796.0 180.0 88.0 the
5736.0 21800.0 284.0 88.0 bride
6100.0 21804.0 96.0 84.0 in
6280.0 21808.0 180.0 80.0 the
6544.0 21804.0 424.0 88.0 church.

5248.0 21964.0 352.0 84.0 IIIKF
5688.0 21968.0 324.0 88.0 KM-.t
6060.0 21972.0 44.0 88.0 l
6148.0 21968.0 332.0 92.0 TIVK
6564.0 21968.0 436.0 88.0 WAITS

5148.0 22124.0 564.0 96.0 President
5852.0 22136.0 204.0 88.0 and
6208.0 22136.0 240.0 88.0 Mrs.
6604.0 22136.0 552.0 92.0 Roosevelt

4976.0 22288.0 8.0 64.0 I
5032.0 22264.0 380.0 88.0 waited
5512.0 22268.0 172.0 88.0 fur
5772.0 22272.0 172.0 88.0 the
6032.0 22268.0 332.0 92.0 bridal
6460.0 22276.0 340.0 104.0 party.
6944.0 22272.0 216.0 92.0 The

4976.0 22412.0 12.0 100.0 ;
5036.0 22396.0 556.0 92.0 President
5664.0 22396.0 244.0 92.0 then
5984.0 22400.0 400.0 96.0 walked
6456.0 22428.0 144.0 88.0 up
6664.0 22408.0 176.0 88.0 the
6908.0 22408.0 252.0 92.0 aisle

4976.0 22520.0 16.0 124.0 j
5036.0 22536.0 248.0 88.0 with
5380.0 22532.0 100.0 88.0 hi
5632.0 22556.0 216.0 72.0 son.
5940.0 22536.0 384.0 104.0 Elliott,
6412.0 22564.0 144.0 68.0 an
6644.0 22544.0 340.0 92.0 usher.

5032.0 22672.0 160.0 80.0 pm
5448.0 22692.0 60.0 60.0 n
5744.0 22668.0 72.0 88.0 p

4980.0 22780.0 12.0 152.0 j
5156.0 22800.0 240.0 96.0 Mrs.
5572.0 22804.0 548.0 96.0 Roosevelt
6276.0 22812.0 488.0 96.0 followed
6920.0 22816.0 252.0 92.0 with

5028.0 22936.0 392.0 100.0 jm(.,,
5460.0 22940.0 196.0 92.0 her
5712.0 22944.0 324.0 92.0 eldest
6092.0 22972.0 216.0 76.0 son,
6344.0 22952.0 236.0 88.0 also
6636.0 22976.0 136.0 68.0 an
6828.0 22956.0 344.0 96.0 usher.

5032.0 23076.0 328.0 92.0 Other
5416.0 23104.0 412.0 64.0 women
5888.0 23084.0 516.0 92.0 members
6464.0 23092.0 120.0 92.0 of
6632.0 23092.0 176.0 88.0 the
6868.0 23092.0 308.0 112.0 party

5036.0 23240.0 272.0 64.0 were
5408.0 23216.0 188.0 92.0 the
5700.0 23220.0 632.0 92.0 President's
6432.0 23228.0 744.0 108.0 eighty-three-

4988.0 23376.0 12.0 68.0 I
5036.0 23376.0 248.0 88.0 year
5328.0 23352.0 172.0 92.0 old
5620.0 23360.0 408.0 88.0 mother
6128.0 23368.0 464.0 108.0 wearing
6704.0 23388.0 64.0 68.0 a
6872.0 23364.0 300.0 92.0 black

5036.0 23496.0 200.0 88.0 Blld
5344.0 23496.0 252.0 88.0 whlt
5772.0 23496.0 484.0 96.0 fiWered
6360.0 23504.0 460.0 104.0 chirrori;
6932.0 23508.0 248.0 96.0 Mrg.

5236.0 23632.0 116.0 92.0 R.
5472.0 23632.0 588.0 104.0 Roosevelt,
6164.0 23636.0 160.0 88.0 his
6436.0 23644.0 460.0 84.0 sistcr-ln
6952.0 23644.0 224.0 108.0 law,

5040.0 23776.0 472.0 96.0 wearing
5612.0 23768.0 304.0 92.0 black
6016.0 23776.0 196.0 84.0 and
6316.0 23780.0 324.0 84.0 white
6736.0 23780.0 440.0 100.0 chiffon.

5032.0 23908.0 1048.0 204.0 H!Mlel.;,"r
6192.0 23912.0 684.0 200.0 J:rTH-
7020.0 23920.0 372.0 192.0 hnW
7532.0 23924.0 316.0 160.0 V,.fk
7928.0 23936.0 568.0 88.0 ,,,morrow
8568.0 23952.0 488.0 92.0 mormnK
9220.0 23940.0 192.0 92.0 H,s

4992.0 24032.0 968.0 100.0 'daughter-in-law

6200.0 24112.0 80.0 28.0 ..
6332.0 24112.0 20.0 28.0 .
6416.0 24112.0 20.0 28.0 .

6272.0 24208.0 268.0 56.0 iJtnV.
6612.0 24208.0 176.0 56.0 t-")ii
6924.0 24208.0 248.0 56.0 wiln

5036.0 24184.0 440.0 88.0 brother
5540.0 24184.0 116.0 92.0 of
5720.0 24184.0 172.0 88.0 the
5964.0 24188.0 228.0 88.0 first
6268.0 24192.0 272.0 108.0 lady,
6612.0 24192.0 244.0 88.0 rode
6924.0 24196.0 248.0 88.0 with

4992.0 24408.0 8.0 16.0 ,
5040.0 24320.0 184.0 88.0 her

5156.0 24456.0 208.0 40.0 1-.
6320.0 24488.0 28.0 8.0 -
6648.0 24492.0 12.0 4.0 .
7004.0 24472.0 68.0 24.0 ..

4988.0 24496.0 8.0 52.0 i
5176.0 24496.0 32.0 48.0 i
5252.0 24496.0 120.0 52.0 ne
5452.0 24496.0 116.0 52.0 or
5620.0 24496.0 120.0 52.0 it-
5784.0 24496.0 44.0 56.0 s
5892.0 24496.0 492.0 68.0 cosuime,
6456.0 24496.0 248.0 60.0 seen
6776.0 24496.0 160.0 64.0 ior
7000.0 24496.0 172.0 64.0 ine

4988.0 24508.0 12.0 84.0 '
5048.0 24592.0 36.0 28.0 .
5388.0 24604.0 72.0 52.0 ,.
5824.0 24596.0 48.0 52.0 ,.
6152.0 24600.0 812.0 56.0 .,,.,.,
7124.0 24508.0 196.0 148.0 '!,

4988.0 24676.0 12.0 80.0 :
5384.0 24664.0 32.0 108.0 l
5660.0 24740.0 56.0 48.0 u
6424.0 24748.0 24.0 40.0 .
7144.0 24656.0 100.0 136.0 .!

5040.0 24756.0 172.0 68.0 tne
5316.0 24756.0 404.0 72.0 cnurcn
5824.0 24760.0 196.0 68.0 one
6116.0 24756.0 336.0 76.0 nnnut
6624.0 24756.0 340.0 80.0 ahead
7068.0 24756.0 112.0 84.0 of
7224.0 24780.0 16.0 72.0 ;

5384.0 24900.0 60.0 60.0 c
5720.0 25016.0 28.0 60.0 ,
5856.0 24900.0 312.0 92.0 ,lu'"
6244.0 24896.0 276.0 72.0 nom
6764.0 25016.0 32.0 60.0 ,

5036.0 25064.0 48.0 32.0 "
5168.0 25152.0 16.0 40.0 ,
5232.0 25148.0 24.0 44.0 ,
5296.0 25036.0 380.0 88.0 Bl0Pl,c
5972.0 25032.0 108.0 72.0 ,n
6596.0 25032.0 200.0 76.0 ani1
6968.0 25032.0 92.0 76.0 1,1

5044.0 25200.0 24.0 32.0 '
5876.0 25200.0 72.0 40.0 "
5988.0 25200.0 104.0 40.0 "l
6496.0 25200.0 312.0 64.0 v'"

4988.0 25348.0 8.0 56.0 ;
5080.0 25312.0 244.0 60.0 "'
5384.0 25288.0 172.0 92.0 for
5616.0 25292.0 176.0 88.0 the
5848.0 25312.0 312.0 84.0 eager
6220.0 25292.0 872.0 108.0 photographers.

5052.0 26104.0 96.0 48.0 ii.
5160.0 26128.0 16.0 24.0 ,
6100.0 26104.0 420.0 48.0 ...H.iH..
6656.0 26104.0 56.0 48.0 v.
6876.0 26100.0 1160.0 52.0 ii;.rni..nu.ti..
8132.0 26104.0 56.0 48.0 i.
8212.0 26132.0 40.0 20.0 n
8284.0 26112.0 40.0 40.0 j
8424.0 26120.0 168.0 32.0 .....
8748.0 26112.0 288.0 40.0 t..l

5196.0 26152.0 32.0 32.0 '
6048.0 26152.0 464.0 64.0 """""i;
6860.0 26152.0 772.0 44.0 juiti.i
8136.0 26152.0 192.0 44.0 io.u
8424.0 26152.0 168.0 48.0 n,.i
8688.0 26152.0 212.0 48.0 smi
9136.0 26152.0 272.0 56.0 mro

4992.0 26260.0 276.0 108.0 i'P.
5340.0 26240.0 348.0 88.0 which
5764.0 26240.0 228.0 88.0 held
6064.0 26244.0 184.0 88.0 her
6312.0 26244.0 552.0 84.0 three-tier
6932.0 26244.0 256.0 92.0 tulle

5048.0 26380.0 308.0 88.0 t"1"-

5052.0 26644.0 16.0 20.0 t
5248.0 26512.0 128.0 84.0 h"
5492.0 26512.0 408.0 92.0 carried
6008.0 26536.0 132.0 64.0 an
6252.0 26520.0 444.0 100.0 antique
6800.0 26516.0 384.0 84.0 carved

4992.0 26628.0 12.0 128.0 !
5088.0 26668.0 252.0 84.0 vory
5440.0 26668.0 380.0 88.0 prayer
5912.0 26648.0 260.0 88.0 book
6272.0 26656.0 96.0 80.0 to
6368.0 26684.0 12.0 48.0 ,
6580.0 26648.0 236.0 88.0 h.ch
7012.0 26676.0 168.0 64.0 erc

5052.0 26840.0 448.0 100.0 '-".""
5748.0 26840.0 68.0 120.0 ,1
6136.0 26840.0 28.0 32.0 '
6328.0 26924.0 12.0 12.0 .
6620.0 26920.0 40.0 40.0 ,
6728.0 26928.0 28.0 32.0 .
7116.0 26856.0 64.0 84.0 ;'

5048.0 26916.0 264.0 68.0 Knhv
5484.0 26916.0 100.0 68.0 ht
5748.0 26928.0 100.0 56.0 !.
5928.0 26920.0 200.0 64.0 mnA
6208.0 26920.0 100.0 64.0 111
6328.0 26944.0 16.0 40.0 I
6360.0 26944.0 116.0 40.0 am
6548.0 26920.0 112.0 64.0 .if
6728.0 26928.0 28.0 56.0 I
6780.0 26924.0 124.0 60.0 ha
6972.0 26944.0 124.0 40.0 v.
7152.0 26976.0 28.0 8.0 .

4988.0 27312.0 12.0 28.0 '
5044.0 27324.0 396.0 112.0 paused
5532.0 27328.0 248.0 88.0 with
5868.0 27328.0 180.0 88.0 her
6128.0 27328.0 360.0 92.0 father
6564.0 27332.0 112.0 84.0 at
6760.0 27328.0 176.0 88.0 the
7012.0 27352.0 168.0 68.0 en-

5044.0 27476.0 372.0 48.0 .-,..

4988.0 27312.0 12.0 28.0 ,
5400.0 27324.0 948.0 36.0 j1Lt..L
6812.0 27328.0 20.0 32.0 ,

4992.0 27556.0 8.0 20.0 .
5048.0 27520.0 124.0 28.0 "'
5296.0 27520.0 20.0 24.0 -
5360.0 27520.0 20.0 24.0 '
6816.0 27596.0 48.0 40.0 m

5296.0 27648.0 200.0 36.0 .i.ii
5648.0 27648.0 64.0 44.0 m
5848.0 27648.0 424.0 56.0 iniiiuir,
6412.0 27648.0 392.0 56.0 aiiih-v,
7064.0 27648.0 120.0 48.0 nt:

5036.0 27728.0 632.0 120.0 whi.jeied.

7592.0 1552.0 960.0 384.0 TROOPS
8688.0 1568.0 472.0 376.0 SET

7292.0 2248.0 836.0 108.0 CONTINUED
8208.0 2260.0 396.0 100.0 FROM
8668.0 2264.0 380.0 96.0 PAOE
9120.0 2260.0 312.0 100.0 ONE.

7296.0 2480.0 112.0 92.0 of
7472.0 2480.0 244.0 96.0 thre
7848.0 2508.0 444.0 96.0 preaona
8360.0 2492.0 228.0 100.0 who
8656.0 2496.0 476.0 100.0 received
9208.0 2500.0 224.0 96.0 ho-

7296.0 2648.0 256.0 112.0 pitul
7636.0 2652.0 608.0 104.0 treatment.

7392.0 2812.0 360.0 104.0 Police
7828.0 2832.0 484.0 92.0 arrested
8388.0 2836.0 232.0 112.0 Roy
8692.0 2836.0 540.0 108.0 Whltlum,
9308.0 2844.0 108.0 88.0 46-

7280.0 3008.0 248.0 92.0 year
7716.0 2992.0 196.0 112.0 old,
8036.0 3000.0 248.0 96.0 who
8404.0 3004.0 224.0 96.0 said
8752.0 3008.0 128.0 92.0 ha
9012.0 3028.0 220.0 72.0 was
9352.0 3032.0 64.0 72.0 a

7280.0 3152.0 632.0 104.0 Committee
7976.0 3168.0 168.0 96.0 for
8208.0 3168.0 576.0 100.0 Industrial
8844.0 3176.0 532.0 112.0 Organiza-

7284.0 3328.0 216.0 88.0 tion
7604.0 3332.0 648.0 96.0 automoblla
8360.0 3340.0 436.0 112.0 worker,
8896.0 3348.0 208.0 92.0 and
9212.0 3348.0 212.0 96.0 two

7284.0 3492.0 304.0 88.0 other
7764.0 3520.0 472.0 92.0 periona.
8448.0 3504.0 340.0 100.0 Police
8964.0 3516.0 456.0 112.0 Captain

7284.0 3632.0 392.0 116.0 Joseph
7764.0 3640.0 428.0 124.0 Canepa
8276.0 3648.0 232.0 104.0 said
8588.0 3652.0 120.0 92.0 he
8788.0 3680.0 224.0 72.0 saw
9092.0 3660.0 276.0 92.0 Whll-

7288.0 3772.0 200.0 88.0 iiiin
7628.0 3772.0 420.0 120.0 hulling
8188.0 3796.0 188.0 84.0 nut
8568.0 3796.0 200.0 92.0 and
8908.0 3792.0 276.0 92.0 bolts
9308.0 3804.0 112.0 88.0 at

7288.0 3904.0 556.0 108.0 American
8004.0 3920.0 636.0 100.0 Federation
8804.0 3932.0 116.0 92.0 of
9076.0 3932.0 348.0 96.0 Ibor

7288.0 4060.0 524.0 88.0 unionists
7868.0 4056.0 96.0 92.0 In
8024.0 4064.0 184.0 92.0 the
8264.0 4064.0 560.0 96.0 IS-minute
8876.0 4076.0 540.0 96.0 skirmish.

7396.0 4188.0 628.0 104.0 Meanwhile
8164.0 4200.0 396.0 96.0 Martin
8680.0 4204.0 92.0 96.0 J.
8900.0 4212.0 516.0 92.0 Beekner.

7284.0 4320.0 172.0 92.0 Vic
7592.0 4324.0 560.0 108.0 President
8220.0 4344.0 120.0 92.0 of
8400.0 4344.0 432.0 96.0 Canton'
9016.0 4352.0 400.0 104.0 triiilrig

7228.0 4472.0 8.0 112.0 I
7276.0 4460.0 572.0 100.0 ''onimltte
7968.0 4476.0 176.0 92.0 for
8208.0 4476.0 572.0 96.0 Industrial
8844.0 4488.0 528.0 96.0 Organiza

7268.0 6264.0 656.0 100.0 guardsman
8044.0 6280.0 248.0 92.0 who
8408.0 6308.0 96.0 68.0 01
8532.0 6288.0 308.0 96.0 dried
8964.0 6296.0 224.0 96.0 him
9308.0 6312.0 104.0 80.0 to

7324.0 6416.0 304.0 76.0 move
7752.0 6408.0 220.0 92.0 on."
8132.0 6416.0 356.0 96.0 Police
8608.0 6432.0 520.0 108.0 Sergeant
9256.0 6440.0 152.0 96.0 Ed

7272.0 6532.0 672.0 124.0 Woolslayer,
8056.0 6548.0 516.0 116.0 however,
8672.0 6564.0 448.0 104.0 claimed
9236.0 6580.0 172.0 92.0 the

7260.0 6676.0 360.0 116.0 picket
7672.0 6708.0 216.0 72.0 was
7940.0 6712.0 60.0 68.0 a
8056.0 6696.0 368.0 92.0 victim
8480.0 6704.0 104.0 88.0 of
8640.0 6700.0 296.0 100.0 heart
8992.0 6712.0 416.0 100.0 failure.

7400.0 6816.0 176.0 96.0 Dr.
7652.0 6820.0 156.0 96.0 Ed
7880.0 6832.0 308.0 92.0 Reno
8260.0 6840.0 460.0 88.0 declined
8804.0 6852.0 108.0 84.0 to
8980.0 6868.0 436.0 96.0 express

7276.0 6980.0 136.0 64.0 an
7472.0 6960.0 460.0 112.0 opinion,
7992.0 6972.0 216.0 92.0 and
8272.0 6976.0 428.0 92.0 oidered
8764.0 7004.0 136.0 68.0 an
8960.0 7004.0 456.0 100.0 autopsy

7276.0 7096.0 604.0 104.0 performed
7984.0 7128.0 296.0 92.0 upon
8388.0 7112.0 352.0 112.0 liopez,
8852.0 7124.0 240.0 88.0 who
9200.0 7148.0 220.0 68.0 was

7272.0 7228.0 488.0 100.0 declared
7908.0 7232.0 276.0 108.0 dead
8340.0 7268.0 276.0 96.0 upon
8756.0 7260.0 404.0 96.0 arrival
9304.0 7272.0 112.0 88.0 at

7284.0 7364.0 356.0 116.0 Mercy
7716.0 7376.0 524.0 112.0 Hospital.

7388.0 7504.0 220.0 96.0 The
7756.0 7512.0 472.0 92.0 Coroner
8376.0 7516.0 260.0 96.0 later
8776.0 7532.0 632.0 92.0 announced

7204.0 7644.0 752.0 116.0 ipiellmlnary
8104.0 7660.0 724.0 96.0 examination
8980.0 7672.0 424.0 92.0 showed

7256.0 7796.0 136.0 68.0 an
7500.0 7784.0 452.0 112.0 autopsy
8056.0 7788.0 428.0 96.0 showed
8592.0 7816.0 128.0 76.0 no
8832.0 7804.0 304.0 84.0 mark
9308.0 7812.0 108.0 84.0 of

7204.0 7908.0 8.0 116.0 ;
7260.0 7912.0 468.0 96.0 violence
7796.0 7944.0 112.0 64.0 or
7972.0 7924.0 272.0 92.0 head
8328.0 7924.0 336.0 100.0 bruise
8788.0 7960.0 132.0 68.0 on
8988.0 7932.0 344.0 120.0 Lopez

7200.0 8044.0 8.0 108.0 !
7260.0 8040.0 300.0 116.0 body.

7444.0 8220.0 688.0 100.0 A.VOTIIFR
8208.0 8228.0 628.0 104.0 MFFTINCi
8916.0 8248.0 140.0 96.0 IH
9124.0 8244.0 108.0 96.0 K.

7380.0 8380.0 124.0 96.0 Tn
7648.0 8384.0 668.0 120.0 Johnstown,
8460.0 8400.0 196.0 104.0 Pa.,
8804.0 8416.0 596.0 108.0 remaining

7264.0 8520.0 300.0 92.0 there
7668.0 8528.0 400.0 112.0 desplta
8168.0 8556.0 68.0 68.0 a
8332.0 8548.0 476.0 104.0 warning
8908.0 8548.0 104.0 88.0 to
9116.0 8548.0 288.0 92.0 leave

7268.0 8660.0 312.0 108.0 town,
7672.0 8668.0 364.0 92.0 James
8136.0 8672.0 348.0 104.0 Mark,
8580.0 8680.0 348.0 92.0 leader
9020.0 8684.0 116.0 92.0 of
9232.0 8688.0 104.0 88.0 th

7268.0 8796.0 620.0 96.0 Hethlehnm
8020.0 8808.0 292.0 92.0 Steel
8440.0 8816.0 688.0 112.0 strikers,
9228.0 8848.0 128.0 64.0 an-

7264.0 8940.0 476.0 88.0 nounced
7856.0 8940.0 204.0 92.0 last
8180.0 8948.0 296.0 108.0 night
8596.0 8952.0 228.0 96.0 that
8936.0 8988.0 64.0 64.0 a
9120.0 8984.0 224.0 64.0 mas

7264.0 9072.0 468.0 108.0 meeting
7832.0 9080.0 108.0 88.0 of
8048.0 9080.0 332.0 92.0 union
8488.0 9108.0 228.0 80.0 men
8828.0 9088.0 340.0 96.0 would
9284.0 9092.0 116.0 92.0 be

7260.0 9204.0 236.0 96.0 held
7668.0 9212.0 420.0 116.0 Sunday
8264.0 9224.0 292.0 84.0 three
8688.0 9224.0 240.0 96.0 mile
9124.0 9236.0 276.0 88.0 from

7260.0 9348.0 660.0 92.0 Johnstown.

7380.0 9484.0 180.0 88.0 "W
7740.0 9496.0 272.0 88.0 want
8132.0 9496.0 112.0 84.0 to
8408.0 9496.0 224.0 92.0 how
8740.0 9500.0 180.0 88.0 the
9036.0 9508.0 356.0 92.0 iiBtlon

7264.0 9620.0 476.0 96.0 whether
7852.0 9652.0 152.0 60.0 we
8120.0 9652.0 200.0 72.0 ran
8440.0 9640.0 168.0 100.0 get
8720.0 9636.0 328.0 100.0 40,(H0
9160.0 9660.0 236.0 76.0 nun

7268.0 9756.0 220.0 88.0 Into
7552.0 9760.0 628.0 96.0 Johnstown
8264.0 9796.0 116.0 68.0 or
8452.0 9768.0 264.0 104.0 not,"
8792.0 9772.0 316.0 92.0 Murk
9188.0 9772.0 208.0 96.0 told

7264.0 9912.0 288.0 88.0 repot
7588.0 9908.0 236.0 80.0 ters.

7376.0 10032.0 432.0 104.0 F.nrller,
7952.0 10032.0 308.0 92.0 Mark
8404.0 10040.0 320.0 92.0 asked
8864.0 10048.0 548.0 92.0 Governor

7252.0 10164.0 408.0 108.0 George
7716.0 10156.0 140.0 100.0 11.
7944.0 10172.0 320.0 88.0 ICarlo
8348.0 10176.0 156.0 84.0 tor
8584.0 10180.0 644.0 96.0 restoration
9296.0 10184.0 112.0 88.0 of

7252.0 10304.0 428.0 92.0 martial
7764.0 10304.0 216.0 92.0 law.
8132.0 10312.0 256.0 88.0 This
8472.0 10316.0 480.0 92.0 followed
9044.0 10320.0 368.0 112.0 Mayor

7256.0 10436.0 372.0 92.0 Daniel
7696.0 10444.0 84.0 88.0 J.
7848.0 10444.0 452.0 88.0 Shields'
8420.0 10452.0 348.0 88.0 action
8840.0 10452.0 104.0 88.0 in
9016.0 10452.0 392.0 112.0 having

7252.0 10572.0 336.0 112.0 police
7672.0 10576.0 296.0 108.0 bring
8048.0 10580.0 220.0 92.0 two
8340.0 10584.0 332.0 88.0 strike
8752.0 10584.0 416.0 92.0 leaders
9252.0 10588.0 120.0 88.0 be-

7260.0 10704.0 224.0 92.0 fore
7572.0 10732.0 60.0 64.0 a
7724.0 10712.0 388.0 104.0 special
8264.0 10716.0 336.0 92.0 esslon
8696.0 10720.0 116.0 88.0 of
8900.0 10720.0 180.0 88.0 the
9172.0 10724.0 228.0 112.0 City

7248.0 10848.0 468.0 100.0 Council,
7788.0 10852.0 352.0 88.0 where
8228.0 10856.0 124.0 88.0 he
8432.0 10856.0 420.0 92.0 warned
8932.0 10860.0 296.0 92.0 them
9308.0 10868.0 104.0 84.0 lo

7252.0 10980.0 296.0 92.0 leave
7656.0 10984.0 444.0 92.0 because
8208.0 10992.0 216.0 108.0 city
8528.0 10992.0 404.0 88.0 official
9104.0 10996.0 300.0 92.0 could

7260.0 11124.0 164.0 80.0 not
7520.0 11120.0 116.0 88.0 be
7712.0 11124.0 656.0 108.0 responsible
8444.0 11124.0 160.0 92.0 for
8676.0 11132.0 280.0 88.0 their
9028.0 11132.0 380.0 108.0 safety.

7260.0 11256.0 304.0 84.0 Mink
7656.0 11276.0 152.0 68.0 wa
7956.0 11280.0 232.0 64.0 one.
8340.0 11264.0 292.0 84.0 State
8720.0 11264.0 336.0 108.0 police
9152.0 11268.0 264.0 88.0 later

7256.0 11388.0 424.0 88.0 refused
7752.0 11392.0 208.0 92.0 hint
8036.0 11416.0 68.0 68.0 a
8176.0 11388.0 636.0 116.0 bodyguard.

7668.0 11556.0 496.0 92.0 I'Oi.ICK
8260.0 11556.0 268.0 92.0 HAP
8620.0 11564.0 396.0 88.0 KKDS.

7368.0 11716.0 124.0 96.0 In
7628.0 11720.0 740.0 112.0 Washington,
8492.0 11724.0 464.0 112.0 Chicago
9088.0 11732.0 328.0 108.0 police

7252.0 11856.0 228.0 88.0 said
7556.0 11852.0 232.0 96.0 that
7860.0 11864.0 412.0 84.0 certain
8352.0 11864.0 388.0 88.0 radical
8876.0 11868.0 336.0 88.0 would
9292.0 11868.0 120.0 92.0 be

7256.0 11988.0 264.0 88.0 tried
7628.0 12016.0 124.0 64.0 on
7856.0 11996.0 456.0 104.0 charges
8408.0 12000.0 112.0 88.0 of
8616.0 11996.0 524.0 116.0 inspiring
9240.0 12008.0 172.0 88.0 the

7264.0 12124.0 540.0 92.0 Memorial
7888.0 12128.0 232.0 112.0 Day
8212.0 12132.0 184.0 88.0 riot
8488.0 12132.0 104.0 88.0 nt
8672.0 12136.0 180.0 88.0 the
8932.0 12136.0 296.0 108.0 plant
9304.0 12144.0 112.0 84.0 of

7252.0 12260.0 180.0 84.0 the
7524.0 12260.0 504.0 112.0 Republic
8116.0 12268.0 276.0 84.0 Steel
8472.0 12264.0 572.0 116.0 Company.

7372.0 12388.0 228.0 92.0 One
7708.0 12396.0 280.0 88.0 after
8100.0 12400.0 476.0 100.0 another,
8696.0 12404.0 464.0 108.0 ranking
9260.0 12412.0 112.0 88.0 of-

7256.0 12528.0 320.0 92.0 ficers
7660.0 12532.0 112.0 88.0 of
7848.0 12536.0 180.0 88.0 the
8116.0 12536.0 292.0 88.0 force
8492.0 12540.0 464.0 88.0 testified
9048.0 12544.0 360.0 92.0 hefo.e

7256.0 12664.0 172.0 88.0 the
7508.0 12668.0 380.0 92.0 Senate
7964.0 12672.0 272.0 88.0 Civil
8320.0 12668.0 508.0 96.0 Liberties
8908.0 12680.0 448.0 92.0 Commit-

7256.0 12808.0 160.0 84.0 tee
7516.0 12804.0 216.0 92.0 that
7836.0 12808.0 96.0 88.0 In
8024.0 12812.0 284.0 88.0 their
8392.0 12816.0 420.0 104.0 opinion
8904.0 12820.0 184.0 84.0 the
9176.0 12844.0 188.0 64.0 con-

7256.0 12940.0 244.0 92.0 duct
7572.0 12944.0 116.0 88.0 of
7752.0 12944.0 172.0 88.0 the
7996.0 12948.0 340.0 108.0 police
8404.0 12948.0 96.0 92.0 In
8564.0 12952.0 180.0 88.0 the
8808.0 12956.0 340.0 88.0 strike
9208.0 12960.0 160.0 88.0 dis-

7256.0 13080.0 508.0 92.0 turbance
7864.0 13104.0 220.0 68.0 was
8192.0 13084.0 248.0 96.0 both
8540.0 13112.0 568.0 96.0 necessary
9200.0 13096.0 204.0 92.0 and

7256.0 13216.0 448.0 120.0 entirely
7776.0 13220.0 520.0 108.0 justified.

7368.0 13352.0 656.0 96.0 Confronted
8124.0 13360.0 256.0 92.0 with
8480.0 13384.0 60.0 68.0 a
8632.0 13372.0 476.0 84.0 coroner'
9260.0 13396.0 108.0 68.0 re-

7260.0 13496.0 224.0 100.0 port
7564.0 13496.0 224.0 88.0 that
7856.0 13520.0 328.0 68.0 seven
8248.0 13496.0 116.0 92.0 of
8424.0 13500.0 172.0 92.0 ten
8668.0 13528.0 444.0 88.0 persons
9172.0 13512.0 236.0 88.0 who

7256.0 13628.0 236.0 88.0 died
7564.0 13628.0 192.0 96.0 had
7828.0 13628.0 332.0 96.0 bullet
8224.0 13640.0 364.0 88.0 wound
8720.0 13644.0 104.0 88.0 In
8888.0 13644.0 188.0 88.0 the
9144.0 13644.0 264.0 96.0 back

7256.0 13768.0 204.0 84.0 and
7540.0 13768.0 172.0 84.0 the
7784.0 13772.0 316.0 88.0 other
8172.0 13776.0 296.0 88.0 three
8540.0 13776.0 436.0 88.0 wounds
9060.0 13776.0 100.0 92.0 In
9236.0 13784.0 176.0 88.0 the

7256.0 13900.0 248.0 104.0 side,
7616.0 13904.0 244.0 108.0 they
7968.0 13908.0 316.0 92.0 stuck
8404.0 13916.0 104.0 84.0 to
8616.0 13940.0 56.0 64.0 a
8784.0 13920.0 616.0 88.0 contention

7260.0 14040.0 232.0 88.0 that
7564.0 14036.0 176.0 96.0 but
7804.0 14044.0 164.0 88.0 for
8040.0 14048.0 184.0 84.0 the
8296.0 14048.0 324.0 112.0 police
8684.0 14048.0 360.0 96.0 action
9116.0 14056.0 292.0 92.0 there

7264.0 14176.0 336.0 88.0 would
7668.0 14180.0 264.0 92.0 have
8000.0 14180.0 268.0 92.0 been
8340.0 14212.0 60.0 64.0 a
8468.0 14184.0 208.0 92.0 loss
8744.0 14184.0 112.0 92.0 of
8924.0 14188.0 184.0 88.0 life
9172.0 14208.0 196.0 76.0 run-

7256.0 14312.0 252.0 112.0 ning
7580.0 14320.0 212.0 84.0 in'.o
7856.0 14316.0 188.0 92.0 tha
8116.0 14316.0 560.0 96.0 luiiul.eds.
9356.0 14376.0 20.0 28.0 ,

7372.0 14452.0 452.0 104.0 Cnplnln
7916.0 14452.0 376.0 96.0 James
8384.0 14456.0 100.0 92.0 L
8580.0 14456.0 504.0 128.0 Mootiey,,
9156.0 14464.0 260.0 132.0 griz-

7316.0 14616.0 152.0 56.0 icu
7584.0 14616.0 428.0 64.0 veteran
8128.0 14616.0 116.0 64.0 or
8348.0 14616.0 108.0 64.0 u
8560.0 14620.0 256.0 84.0 year
8976.0 14616.0 136.0 80.0 Wi
9224.0 14616.0 180.0 76.0 the

7260.0 14724.0 308.0 96.0 force,
7644.0 14724.0 236.0 88.0 who
7948.0 14752.0 224.0 64.0 w.ns
8248.0 14728.0 96.0 92.0 In
8424.0 14728.0 388.0 116.0 charge
8888.0 14736.0 116.0 92.0 of
9076.0 14740.0 332.0 108.0 police

7256.0 14864.0 96.0 80.0 at
7448.0 14860.0 172.0 84.0 the
7696.0 14884.0 308.0 64.0 scene
8080.0 14864.0 120.0 92.0 of
8276.0 14872.0 172.0 84.0 the
8520.0 14872.0 228.0 100.0 riot,
8832.0 14868.0 416.0 100.0 blamed
9332.0 14880.0 68.0 88.0 it

7256.0 14992.0 132.0 88.0 all
7468.0 15020.0 132.0 68.0 on
7672.0 15000.0 348.0 92.0 "Reds
8092.0 15004.0 212.0 92.0 and
8380.0 15008.0 728.0 104.0 Communists
9172.0 15016.0 240.0 88.0 who

7256.0 15132.0 308.0 88.0 make
7716.0 15160.0 64.0 64.0 a
7928.0 15144.0 460.0 104.0 pastime
8544.0 15148.0 112.0 88.0 of
8808.0 15152.0 600.0 112.0 assaulting

7252.0 15264.0 420.0 108.0 police."
7732.0 15272.0 156.0 92.0 He
7948.0 15276.0 232.0 88.0 said
8252.0 15280.0 244.0 116.0 they
8556.0 15304.0 272.0 72.0 were
8892.0 15292.0 244.0 108.0 paid
9196.0 15296.0 204.0 92.0 and

7252.0 15400.0 576.0 104.0 Instructed
7912.0 15412.0 136.0 108.0 by
8128.0 15412.0 476.0 100.0 Moscow.

7372.0 15544.0 244.0 88.0 "Wa
7780.0 15548.0 304.0 92.0 there
8184.0 15576.0 408.0 92.0 anyone
8692.0 15556.0 100.0 88.0 In
8892.0 15556.0 160.0 92.0 thl
9204.0 15560.0 164.0 96.0 dis-

7248.0 15680.0 508.0 92.0 turbance
7908.0 15688.0 248.0 92.0 that
8304.0 15716.0 212.0 64.0 waa
8668.0 15692.0 100.0 96.0 In
8928.0 15696.0 380.0 96.0 Russia

7252.0 15816.0 336.0 112.0 pay?"
7688.0 15824.0 480.0 108.0 Inquired
8272.0 15828.0 448.0 96.0 Senator
8812.0 15832.0 380.0 100.0 Elbert
9280.0 15844.0 124.0 92.0 D.

7248.0 15952.0 488.0 104.0 Thomas,
7820.0 15956.0 600.0 112.0 Democrat,
8488.0 15968.0 308.0 92.0 Utah.

7368.0 16092.0 108.0 88.0 "I
7540.0 16096.0 484.0 96.0 wouldn't
8096.0 16092.0 132.0 96.0 be
8288.0 16100.0 628.0 116.0 surprised."
8960.0 16108.0 452.0 120.0 Mooney

7248.0 16232.0 572.0 100.0 answered,
7864.0 16236.0 404.0 116.0 adding
8332.0 16240.0 300.0 96.0 late.:
8712.0 16244.0 356.0 116.0 "They
9128.0 16256.0 276.0 92.0 must

7260.0 16360.0 264.0 96.0 have
7604.0 16368.0 344.0 92.0 been."

7380.0 16504.0 472.0 92.0 Another
7940.0 16516.0 304.0 84.0 court
8348.0 16512.0 272.0 92.0 Issue
8712.0 16516.0 488.0 104.0 Involved
9292.0 16520.0 104.0 96.0 In

7200.0 16640.0 12.0 124.0 I
7260.0 16636.0 176.0 84.0 Hie
7504.0 16652.0 652.0 80.0 seven-state
8220.0 16652.0 256.0 88.0 ati-lk
8616.0 16660.0 536.0 104.0 appeared
9220.0 16664.0 184.0 88.0 Im-

7264.0 16808.0 396.0 56.0 i.iinviu
7744.0 16808.0 300.0 60.0 wnen
8144.0 16808.0 196.0 60.0 iee
8428.0 16808.0 596.0 88.0 i'reKman,
9104.0 16808.0 276.0 84.0 Com-

7264.0 16912.0 356.0 84.0 mittee
7700.0 16908.0 200.0 92.0 For
7976.0 16912.0 584.0 100.0 Industrial
8636.0 16928.0 760.0 104.0 Organization
9508.0 16884.0 464.0 92.0 t-tlftpd
10048.0 16888.0 232.0 92.0 that
10348.0 16892.0 96.0 100.0 In
10516.0 16896.0 160.0 92.0 his
10740.0 16904.0 424.0 104.0 opinion
11228.0 16928.0 56.0 64.0 a
11356.0 16912.0 232.0 80.0 writ-

7256.0 17048.0 456.0 100.0 tounsel,
7848.0 17056.0 636.0 88.0 announced
8624.0 17056.0 128.0 92.0 he
8904.0 17064.0 204.0 88.0 had
9248.0 17092.0 152.0 64.0 re-
9460.0 17052.0 12.0 124.0 i
9508.0 17020.0 172.0 84.0 ,,n
9740.0 17028.0 480.0 92.0 contract
10284.0 17048.0 212.0 68.0 was
10560.0 17032.0 732.0 92.0 fundamental
11352.0 17044.0 296.0 84.0 after

7260.0 17180.0 356.0 88.0 eelved
7704.0 17208.0 60.0 64.0 a
7848.0 17188.0 520.0 108.0 telegram
8460.0 17192.0 268.0 92.0 from
8816.0 17200.0 228.0 88.0 Gus
9132.0 17200.0 268.0 108.0 Hall,
9460.0 17180.0 12.0 112.0 I
9536.0 17152.0 1080.0 124.0 ,,"Pl"'r-eiiiployee
10740.0 17168.0 540.0 88.0 collective
11412.0 17168.0 172.0 92.0 bu-

7260.0 17320.0 80.0 76.0 st
7376.0 17316.0 220.0 84.0 like
7668.0 17316.0 384.0 104.0 leader,
8124.0 17348.0 368.0 88.0 saving
8568.0 17328.0 124.0 88.0 he
8764.0 17336.0 348.0 88.0 would
9180.0 17360.0 224.0 68.0 aur-
9508.0 17292.0 432.0 168.0 K"jillnK
10044.0 17292.0 204.0 92.0 had
10352.0 17300.0 320.0 88.0 taken
10784.0 17304.0 312.0 108.0 place,

7264.0 17448.0 376.0 88.0 render
7720.0 17460.0 104.0 84.0 to
7912.0 17456.0 476.0 104.0 Warren,
8472.0 17464.0 296.0 100.0 Ohio,
8852.0 17468.0 336.0 108.0 police
9268.0 17500.0 132.0 64.0 on
9460.0 17408.0 12.0 164.0 !
9628.0 17420.0 424.0 92.0 "T,,'m"
10184.0 17432.0 408.0 88.0 arrived
10728.0 17444.0 116.0 84.0 at
10984.0 17440.0 324.0 92.0 (after
11440.0 17440.0 160.0 92.0 col-

7260.0 17584.0 444.0 108.0 chargvs
7764.0 17592.0 224.0 88.0 that
8064.0 17592.0 128.0 92.0 he
8252.0 17616.0 208.0 68.0 was
8516.0 17600.0 180.0 88.0 the
8748.0 17600.0 488.0 92.0 "brains"
9292.0 17612.0 116.0 88.0 of
9460.0 17576.0 8.0 108.0 i
9516.0 17556.0 296.0 88.0 lrctlv
10008.0 17556.0 668.0 120.0 bargaining)
10812.0 17592.0 184.0 68.0 are
11108.0 17580.0 536.0 96.0 naturally

7260.0 17740.0 64.0 68.0 a
7376.0 17724.0 536.0 100.0 dynamite
7976.0 17736.0 348.0 80.0 tenor
8376.0 17736.0 624.0 116.0 conspiracy
9056.0 17744.0 344.0 96.0 aimed

7264.0 17872.0 108.0 72.0 ai
7452.0 17872.0 512.0 92.0 j-tepuhllc
8044.0 17872.0 308.0 84.0 .Steel.

7612.0 18020.0 76.0 92.0 T
7728.0 18024.0 236.0 100.0 UT
8032.0 18032.0 360.0 88.0 GOi:S
8456.0 18036.0 612.0 104.0 AHKOAII.

7404.0 18184.0 632.0 100.0 Meanwhile
8148.0 18196.0 436.0 96.0 Charles
8696.0 18204.0 108.0 92.0 P.
8920.0 18208.0 248.0 92.0 Taft
9288.0 18212.0 136.0 100.0 IT.

7280.0 18316.0 572.0 100.0 Chairman
7928.0 18328.0 124.0 92.0 of
8132.0 18332.0 536.0 104.0 President
8764.0 18340.0 656.0 96.0 Roosevelt's

7288.0 18452.0 432.0 100.0 Federal
7792.0 18460.0 580.0 100.0 Mediation
8444.0 18472.0 372.0 108.0 Board,
8880.0 18480.0 328.0 92.0 sailed
9260.0 18484.0 160.0 92.0 for

7280.0 18584.0 440.0 116.0 Europe.

7388.0 18728.0 528.0 104.0 Although
8084.0 18732.0 552.0 108.0 Secretary
8796.0 18740.0 112.0 92.0 of
9064.0 18740.0 344.0 100.0 Labor

7264.0 18856.0 456.0 96.0 Frances
7800.0 18864.0 452.0 92.0 Perkins
8320.0 18868.0 188.0 92.0 has
8568.0 18872.0 532.0 116.0 officially
9164.0 18904.0 240.0 68.0 con-

7260.0 18996.0 316.0 88.0 ceded
7664.0 19000.0 228.0 88.0 that
7980.0 19000.0 188.0 88.0 the
8252.0 19000.0 408.0 100.0 board's
8748.0 19024.0 612.0 92.0 peace-seek

7268.0 19136.0 172.0 104.0 Ing
7536.0 19136.0 384.0 84.0 efforts
8020.0 19136.0 268.0 96.0 have
8384.0 19144.0 680.0 108.0 "collapsed,"
9152.0 19148.0 248.0 92.0 Taft

7260.0 19264.0 224.0 80.0 said
7576.0 19268.0 168.0 76.0 the
7832.0 19264.0 332.0 80.0 bonrri
8256.0 19296.0 80.0 48.0 u-
8552.0 19280.0 168.0 64.0 n.u
8816.0 19276.0 580.0 68.0 Hi.hnvi.,i

7212.0 19344.0 8.0 164.0 j
7264.0 19396.0 204.0 88.0 and
7588.0 19400.0 228.0 88.0 that
7932.0 19400.0 136.0 88.0 he
8184.0 19408.0 336.0 92.0 would
8636.0 19420.0 368.0 84.0 return
9120.0 19420.0 280.0 88.0 from

7272.0 19880.0 744.0 376.0 Judge
8168.0 19888.0 288.0 304.0 To
8616.0 19896.0 536.0 312.0 Give
9296.0 19912.0 832.0 384.0 Ruling
10288.0 19928.0 744.0 384.0 Today

7896.0 20304.0 344.0 312.0 On
8360.0 20320.0 1184.0 376.0 Recalling
9672.0 20336.0 336.0 304.0 Of
10112.0 20352.0 560.0 304.0 Ohio
10816.0 20368.0 776.0 384.0 Troopi

7376.0 20880.0 600.0 112.0 Columbus,
8048.0 20892.0 300.0 108.0 Ohio,
8412.0 20888.0 272.0 100.0 June
8752.0 20896.0 120.0 92.0 30
9008.0 20904.0 268.0 96.0 (AP)
7256.0 20960.0 2152.0 184.0 -The

7572.0 21068.0 272.0 80.0 state
7948.0 21064.0 272.0 92.0 fired
8316.0 21068.0 292.0 88.0 three
8708.0 21068.0 276.0 112.0 legal
9080.0 21072.0 328.0 96.0 blasts

7256.0 21224.0 212.0 92.0 late
7552.0 21228.0 312.0 108.0 today
7952.0 21232.0 108.0 92.0 In
8148.0 21232.0 132.0 88.0 its
8364.0 21236.0 324.0 88.0 effort
8772.0 21240.0 108.0 88.0 to
8972.0 21252.0 424.0 84.0 prevent

7260.0 21392.0 432.0 112.0 hearing
7760.0 21400.0 100.0 88.0 in
7936.0 21400.0 440.0 96.0 Federal
8444.0 21408.0 324.0 92.0 Court
8836.0 21416.0 564.0 88.0 tomorrow

7504.0 21568.0 64.0 40.0 ,.
8168.0 21576.0 104.0 32.0 ..
8516.0 21580.0 80.0 28.0 .,
8824.0 21576.0 40.0 32.0 ,
8988.0 21580.0 28.0 28.0 ,
9448.0 21496.0 16.0 68.0 1

7264.0 21588.0 128.0 60.0 on
7504.0 21568.0 164.0 84.0 the
7772.0 21576.0 636.0 84.0 Committee
8512.0 21576.0 208.0 92.0 For
8820.0 21576.0 576.0 100.0 Industrial

7264.0 21732.0 848.0 100.0 Organization's
8180.0 21748.0 192.0 84.0 suit
8448.0 21748.0 100.0 84.0 to
8616.0 21748.0 356.0 108.0 enjoin
9044.0 21772.0 176.0 72.0 use
9288.0 21760.0 112.0 84.0 of
9448.0 21780.0 8.0 128.0 j

7264.0 21904.0 356.0 104.0 troops
7716.0 21904.0 96.0 88.0 in
7920.0 21904.0 360.0 92.0 Ohio's
8372.0 21912.0 676.0 96.0 strike-beset
9140.0 21924.0 316.0 84.0 steel;

7264.0 22076.0 372.0 88.0 sector.

7408.0 22244.0 496.0 108.0 Attorney
7928.0 22244.0 480.0 92.0 -General
8468.0 22248.0 468.0 100.0 Herbert
8996.0 22256.0 88.0 88.0 S.
9144.0 22256.0 216.0 96.0 Duf

7288.0 22408.0 112.0 116.0 fy
7532.0 22416.0 220.0 84.0 sent
7892.0 22412.0 100.0 88.0 hi
8184.0 22424.0 360.0 100.0 expert
8668.0 22416.0 276.0 116.0 legal
9072.0 22428.0 324.0 96.0 talent

7276.0 22588.0 220.0 80.0 into
7592.0 22576.0 440.0 96.0 Federal
8128.0 22580.0 320.0 96.0 Court
8536.0 22592.0 592.0 116.0 contesting
9220.0 22600.0 176.0 92.0 the

7268.0 22740.0 668.0 112.0 jurisdiction
8028.0 22744.0 116.0 92.0 of
8224.0 22752.0 432.0 92.0 Federal
8736.0 22756.0 344.0 112.0 Judge
9164.0 22764.0 236.0 100.0 Well

7268.0 22908.0 120.0 100.0 G.
7456.0 22908.0 660.0 96.0 Underwood
8188.0 22920.0 104.0 88.0 to
8356.0 22924.0 480.0 88.0 consider
8900.0 22928.0 176.0 88.0 the
9140.0 22940.0 252.0 104.0 suit;

7280.0 23076.0 432.0 124.0 seeking
7828.0 23080.0 536.0 100.0 dismissal
8480.0 23096.0 120.0 88.0 of
8708.0 23092.0 180.0 92.0 the
9012.0 23104.0 388.0 104.0 action;

7276.0 23248.0 208.0 92.0 and
7600.0 23248.0 388.0 112.0 asking
8108.0 23252.0 160.0 92.0 for
8384.0 23260.0 796.0 112.0 postponement
9292.0 23272.0 120.0 92.0 of

7276.0 23416.0 180.0 92.0 the
7524.0 23420.0 472.0 112.0 hearing.

7396.0 23584.0 336.0 108.0 Judge
7812.0 23588.0 660.0 96.0 Underwood
8552.0 23596.0 228.0 88.0 said
8864.0 23596.0 132.0 92.0 he
9072.0 23604.0 336.0 92.0 would

7276.0 23756.0 228.0 88.0 rule
7592.0 23780.0 128.0 68.0 on
7820.0 23756.0 184.0 92.0 the
8104.0 23764.0 228.0 88.0 first
8428.0 23768.0 212.0 84.0 two
8732.0 23768.0 452.0 96.0 motions
9276.0 23772.0 132.0 104.0 by

7272.0 24112.0 352.0 72.0 action
7704.0 24120.0 128.0 64.0 on
7920.0 24112.0 184.0 76.0 the
8184.0 24112.0 276.0 80.0 third
8540.0 24112.0 204.0 76.0 will
8832.0 24112.0 124.0 80.0 be
9036.0 24112.0 376.0 104.0 guided

7224.0 24212.0 12.0 28.0 1

7276.0 24264.0 132.0 112.0 by
7476.0 24264.0 520.0 88.0 decisions
8060.0 24288.0 132.0 64.0 on
8260.0 24264.0 172.0 92.0 the
8496.0 24256.0 388.0 104.0 olhers.

7416.0 24432.0 56.0 64.0 A
7620.0 24432.0 56.0 64.0 K
7832.0 24432.0 364.0 64.0 rVVrtit
8332.0 24436.0 188.0 60.0 tire
8672.0 24460.0 56.0 36.0 b
8752.0 24464.0 96.0 32.0 c:
8876.0 24468.0 12.0 28.0 .
8968.0 24448.0 24.0 48.0 t
9156.0 24448.0 32.0 48.0 f
9352.0 24468.0 56.0 28.0 A

7836.0 24496.0 84.0 28.0 v
8176.0 24496.0 20.0 28.0 '
9308.0 24496.0 100.0 36.0 iu

7324.0 24600.0 28.0 20.0 -
7352.0 24600.0 264.0 56.0 ,,,,,,,
8056.0 24612.0 140.0 44.0 (i..
8560.0 24604.0 320.0 52.0 ,.,..
9016.0 24604.0 224.0 52.0 ,..,

7556.0 24656.0 92.0 60.0 "
7860.0 24656.0 452.0 44.0 "--"""

7280.0 24772.0 288.0 84.0 wood
7776.0 24772.0 700.0 92.0 iuridictlon.
8584.0 24776.0 652.0 88.0 contending
9348.0 24804.0 64.0 60.0 a

7228.0 24932.0 8.0 100.0 I
7280.0 24936.0 688.0 116.0 three-Judge
8052.0 24948.0 304.0 84.0 court
8432.0 24948.0 376.0 92.0 should
8892.0 24948.0 260.0 88.0 hear
9232.0 24948.0 180.0 92.0 the

7224.0 25056.0 12.0 136.0 j
7956.0 25116.0 552.0 76.0 ,,.lim.nf
8604.0 25132.0 228.0 60.0 w.,
8920.0 25116.0 480.0 76.0 rti.1lteH

7280.0 25128.0 272.0 68.0 case.
7664.0 25108.0 200.0 92.0 Hia
7956.0 25116.0 556.0 104.0 argument
8604.0 25132.0 160.0 68.0 wa
8920.0 25116.0 484.0 108.0 disputed
9656.0 25096.0 800.0 68.0 memoranuum
10532.0 25096.0 312.0 76.0 tnere
10916.0 25100.0 208.0 68.0 was
11208.0 25100.0 140.0 68.0 no
11424.0 25108.0 216.0 68.0 rea-

7280.0 25272.0 132.0 112.0 by
7488.0 25272.0 644.0 116.0 Carrlngton
8204.0 25276.0 108.0 100.0 T.
8392.0 25284.0 544.0 104.0 Marshall,
9012.0 25280.0 392.0 100.0 former
9460.0 25268.0 12.0 140.0 j
9760.0 25208.0 736.0 204.0 'ZTZ?"
10880.0 25220.0 600.0 192.0 Bl",US1qU0
11604.0 25224.0 44.0 188.0 J

7280.0 25412.0 272.0 76.0 Ohio
7656.0 25416.0 316.0 72.0 Thief
8104.0 25420.0 380.0 68.0 lu.n,..
8620.0 25424.0 212.0 64.0 ,j
8960.0 25416.0 308.0 72.0 w..
9816.0 25360.0 284.0 80.0 cae-
10212.0 25344.0 356.0 96.0 More
10684.0 25352.0 184.0 88.0 the
10976.0 25348.0 448.0 116.0 hearing
11532.0 25364.0 116.0 88.0 of

7280.0 25548.0 328.0 80.0 Urt
7764.0 25556.0 84.0 72.0 r
7884.0 25424.0 112.0 204.0 I
8536.0 25556.0 44.0 72.0 f
8656.0 25584.0 48.0 44.0 r
8832.0 25556.0 360.0 72.0 tn,i
9380.0 25568.0 32.0 60.0 ,
9512.0 25492.0 568.0 84.0 ,rumel,t
10180.0 25504.0 124.0 68.0 on
10404.0 25488.0 112.0 88.0 ,h
10692.0 25480.0 248.0 96.0 to"
11196.0 25468.0 496.0 132.0 Petition'

7284.0 25548.0 144.0 208.0 IT,
7620.0 25620.0 276.0 136.0 'ii
8828.0 25556.0 644.0 156.0 lnduMr,alJ
9520.0 25612.0 164.0 92.0 for
9736.0 25636.0 64.0 72.0 a
9856.0 25628.0 616.0 100.0 permanent
10532.0 25624.0 320.0 92.0 order
10908.0 25624.0 104.0 92.0 in
11064.0 25624.0 176.0 92.0 the
11300.0 25628.0 228.0 96.0 fall.
11680.0 25592.0 12.0 116.0 I

7404.0 25712.0 212.0 180.0 Thl
7680.0 25852.0 96.0 40.0 m
7860.0 25836.0 80.0 56.0 (i
7976.0 25716.0 68.0 176.0 ?
8120.0 25704.0 568.0 100.0 attorney.
9976.0 25744.0 384.0 100.0 Nntion
10612.0 25756.0 344.0 96.0 Ijlhor
11088.0 25760.0 548.0 100.0 R(.laUons

7404.0 25824.0 212.0 92.0 Th.
7680.0 25836.0 408.0 88.0 motion
8156.0 25840.0 108.0 84.0 to
8328.0 25836.0 424.0 88.0 dismiss
8820.0 25836.0 580.0 96.0 contended
9464.0 25880.0 388.0 96.0 ,KoRrd
9936.0 25884.0 208.0 92.0 haJ
10220.0 25892.0 356.0 88.0 moved
10660.0 25896.0 172.0 88.0 for
10900.0 25920.0 60.0 68.0 ,
11032.0 25900.0 36.0 88.0 t

7288.0 25964.0 224.0 92.0 that
7600.0 25968.0 176.0 84.0 the
7856.0 25972.0 636.0 88.0 Committee
8580.0 25976.0 168.0 88.0 for
8832.0 25972.0 572.0 100.0 Industrial
9464.0 26020.0 344.0 120.0 jorilpr
9888.0 26028.0 640.0 112.0 re(ltrRinjng
10608.0 26028.0 632.0 108.0 Romlngton
11328.0 26032.0 304.0 96.0 Rand

7232.0 26284.0 16.0 104.0 ;
7284.0 26240.0 544.0 104.0 sufficient
7892.0 26252.0 176.0 88.0 for
8116.0 26252.0 368.0 84.0 "cause
8536.0 26252.0 120.0 92.0 of
8704.0 26248.0 448.0 100.0 action.-
9200.0 26264.0 212.0 88.0 and

7292.0 26376.0 224.0 88.0 that
7640.0 26380.0 64.0 88.0 it
7840.0 26384.0 212.0 92.0 had
8180.0 26388.0 188.0 88.0 "no
8492.0 26388.0 264.0 104.0 legal
8888.0 26392.0 284.0 104.0 right
9292.0 26416.0 112.0 68.0 ot

7232.0 26484.0 12.0 112.0 !
7284.0 26528.0 476.0 104.0 capacity
7828.0 26524.0 120.0 80.0 to
8076.0 26548.0 148.0 60.0 ue.

7412.0 26648.0 816.0 112.0 Postponement
8292.0 26664.0 108.0 88.0 of
8456.0 26664.0 176.0 88.0 the
8692.0 26668.0 440.0 104.0 hearing
9192.0 26692.0 216.0 68.0 was

7732.0 26840.0 136.0 40.0 ,'"
7956.0 26840.0 176.0 44.0 l"r
8208.0 26840.0 316.0 56.0 ''"""
8784.0 26840.0 380.0 48.0 "'""'
9352.0 26840.0 56.0 56.0 o

7224.0 26940.0 16.0 44.0 i
7288.0 26924.0 124.0 60.0 hi
7480.0 26952.0 104.0 32.0 r.
7872.0 26928.0 140.0 56.0 K,
8132.0 26932.0 456.0 52.0 hA...

7232.0 27316.0 8.0 40.0 '
7288.0 27332.0 272.0 92.0 their
7636.0 27348.0 604.0 88.0 testimony.

7228.0 27436.0 16.0 84.0 i
7400.0 27472.0 348.0 52.0 rt-v-ii
8244.0 27480.0 72.0 44.0 ..
8792.0 27488.0 16.0 32.0 :
9312.0 27496.0 28.0 24.0 .

7232.0 27296.0 8.0 48.0 ;
7484.0 27340.0 8.0 8.0 .
8876.0 27288.0 32.0 16.0 -

7728.0 27520.0 52.0 52.0 ''
7860.0 27520.0 596.0 68.0 "Mue.uiin
8528.0 27520.0 712.0 56.0 i-ominuame
9312.0 27520.0 108.0 60.0 io

7284.0 27628.0 64.0 64.0 a
7468.0 27612.0 648.0 88.0 'reasonable
8200.0 27612.0 236.0 88.0 date
8476.0 27616.0 20.0 32.0 '
8588.0 27620.0 236.0 92.0 aald
8912.0 27644.0 52.0 64.0 a
9060.0 27628.0 356.0 100.0 "great

7276.0 27752.0 212.0 80.0 and
7552.0 27752.0 604.0 108.0 dangeious
8220.0 27752.0 596.0 92.0 condition'
8892.0 27756.0 336.0 108.0 might
9296.0 27760.0 124.0 96.0 be

9784.0 1824.0 1008.0 608.0 Revi

10128.0 2096.0 1384.0 352.0 eview

11344.0 2828.0 704.0 128.0 FOKKIG.N

9880.0 3020.0 480.0 96.0 TOKYO
10488.0 3028.0 452.0 96.0 Russian
11044.0 3032.0 460.0 112.0 gunboat
11604.0 3032.0 316.0 112.0 aunk,
12012.0 3036.0 452.0 96.0 another
12568.0 3028.0 492.0 112.0 disabled,
13156.0 3032.0 212.0 96.0 and
13468.0 3020.0 284.0 104.0 third

9644.0 3160.0 352.0 96.0 forced
10064.0 3168.0 112.0 88.0 to
10244.0 3160.0 236.0 108.0 flee,
10544.0 3164.0 528.0 116.0 Japanese
11144.0 3168.0 344.0 112.0 report
11556.0 3172.0 296.0 92.0 after
11912.0 3172.0 288.0 92.0 clairt
12268.0 3176.0 116.0 88.0 of
12456.0 3168.0 460.0 96.0 Russian
12980.0 3172.0 316.0 92.0 naval
13368.0 3164.0 324.0 96.0 vessel

9640.0 3304.0 204.0 88.0 and
9908.0 3296.0 1464.0 112.0 Japanee-Manchoukuoan
11432.0 3308.0 512.0 108.0 artillery.
12072.0 3304.0 460.0 108.0 (Berlin)
12672.0 3308.0 716.0 92.0 Government
13452.0 3304.0 244.0 92.0 take

9640.0 3432.0 384.0 108.0 charge
10084.0 3432.0 116.0 96.0 of
10264.0 3436.0 428.0 92.0 finance
10808.0 3444.0 124.0 88.0 of
10984.0 3440.0 460.0 92.0 German
11512.0 3436.0 616.0 100.0 Proletant
12196.0 3444.0 552.0 92.0 churche.
12884.0 3436.0 400.0 104.0 (I'arla)
13424.0 3440.0 292.0 92.0 Chau-

9644.0 3568.0 420.0 108.0 temps'i
10132.0 3576.0 692.0 100.0 government
10892.0 3580.0 188.0 88.0 cut
11200.0 3572.0 296.0 96.0 franc
11568.0 3576.0 296.0 92.0 loose
11932.0 3576.0 276.0 96.0 from
12280.0 3576.0 240.0 112.0 gold
12600.0 3580.0 424.0 88.0 content
13096.0 3576.0 660.0 108.0 limitation,

9644.0 3696.0 408.0 120.0 leaving
10144.0 3704.0 180.0 92.0 the
10424.0 3704.0 396.0 96.0 French
10920.0 3716.0 548.0 108.0 monetary
11560.0 3712.0 244.0 92.0 unit
11888.0 3720.0 104.0 84.0 to
12080.0 3716.0 224.0 92.0 find
12400.0 3740.0 240.0 72.0 own
12728.0 3712.0 284.0 96.0 level.
13172.0 3708.0 584.0 116.0 (Valencia,

9644.0 3836.0 360.0 108.0 Kpuin)
10148.0 3836.0 460.0 100.0 Defense
10684.0 3840.0 492.0 96.0 Minister
11240.0 3852.0 352.0 104.0 report
11736.0 3848.0 304.0 92.0 naval
12112.0 3852.0 844.0 88.0 demonstration
13032.0 3848.0 136.0 108.0 by
13240.0 3852.0 524.0 88.0 unidtnti.

9636.0 3976.0 212.0 88.0 fu-d
9940.0 3972.0 364.0 96.0 nation
10388.0 3976.0 164.0 88.0 of;'
10636.0 3976.0 484.0 92.0 Raleaiic
11204.0 3976.0 444.0 96.0 Islands.
11808.0 3980.0 524.0 96.0 (London)
12476.0 3984.0 324.0 92.0 Great
12884.0 3984.0 416.0 92.0 Britain
13384.0 3984.0 376.0 88.0 awaits

9640.0 4104.0 460.0 96.0 German
10168.0 4112.0 212.0 92.0 and
10444.0 4108.0 380.0 96.0 Italian
10892.0 4136.0 360.0 68.0 moves
11312.0 4120.0 108.0 88.0 to
11484.0 4112.0 244.0 96.0 heal
11796.0 4120.0 528.0 108.0 widening
12388.0 4116.0 104.0 96.0 bi
12520.0 4124.0 260.0 84.0 each
12848.0 4116.0 96.0 92.0 In
13016.0 4116.0 696.0 92.0 noninterven-

9640.0 4240.0 216.0 92.0 tion
9916.0 4244.0 396.0 92.0 cordon
10372.0 4248.0 168.0 92.0 for
10596.0 4248.0 356.0 112.0 Spain.
11088.0 4248.0 416.0 96.0 (Koine)
11660.0 4252.0 688.0 96.0 Withdrawal
12404.0 4260.0 120.0 88.0 of
12588.0 4252.0 372.0 96.0 Italian
13016.0 4248.0 212.0 96.0 and
13292.0 4248.0 460.0 96.0 Gorman

9640.0 4380.0 548.0 88.0 observers
10244.0 4380.0 108.0 92.0 in
10416.0 4380.0 444.0 108.0 Spanish
10932.0 4384.0 564.0 112.0 neutrality
11556.0 4392.0 356.0 104.0 putrol
11968.0 4388.0 632.0 92.0 announced
12676.0 4452.0 24.0 32.0 ,
12784.0 4452.0 24.0 36.0 .
12892.0 4452.0 24.0 32.0 .
12992.0 4388.0 324.0 92.0 Duce'
13436.0 4412.0 328.0 68.0 news,

9636.0 4532.0 320.0 88.0 paper
10016.0 4520.0 348.0 84.0 assert
10492.0 4516.0 268.0 112.0 Italy
10828.0 4520.0 216.0 92.0 will
11116.0 4528.0 176.0 88.0 not
11356.0 4524.0 556.0 88.0 withdraw
11976.0 4528.0 612.0 88.0 volunteers
12660.0 4528.0 268.0 92.0 from
12996.0 4524.0 360.0 112.0 Spain.
13496.0 4516.0 216.0 100.0 (Ma-

9636.0 4640.0 276.0 92.0 drid)
10052.0 4648.0 628.0 112.0 Insurgents
10764.0 4656.0 496.0 108.0 reported
11340.0 4664.0 816.0 108.0 concentrating
12240.0 4664.0 344.0 108.0 heavy
12672.0 4664.0 280.0 88.0 force
13096.0 4684.0 136.0 68.0 on
13320.0 4660.0 444.0 92.0 Jarama

9640.0 4780.0 280.0 92.0 front
9996.0 4784.0 108.0 88.0 to
10176.0 4792.0 180.0 84.0 cut
10432.0 4788.0 200.0 92.0 line
10696.0 4788.0 112.0 92.0 of
10880.0 4792.0 968.0 88.0 communications
11920.0 4792.0 460.0 96.0 between
12464.0 4800.0 400.0 88.0 Madrid
12944.0 4796.0 204.0 92.0 and
13232.0 4796.0 528.0 92.0 Valencia.

9656.0 4916.0 244.0 96.0 (Sao
9968.0 4912.0 368.0 112.0 Paulo,
10392.0 4908.0 388.0 104.0 Brazil)
10928.0 4920.0 524.0 116.0 Germany
11512.0 4928.0 324.0 88.0 seeks
11896.0 4932.0 252.0 96.0 8,000
12216.0 4936.0 264.0 92.0 bags
12544.0 4932.0 112.0 88.0 of
12716.0 4932.0 336.0 88.0 coffee
13124.0 4932.0 168.0 92.0 for
13360.0 4932.0 400.0 88.0 studies

9640.0 5060.0 112.0 80.0 to
9836.0 5048.0 220.0 96.0 lead
10148.0 5056.0 112.0 88.0 to
10348.0 5056.0 388.0 116.0 buying
10816.0 5060.0 120.0 92.0 of
11020.0 5060.0 524.0 104.0 10,000,000
11628.0 5060.0 264.0 112.0 bags
11984.0 5068.0 164.0 88.0 for
12232.0 5064.0 596.0 96.0 extraction
12912.0 5064.0 112.0 92.0 of
13112.0 5068.0 648.0 112.0 "Important

9632.0 5180.0 660.0 100.0 chemicals,"

11296.0 5500.0 820.0 128.0 DOMKSTIC

9872.0 5680.0 284.0 104.0 IAV
10240.0 5692.0 152.0 96.0 IN
10480.0 5688.0 924.0 100.0 WASHINGTON
11540.0 5704.0 532.0 112.0 Treasury
12156.0 5708.0 696.0 112.0 Department
12948.0 5712.0 496.0 84.0 attorney
13640.0 5708.0 128.0 84.0 lls

9636.0 5824.0 792.0 100.0 Senate-House
10500.0 5836.0 608.0 92.0 committee
11180.0 5836.0 440.0 96.0 number
11696.0 5840.0 116.0 92.0 of
11876.0 5844.0 452.0 112.0 wealthy
12408.0 5868.0 432.0 88.0 persons
12912.0 5864.0 252.0 72.0 rave
13244.0 5840.0 524.0 108.0 $1,400,000

9640.0 5960.0 100.0 92.0 In
9796.0 5964.0 444.0 96.0 Fedeial
10296.0 5968.0 236.0 92.0 tax-
10648.0 5968.0 120.0 112.0 by
10836.0 5968.0 796.0 116.0 Incorporating
11684.0 5976.0 396.0 108.0 yachts,
12140.0 5980.0 376.0 108.0 racing
12572.0 5980.0 412.0 100.0 stables,
13044.0 5980.0 212.0 88.0 and
13312.0 5992.0 448.0 100.0 country

9636.0 6104.0 332.0 84.0 estate
10104.0 6164.0 24.0 36.0 ,
10220.0 6160.0 24.0 32.0 ,
10336.0 6172.0 24.0 32.0 ,
10436.0 6100.0 524.0 112.0 Treasury
11020.0 6112.0 344.0 104.0 report
11484.0 6112.0 188.0 88.0 tax
11736.0 6108.0 544.0 92.0 collection
12408.0 6116.0 176.0 88.0 for
12648.0 6116.0 168.0 92.0 the
12876.0 6112.0 204.0 92.0 last
13144.0 6116.0 308.0 96.0 fiscal
13508.0 6136.0 256.0 92.0 year

9632.0 6256.0 180.0 68.0 are
9880.0 6232.0 396.0 112.0 largest
10352.0 6232.0 100.0 100.0 in
10532.0 6236.0 104.0 92.0 16
10700.0 6260.0 316.0 88.0 years
11096.0 6308.0 24.0 28.0 .
11212.0 6300.0 28.0 40.0 ,
11328.0 6300.0 28.0 36.0 .
11444.0 6240.0 540.0 92.0 Maritime
12052.0 6248.0 712.0 88.0 Commission
12836.0 6272.0 608.0 68.0 announces
13520.0 6252.0 244.0 88.0 first

9640.0 6372.0 328.0 88.0 direct
10044.0 6368.0 248.0 112.0 ship
10364.0 6368.0 516.0 96.0 subsidies
10960.0 6380.0 112.0 84.0 to
11148.0 6376.0 424.0 112.0 provide
11660.0 6384.0 584.0 112.0 steamship
12328.0 6384.0 212.0 88.0 line
12672.0 6404.0 448.0 84.0 average
13196.0 6388.0 120.0 84.0 of
13388.0 6388.0 116.0 88.0 60
13584.0 6408.0 188.0 92.0 per

9636.0 6508.0 244.0 88.0 cent
9940.0 6524.0 124.0 72.0 aa
10128.0 6508.0 324.0 88.0 much
10516.0 6532.0 56.0 68.0 a
10700.0 6512.0 476.0 88.0 received
11248.0 6512.0 332.0 92.0 under
11652.0 6512.0 392.0 96.0 former
12112.0 6516.0 248.0 92.0 mail
12432.0 6516.0 516.0 92.0 subsidies
13028.0 6580.0 28.0 32.0 .
13156.0 6584.0 24.0 28.0 .
13276.0 6580.0 24.0 32.0 .
13384.0 6524.0 316.0 88.0 Work

9644.0 6640.0 508.0 108.0 Progress
10236.0 6640.0 880.0 96.0 Administration
11192.0 6648.0 516.0 108.0 promises
11780.0 6652.0 104.0 88.0 to
11952.0 6656.0 172.0 88.0 cut
12200.0 6648.0 392.0 108.0 315,000
12664.0 6676.0 424.0 88.0 peisons
13168.0 6652.0 276.0 92.0 from
13516.0 6656.0 188.0 92.0 roll

9644.0 6772.0 132.0 116.0 by
9820.0 6772.0 248.0 116.0 July
10124.0 6756.0 148.0 124.0 15,'
10328.0 6776.0 496.0 112.0 reducing
10884.0 6776.0 264.0 96.0 totsl
11200.0 6792.0 108.0 84.0 to
11364.0 6780.0 500.0 108.0 1,653,477.

9876.0 6964.0 88.0 92.0 II
9992.0 6964.0 172.0 96.0 CA
10184.0 6968.0 224.0 92.0 1)1.1
10432.0 6972.0 72.0 88.0 N
10532.0 6972.0 152.0 88.0 K8
10820.0 6972.0 32.0 100.0 (
10880.0 6972.0 716.0 116.0 Wilmington,
11688.0 6980.0 264.0 96.0 Del.)
12088.0 6984.0 524.0 92.0 Franklin
12700.0 6988.0 120.0 92.0 D.
12908.0 6984.0 592.0 104.0 Roosevelt,
13588.0 6988.0 188.0 116.0 Jr.,

9640.0 7104.0 204.0 92.0 and
9916.0 7108.0 312.0 92.0 Ethel
10296.0 7112.0 136.0 92.0 du
10496.0 7112.0 264.0 92.0 Pont
10828.0 7112.0 232.0 92.0 wed
11124.0 7116.0 96.0 88.0 in
11284.0 7116.0 364.0 92.0 Chriat
11716.0 7120.0 448.0 104.0 Church,
12228.0 7112.0 616.0 104.0 Christiana
12908.0 7120.0 544.0 108.0 Hundred,
13516.0 7124.0 256.0 112.0 Del.,

9636.0 7244.0 252.0 88.0 with
9940.0 7244.0 560.0 96.0 President
10548.0 7244.0 200.0 92.0 and
10808.0 7244.0 312.0 96.0 other
11176.0 7272.0 436.0 88.0 persons
11664.0 7248.0 248.0 112.0 high
11972.0 7256.0 96.0 88.0 in
12124.0 7260.0 468.0 88.0 nation's
12644.0 7260.0 716.0 112.0 government,
13420.0 7256.0 304.0 92.0 indus-

9636.0 7380.0 200.0 108.0 try,
9900.0 7376.0 204.0 92.0 and
10180.0 7380.0 396.0 108.0 society
10640.0 7404.0 56.0 68.0 a
10824.0 7384.0 572.0 92.0 wltnesse.
11536.0 7384.0 320.0 92.0 (New
11928.0 7384.0 332.0 92.0 York)
12408.0 7392.0 560.0 92.0 Hundreds
13040.0 7396.0 728.0 88.0 demonstrate

9644.0 7508.0 108.0 92.0 in
9836.0 7512.0 332.0 92.0 street
10256.0 7536.0 120.0 68.0 aa
10468.0 7516.0 164.0 104.0 10Q
10780.0 7516.0 428.0 96.0 lt-down
11296.0 7520.0 852.0 92.0 demonstratois
12240.0 7548.0 188.0 68.0 are
12520.0 7532.0 396.0 104.0 ejected
13012.0 7532.0 276.0 88.0 from
13388.0 7532.0 384.0 88.0 Works

9648.0 7644.0 504.0 108.0 Progress
10212.0 7648.0 888.0 96.0 Administration
11152.0 7656.0 316.0 96.0 Adult
11532.0 7656.0 600.0 92.0 Education
12192.0 7660.0 420.0 112.0 project
12680.0 7732.0 20.0 28.0 .
12784.0 7728.0 20.0 28.0 .
12892.0 7728.0 20.0 28.0 .
12988.0 7664.0 392.0 92.0 Robert
13448.0 7664.0 320.0 88.0 Irwin

9640.0 7784.0 296.0 84.0 enter
10068.0 7784.0 240.0 108.0 plea
10380.0 7784.0 108.0 92.0 of
10568.0 7792.0 176.0 84.0 not
10820.0 7788.0 340.0 112.0 guilty
11236.0 7796.0 100.0 84.0 to
11408.0 7792.0 460.0 108.0 charges
11940.0 7796.0 112.0 88.0 of
12128.0 7800.0 440.0 88.0 murder
12648.0 7796.0 104.0 92.0 in
12828.0 7800.0 320.0 92.0 death
13288.0 7800.0 104.0 88.0 of
13472.0 7804.0 296.0 84.0 three

9640.0 7936.0 372.0 84.0 person
10156.0 7920.0 108.0 88.0 In
10340.0 7916.0 416.0 100.0 Gedeon
10836.0 7928.0 604.0 104.0 apartment
11520.0 7924.0 392.0 92.0 Easter
11984.0 7928.0 436.0 112.0 Sunday
12500.0 7956.0 484.0 84.0 morning
13076.0 7996.0 24.0 32.0 .
13212.0 8000.0 16.0 28.0 .
13340.0 8004.0 16.0 20.0 .
13440.0 7932.0 328.0 92.0 Court

9636.0 8052.0 156.0 84.0 set
9924.0 8048.0 252.0 108.0 July
10256.0 8048.0 128.0 96.0 15'
10436.0 8080.0 112.0 64.0 aa
10624.0 8056.0 268.0 92.0 final
10972.0 8056.0 204.0 112.0 day
11244.0 8060.0 164.0 88.0 for
11480.0 8060.0 464.0 92.0 motions
12020.0 8064.0 100.0 92.0 in
12196.0 8088.0 256.0 68.0 case
12528.0 8076.0 108.0 88.0 to
12708.0 8064.0 460.0 96.0 Indicate
13240.0 8068.0 240.0 92.0 trial
13556.0 8068.0 212.0 92.0 will

9636.0 8176.0 128.0 92.0 be
9840.0 8184.0 440.0 112.0 delayed
10368.0 8192.0 264.0 88.0 until
10716.0 8192.0 216.0 88.0 late
11020.0 8216.0 456.0 68.0 summer
11572.0 8260.0 28.0 28.0 .
11720.0 8260.0 20.0 28.0 .
11848.0 8260.0 24.0 32.0 .
11972.0 8200.0 296.0 96.0 State
12360.0 8200.0 508.0 112.0 Supreme
12944.0 8204.0 332.0 92.0 Court
13360.0 8204.0 404.0 100.0 Justice

9632.0 8316.0 360.0 96.0 denies
10092.0 8320.0 640.0 116.0 application
10848.0 8328.0 172.0 88.0 for
11116.0 8332.0 464.0 88.0 receiver
11688.0 8328.0 172.0 92.0 for
11952.0 8332.0 464.0 96.0 "Father
12524.0 8340.0 456.0 96.0 Divine,"
13088.0 8344.0 360.0 112.0 Negro
13548.0 8344.0 224.0 88.0 cult

9632.0 8448.0 376.0 112.0 leader,
10084.0 8476.0 132.0 68.0 on
10292.0 8456.0 648.0 112.0 application
11012.0 8464.0 112.0 92.0 of
11188.0 8460.0 464.0 96.0 Verlnda
11728.0 8464.0 404.0 108.0 Brown,
12212.0 8472.0 328.0 88.0 shorn
12620.0 8472.0 420.0 112.0 "angel"
13116.0 8480.0 116.0 88.0 of
13308.0 8476.0 456.0 92.0 Divine's

9624.0 8584.0 560.0 108.0 "r.eawn,"
10248.0 8612.0 56.0 68.0 a
10436.0 8592.0 96.0 92.0 hi
10656.0 8596.0 264.0 88.0 New
10988.0 8596.0 280.0 92.0 York
11332.0 8600.0 336.0 92.0 house
11740.0 8596.0 84.0 92.0 Is
11888.0 8600.0 548.0 96.0 described
12508.0 8608.0 132.0 112.0 by
12696.0 8612.0 184.0 88.0 the
12940.0 8612.0 392.0 104.0 Negro.
13436.0 8608.0 280.0 92.0 (Kan-

9684.0 8744.0 56.0 64.0 u
9868.0 8720.0 276.0 108.0 City,
10216.0 8724.0 252.0 96.0 Mo.)
10600.0 8728.0 344.0 96.0 Three
11020.0 8752.0 232.0 76.0 men
11324.0 8732.0 244.0 92.0 hold
11648.0 8756.0 140.0 92.0 up
11860.0 8736.0 312.0 108.0 bank,
12244.0 8764.0 384.0 92.0 escape
12696.0 8748.0 252.0 88.0 with
13024.0 8744.0 352.0 108.0 $3,000.
13512.0 8748.0 196.0 92.0 (l.o

9628.0 8852.0 500.0 108.0 Angeles)
10264.0 8864.0 228.0 88.0 One
10568.0 8884.0 240.0 72.0 man
10896.0 8864.0 232.0 92.0 held
11204.0 8892.0 116.0 68.0 as
11388.0 8876.0 436.0 104.0 suspect
11896.0 8876.0 96.0 88.0 In
12068.0 8876.0 428.0 108.0 slaying
12572.0 8876.0 112.0 92.0 of
12748.0 8884.0 296.0 88.0 three
13128.0 8880.0 304.0 92.0 small
13508.0 8884.0 256.0 112.0 girls

9624.0 8992.0 280.0 88.0 after
9980.0 8992.0 204.0 108.0 bag
10256.0 8996.0 88.0 88.0 is
10420.0 9000.0 316.0 92.0 found
10816.0 9004.0 612.0 108.0 containing
11504.0 9004.0 776.0 96.0 blood-atained
12356.0 9012.0 304.0 108.0 ahlit,
12732.0 9012.0 208.0 92.0 bits
13012.0 9016.0 116.0 92.0 of
13208.0 9040.0 268.0 88.0 rope,
13556.0 9020.0 212.0 88.0 and

9628.0 9128.0 224.0 108.0 pair
9900.0 9128.0 112.0 88.0 of
10064.0 9128.0 260.0 88.0 shoe
10452.0 9196.0 20.0 32.0 .
10552.0 9200.0 24.0 28.0 .
10652.0 9192.0 24.0 40.0 ,
10748.0 9136.0 308.0 92.0 Hunt
11108.0 9136.0 368.0 112.0 spread
11536.0 9148.0 116.0 84.0 to
11708.0 9140.0 408.0 112.0 Mojave
12176.0 9148.0 416.0 92.0 Desert,
12720.0 9152.0 540.0 104.0 (Newark,
13316.0 9156.0 120.0 88.0 N.
13492.0 9152.0 140.0 96.0 J.)

9628.0 9260.0 256.0 92.0 Ellis
9956.0 9264.0 124.0 88.0 H.
10160.0 9264.0 404.0 92.0 Parker
10632.0 9272.0 212.0 88.0 and
10920.0 9296.0 188.0 64.0 son
11268.0 9276.0 484.0 88.0 -ntenced
11824.0 9280.0 104.0 88.0 to
11996.0 9280.0 448.0 92.0 Federal
12520.0 9280.0 348.0 104.0 pilson
12948.0 9288.0 340.0 92.0 under
13360.0 9292.0 360.0 88.0 convic-

9628.0 9396.0 220.0 92.0 tion
9912.0 9396.0 112.0 92.0 of
10088.0 9400.0 396.0 112.0 kidnap
10548.0 9400.0 200.0 92.0 and
10820.0 9408.0 408.0 88.0 torture
11288.0 9408.0 628.0 116.0 conspiracy
11980.0 9412.0 432.0 104.0 against
12484.0 9420.0 260.0 88.0 Paul
12804.0 9420.0 124.0 92.0 H.
13000.0 9424.0 464.0 104.0 Wcndel,
13528.0 9432.0 240.0 80.0 who

9628.0 9532.0 552.0 92.0 cotilissed
10272.0 9528.0 600.0 120.0 Lindbergh
10960.0 9540.0 876.0 112.0 kldnap-niurder
11916.0 9544.0 332.0 92.0 under
12336.0 9548.0 372.0 92.0 duress
12800.0 9624.0 16.0 24.0 ,
12924.0 9620.0 20.0 24.0 .
13060.0 9620.0 20.0 28.0 .
13180.0 9556.0 392.0 116.0 Appeil
13660.0 9564.0 112.0 84.0 to

9624.0 9664.0 300.0 112.0 delay
9980.0 9668.0 552.0 96.0 execution
10588.0 9672.0 108.0 88.0 of
10752.0 9680.0 584.0 92.0 sentences.

9860.0 9856.0 80.0 92.0 I.
9952.0 9860.0 376.0 92.0 AHOIt
10460.0 9868.0 488.0 92.0 Violence
11028.0 9876.0 488.0 88.0 continue
11660.0 9904.0 128.0 64.0 on
11872.0 9872.0 544.0 100.0 turbulent
12500.0 9884.0 256.0 92.0 steel
12836.0 9888.0 320.0 104.0 front,
13240.0 9888.0 244.0 96.0 with
13568.0 9916.0 200.0 68.0 one

9628.0 9996.0 340.0 116.0 picket
10052.0 10008.0 476.0 104.0 reported
10612.0 10004.0 320.0 92.0 killed
11000.0 10012.0 200.0 88.0 and
11272.0 10012.0 416.0 88.0 several
11764.0 10016.0 404.0 108.0 injured
12252.0 10020.0 104.0 88.0 In
12432.0 10020.0 440.0 100.0 Canton,
12940.0 10024.0 324.0 104.0 Ohio;
13344.0 10052.0 56.0 68.0 a
13468.0 10032.0 256.0 88.0 Com-

9632.0 10136.0 356.0 96.0 mittee
10068.0 10136.0 204.0 92.0 Tor
10344.0 10136.0 576.0 96.0 Industrial
10992.0 10148.0 756.0 104.0 Organization
11820.0 10156.0 560.0 100.0 organizer
12448.0 10156.0 436.0 92.0 ordered
12956.0 10168.0 188.0 80.0 out
13216.0 10160.0 112.0 92.0 of
13392.0 10160.0 336.0 92.0 Johns-

9628.0 10276.0 308.0 96.0 town,
10020.0 10272.0 212.0 108.0 Pa.,
10312.0 10272.0 200.0 92.0 and
10596.0 10276.0 484.0 108.0 refusing
11156.0 10284.0 100.0 88.0 to
11332.0 10308.0 160.0 84.0 go,
11576.0 10284.0 256.0 92.0 with
11912.0 10288.0 212.0 88.0 mill
12268.0 10288.0 324.0 112.0 along
12672.0 10292.0 172.0 92.0 the
12920.0 10296.0 472.0 108.0 Chicago
13480.0 10296.0 296.0 96.0 front

9628.0 10408.0 572.0 108.0 preparing
10260.0 10412.0 108.0 80.0 to
10432.0 10432.0 372.0 88.0 reopen
10876.0 10412.0 344.0 112.0 today,
11272.0 10416.0 204.0 88.0 and
11548.0 10416.0 264.0 92.0 with
11872.0 10420.0 552.0 96.0 Governor
12488.0 10428.0 584.0 92.0 Townscnd
13144.0 10432.0 112.0 88.0 of
13320.0 10432.0 456.0 92.0 Indiana

9624.0 10540.0 496.0 112.0 ordering
10180.0 10544.0 496.0 96.0 National
10740.0 10548.0 660.0 88.0 Guardsmen
11476.0 10552.0 104.0 92.0 In
11652.0 10548.0 328.0 96.0 North
12044.0 10556.0 460.0 96.0 Indiana
12568.0 10568.0 104.0 84.0 to
12736.0 10568.0 356.0 108.0 report
13160.0 10568.0 168.0 88.0 for
13388.0 10572.0 336.0 88.0 "train-

9632.0 10672.0 232.0 108.0 ing"
9940.0 10740.0 20.0 24.0 .
10052.0 10740.0 20.0 24.0 .
10168.0 10748.0 20.0 24.0 .
10272.0 10680.0 360.0 104.0 Again,
10700.0 10684.0 500.0 92.0 mounted
11264.0 10688.0 336.0 108.0 police
11672.0 10688.0 312.0 92.0 break
12056.0 10712.0 136.0 88.0 up
12256.0 10716.0 68.0 68.0 a
12384.0 10700.0 244.0 84.0 mob
12684.0 10704.0 108.0 84.0 at
12856.0 10700.0 568.0 96.0 Cleveland
13500.0 10764.0 20.0 32.0 .
13616.0 10772.0 20.0 24.0 .
13732.0 10768.0 24.0 32.0 .

9624.0 10808.0 120.0 92.0 In
9828.0 10812.0 732.0 108.0 Washington,
10640.0 10816.0 468.0 108.0 Chicago
11188.0 10824.0 328.0 108.0 police
11604.0 10824.0 556.0 108.0 testifying
12244.0 10832.0 116.0 88.0 at
12444.0 10828.0 380.0 92.0 Senate
12904.0 10836.0 268.0 92.0 Civil
13256.0 10836.0 520.0 92.0 Liberties

9624.0 10940.0 236.0 112.0 quiz
9928.0 10968.0 192.0 88.0 say
10196.0 10944.0 444.0 92.0 radicals
10720.0 10952.0 208.0 88.0 will
11008.0 10956.0 116.0 88.0 be
11192.0 10956.0 264.0 88.0 tried
11540.0 10980.0 124.0 68.0 as
11740.0 10960.0 624.0 108.0 Instigators
12440.0 10968.0 112.0 88.0 of
12628.0 10968.0 548.0 96.0 Memorial
13260.0 10976.0 228.0 108.0 Day
13560.0 10976.0 220.0 88.0 riot

9644.0 11144.0 20.0 24.0 .
9756.0 11140.0 20.0 28.0 .
9868.0 11144.0 20.0 24.0 .
9976.0 11084.0 884.0 108.0 Representative
10928.0 11088.0 452.0 96.0 Herbert
11444.0 11092.0 500.0 112.0 Bigelow,
12008.0 11096.0 648.0 112.0 Cincinnati,
12728.0 11124.0 252.0 92.0 urge
13108.0 11108.0 664.0 112.0 compulsion

9632.0 11208.0 104.0 92.0 in
9800.0 11212.0 420.0 108.0 forcing
10276.0 11220.0 528.0 108.0 employer
10924.0 11228.0 108.0 84.0 to
11092.0 11228.0 548.0 100.0 recognize
11704.0 11228.0 308.0 92.0 labor'
12136.0 11232.0 396.0 112.0 rights;
12608.0 11240.0 296.0 88.0 while
12968.0 11244.0 104.0 88.0 in
13136.0 11240.0 260.0 92.0 New
13448.0 11244.0 328.0 108.0 York,

9632.0 11344.0 380.0 96.0 1'nited
10124.0 11356.0 356.0 88.0 Stales
10584.0 11356.0 408.0 92.0 Circuit
11092.0 11360.0 320.0 92.0 Couit
11520.0 11360.0 120.0 88.0 of
11748.0 11364.0 388.0 108.0 Appeal
12312.0 11368.0 364.0 92.0 denies
12784.0 11376.0 464.0 88.0 motions
13356.0 11376.0 128.0 112.0 by
13588.0 11380.0 192.0 92.0 tha

9628.0 11476.0 500.0 96.0 National
10212.0 11484.0 340.0 92.0 Labor
10616.0 11488.0 556.0 92.0 RcHtiona
11244.0 11492.0 352.0 96.0 Board
11676.0 11496.0 160.0 92.0 for
11908.0 11524.0 132.0 64.0 an
12112.0 11500.0 324.0 96.0 order
12512.0 11508.0 536.0 112.0 requiring
13124.0 11512.0 648.0 112.0 Remington

9624.0 11612.0 340.0 108.0 Rand,
10028.0 11620.0 244.0 104.0 Inc.,
10320.0 11632.0 108.0 80.0 to
10472.0 11624.0 420.0 108.0 comply
10948.0 11628.0 244.0 92.0 with
11248.0 11624.0 328.0 96.0 board
11640.0 11632.0 340.0 104.0 ruling
12104.0 11700.0 20.0 28.0 .
12216.0 11716.0 16.0 20.0 .
12324.0 11704.0 20.0 24.0 .
12420.0 11644.0 636.0 100.0 Thursday's
13104.0 11648.0 276.0 88.0 focal
13420.0 11652.0 284.0 104.0 point

9632.0 11748.0 104.0 92.0 In
9804.0 11756.0 172.0 84.0 the
10048.0 11756.0 292.0 92.0 labor
10404.0 11760.0 404.0 108.0 picture
10880.0 11788.0 180.0 64.0 nre
11120.0 11760.0 608.0 100.0 Columbus,
11792.0 11772.0 348.0 88.0 where
12200.0 11796.0 64.0 64.0 a
12340.0 11772.0 440.0 96.0 Fedeial
12836.0 11780.0 352.0 108.0 Judge
13260.0 11788.0 520.0 104.0 promises

9632.0 11888.0 108.0 84.0 lo
9804.0 11888.0 216.0 88.0 rule
10096.0 11916.0 196.0 60.0 one
10364.0 11912.0 220.0 88.0 way
10652.0 11920.0 120.0 64.0 or
10844.0 11896.0 444.0 92.0 another
11352.0 11920.0 136.0 72.0 on
11564.0 11904.0 80.0 84.0 C
11728.0 11904.0 464.0 92.0 nimiltce
12272.0 11908.0 208.0 88.0 For
12552.0 11912.0 576.0 92.0 Industrial
13200.0 11916.0 532.0 112.0 Organiza-

9632.0 12020.0 216.0 88.0 tion
9920.0 12044.0 300.0 68.0 move
10292.0 12024.0 100.0 92.0 to
10452.0 12024.0 352.0 108.0 enjoin
10876.0 12036.0 352.0 104.0 troops
11292.0 12036.0 104.0 88.0 In
11456.0 12036.0 280.0 88.0 Ohio
11796.0 12040.0 332.0 88.0 strike
12192.0 12064.0 352.0 88.0 zones,
12608.0 12048.0 200.0 88.0 and
12872.0 12048.0 484.0 108.0 Indiana,
13424.0 12052.0 352.0 92.0 where

9632.0 12156.0 204.0 92.0 two
9896.0 12160.0 668.0 108.0 corporallon
10684.0 12160.0 252.0 116.0 plan
11004.0 12176.0 100.0 80.0 to
11164.0 12192.0 384.0 84.0 reopen
11616.0 12172.0 268.0 88.0 their
11940.0 12172.0 260.0 92.0 ateel
12276.0 12176.0 272.0 88.0 mills
12612.0 12184.0 336.0 108.0 today.

9872.0 12352.0 664.0 96.0 HI'SINKSS
10596.0 12356.0 296.0 96.0 AMI
10960.0 12360.0 468.0 92.0 FINAM
11456.0 12364.0 116.0 88.0 'K
11712.0 12368.0 300.0 96.0 (New
12080.0 12364.0 348.0 96.0 York)
12572.0 12376.0 344.0 92.0 Prices
12988.0 12380.0 100.0 92.0 in
13160.0 12380.0 272.0 96.0 bond
13500.0 12412.0 236.0 68.0 mar-

9636.0 12484.0 164.0 92.0 ket
9876.0 12488.0 468.0 92.0 rebound
10428.0 12560.0 20.0 20.0 .
10532.0 12556.0 20.0 32.0 .
10648.0 12560.0 20.0 28.0 .
10752.0 12500.0 540.0 88.0 Moderate
11356.0 12504.0 112.0 84.0 to
11540.0 12504.0 528.0 92.0 lair-sized
12132.0 12508.0 320.0 104.0 gains
12520.0 12516.0 352.0 88.0 scored
12940.0 12540.0 136.0 64.0 on
13144.0 12520.0 276.0 92.0 Curb
13504.0 12592.0 20.0 24.0 .
13616.0 12588.0 20.0 28.0 .
13736.0 12588.0 24.0 32.0 ,

9636.0 12620.0 236.0 92.0 Rail
9944.0 12624.0 268.0 112.0 rally
10276.0 12628.0 228.0 88.0 aids
10572.0 12624.0 284.0 116.0 price
10928.0 12628.0 460.0 96.0 advance
11468.0 12632.0 100.0 92.0 In
11648.0 12640.0 296.0 88.0 stock
12008.0 12644.0 424.0 88.0 market
12520.0 12720.0 20.0 24.0 ,
12640.0 12708.0 20.0 32.0 .
12752.0 12712.0 20.0 28.0 .
12860.0 12652.0 556.0 112.0 Sweeping
13476.0 12656.0 252.0 92.0 read-

9628.0 12756.0 508.0 112.0 justment
10220.0 12760.0 112.0 88.0 of
10404.0 12764.0 676.0 88.0 commission
11156.0 12772.0 224.0 84.0 rate
11520.0 12776.0 112.0 84.0 to
11712.0 12768.0 116.0 92.0 be
11900.0 12780.0 808.0 92.0 recommended
12788.0 12788.0 324.0 104.0 today
13184.0 12792.0 132.0 108.0 by
13388.0 12796.0 352.0 88.0 Gover-

9632.0 12912.0 244.0 64.0 nors
9936.0 12896.0 112.0 88.0 of
10108.0 12896.0 320.0 88.0 Stock
10500.0 12896.0 600.0 116.0 Exchange,
11164.0 12928.0 180.0 84.0 say
11412.0 12908.0 480.0 108.0 "usually
11952.0 12912.0 432.0 92.0 reliable
12452.0 12916.0 260.0 92.0 Wall
12780.0 12920.0 348.0 92.0 Street
13192.0 12924.0 584.0 112.0 quarters."

9640.0 13020.0 564.0 112.0 (Chicago)
10348.0 13028.0 552.0 92.0 Advances
10976.0 13036.0 112.0 88.0 of
11160.0 13040.0 236.0 84.0 cent
11476.0 13044.0 216.0 84.0 and
11776.0 13044.0 220.0 88.0 half
12076.0 13068.0 188.0 88.0 per
12344.0 13048.0 360.0 92.0 bushel
12784.0 13080.0 180.0 64.0 are
13048.0 13060.0 728.0 100.0 transformed

9628.0 13160.0 220.0 96.0 Into
9904.0 13160.0 332.0 92.0 losses
10288.0 13164.0 108.0 92.0 of
10444.0 13172.0 836.0 112.0 approximately
11336.0 13176.0 304.0 88.0 three
11696.0 13184.0 220.0 80.0 cent
12036.0 13200.0 120.0 68.0 as
12212.0 13180.0 428.0 116.0 gloomy
12688.0 13188.0 392.0 112.0 tidings
13136.0 13196.0 120.0 92.0 of
13300.0 13196.0 476.0 92.0 showers

9632.0 13292.0 104.0 92.0 In
9796.0 13292.0 552.0 96.0 Canadian
10404.0 13304.0 464.0 108.0 drought
10920.0 13308.0 352.0 104.0 region
11328.0 13308.0 320.0 88.0 smite
11708.0 13308.0 256.0 116.0 hope
12080.0 13316.0 120.0 88.0 of
12252.0 13320.0 352.0 88.0 wheat
12664.0 13324.0 356.0 88.0 trader
13152.0 13400.0 20.0 24.0 .
13260.0 13396.0 24.0 28.0 ,
13368.0 13396.0 16.0 28.0 ,
13460.0 13332.0 316.0 108.0 Corn,

9632.0 13436.0 260.0 92.0 onts,
9968.0 13432.0 212.0 88.0 and
10260.0 13456.0 176.0 84.0 rye
10504.0 13440.0 324.0 100.0 "gave
10908.0 13464.0 228.0 88.0 way
11204.0 13444.0 260.0 92.0 with
11536.0 13444.0 436.0 108.0 wheat,"
12048.0 13452.0 320.0 92.0 while
12440.0 13452.0 388.0 116.0 buying
12908.0 13480.0 356.0 92.0 power
13336.0 13464.0 104.0 96.0 In
13512.0 13488.0 268.0 76.0 corn

9632.0 13564.0 416.0 92.0 market
10124.0 13592.0 88.0 64.0 is
10272.0 13568.0 544.0 96.0 described
10884.0 13596.0 60.0 68.0 a
11068.0 13600.0 280.0 88.0 poor.

9868.0 13760.0 352.0 88.0 OHIO
10360.0 13764.0 664.0 96.0 (Columbus)
11164.0 13772.0 240.0 92.0 I.aw
11472.0 13780.0 568.0 112.0 extending
12112.0 13780.0 572.0 120.0 Immunity
12748.0 13788.0 276.0 100.0 from
13092.0 13800.0 472.0 92.0 taxation
13636.0 13828.0 140.0 68.0 on

9636.0 13892.0 584.0 104.0 Intangible
10336.0 13904.0 164.0 88.0 for
10556.0 13904.0 396.0 92.0 HK!fi-30
11012.0 13904.0 224.0 96.0 held
11300.0 13916.0 968.0 96.0 unconstitutional
12328.0 13924.0 132.0 108.0 by
12520.0 13928.0 260.0 92.0 Ohio
12840.0 13932.0 508.0 108.0 Supreme
13412.0 13936.0 364.0 100.0 Court,

9640.0 14028.0 332.0 92.0 lllcllf
9992.0 14028.0 244.0 96.0 vue)
10380.0 14036.0 308.0 92.0 Flood
10764.0 14040.0 404.0 96.0 buioen
11228.0 14048.0 320.0 88.0 eased
11620.0 14072.0 120.0 64.0 as
11808.0 14056.0 384.0 84.0 waters
12268.0 14080.0 264.0 84.0 pour
12600.0 14060.0 460.0 120.0 through
13136.0 14092.0 204.0 88.0 gap
13408.0 14076.0 176.0 88.0 cut
13664.0 14076.0 108.0 88.0 in

9636.0 14168.0 456.0 96.0 railroad
10188.0 14168.0 784.0 100.0 embankment.
11136.0 14176.0 392.0 96.0 (Lima)
11676.0 14184.0 436.0 92.0 Francis
12204.0 14192.0 160.0 92.0 W.
12452.0 14192.0 432.0 112.0 Durbin,
12972.0 14212.0 492.0 104.0 attorney
13556.0 14208.0 216.0 96.0 and

9636.0 14296.0 676.0 96.0 Democratic,
10388.0 14312.0 296.0 104.0 party
10764.0 14312.0 356.0 92.0 leader
11184.0 14320.0 96.0 84.0 in
11364.0 14316.0 304.0 88.0 Allen
11744.0 14320.0 436.0 112.0 County,
12256.0 14348.0 608.0 72.0 announces
12936.0 14340.0 588.0 112.0 candidacy
13604.0 14344.0 176.0 92.0 for

9636.0 14432.0 444.0 96.0 election
10156.0 14436.0 112.0 92.0 to
10332.0 14440.0 524.0 108.0 Congress
10932.0 14448.0 104.0 84.0 to
11104.0 14456.0 216.0 104.0 post
11404.0 14456.0 444.0 88.0 vacated
11924.0 14456.0 124.0 108.0 by
12120.0 14456.0 364.0 100.0 Frank
12564.0 14464.0 96.0 92.0 L.
12740.0 14464.0 320.0 104.0 Konb,
13132.0 14472.0 380.0 104.0 Celina,
13592.0 14504.0 140.0 84.0 ap-

9640.0 14568.0 424.0 108.0 pointed
10168.0 14564.0 116.0 108.0 to
10388.0 14572.0 444.0 104.0 District
10944.0 14576.0 424.0 96.0 Federal
11484.0 14584.0 328.0 96.0 Court
11920.0 14584.0 368.0 100.0 bench.
12472.0 14596.0 868.0 104.0 (Rcllefoiitnino)
13484.0 14612.0 292.0 92.0 l,aka

9640.0 14700.0 332.0 108.0 Ridge
10028.0 14700.0 364.0 100.0 Island
10444.0 14708.0 348.0 112.0 Hotel,
10852.0 14712.0 368.0 92.0 Indian
11280.0 14720.0 292.0 88.0 Lake
11640.0 14720.0 584.0 112.0 landmark,
12292.0 14732.0 308.0 88.0 razed
12660.0 14736.0 128.0 104.0 by
12848.0 14732.0 200.0 96.0 fire
13108.0 14744.0 220.0 88.0 that
13392.0 14772.0 380.0 64.0 causes

9632.0 14832.0 376.0 108.0 $30,000
10068.0 14840.0 240.0 92.0 loss.

9500.0 15272.0 388.0 96.0 abroad
10052.0 15276.0 172.0 92.0 "at
10372.0 15304.0 56.0 68.0 a
10580.0 15284.0 560.0 92.0 moment's
11288.0 15292.0 356.0 88.0 notice

9496.0 15412.0 372.0 92.0 should
9960.0 15416.0 184.0 88.0 the
10228.0 15416.0 708.0 116.0 contingency
11020.0 15420.0 356.0 96.0 arise."

9616.0 15544.0 216.0 92.0 The
9964.0 15544.0 504.0 96.0 National
10600.0 15548.0 356.0 96.0 Labor
11088.0 15556.0 556.0 92.0 Relations

9508.0 15672.0 344.0 96.0 Board
9984.0 15684.0 100.0 92.0 In
10220.0 15684.0 452.0 108.0 Chicago
10800.0 15688.0 564.0 96.0 continued
11500.0 15700.0 144.0 84.0 its

9504.0 15808.0 440.0 112.0 hearing
10096.0 15840.0 140.0 64.0 on
10392.0 15820.0 132.0 92.0 its
10672.0 15844.0 240.0 68.0 own
11056.0 15828.0 584.0 108.0 complaint

9500.0 15948.0 420.0 100.0 against
10032.0 15944.0 380.0 100.0 Inland
10524.0 15952.0 316.0 112.0 Steel,
10952.0 15980.0 128.0 68.0 on
11184.0 15964.0 400.0 108.0 charge

9504.0 16088.0 232.0 88.0 that
9824.0 16088.0 180.0 84.0 the
10088.0 16108.0 524.0 92.0 company
10696.0 16092.0 424.0 92.0 refused
11208.0 16096.0 108.0 88.0 to
11412.0 16096.0 196.0 92.0 bar-

9508.0 16216.0 244.0 104.0 gain
9864.0 16216.0 656.0 124.0 collectively
10632.0 16224.0 136.0 108.0 by
10888.0 16228.0 524.0 116.0 declining
11532.0 16236.0 112.0 88.0 to

9572.0 16356.0 164.0 100.0 lgn
9828.0 16372.0 64.0 68.0 a
9980.0 16348.0 300.0 100.0 labor
10364.0 16360.0 492.0 92.0 contract
10948.0 16364.0 96.0 88.0 in
11136.0 16364.0 504.0 92.0 violation

9500.0 16484.0 116.0 88.0 of
9672.0 16484.0 176.0 88.0 the
9912.0 16484.0 460.0 108.0 Wagner
10428.0 16496.0 224.0 84.0 Act.

9624.0 16612.0 172.0 96.0 Dr.
9864.0 16616.0 348.0 100.0 David
10280.0 16624.0 88.0 92.0 J.
10436.0 16628.0 424.0 112.0 Sapoas,
10924.0 16632.0 284.0 88.0 chief
11268.0 16656.0 336.0 64.0 econo

9508.0 16752.0 232.0 88.0 mist
9832.0 16760.0 160.0 88.0 for
10072.0 16756.0 180.0 88.0 the
10328.0 16756.0 436.0 96.0 Federal
10848.0 16756.0 336.0 100.0 Labor
11256.0 16768.0 384.0 104.0 Hoard,

9508.0 17720.0 548.0 64.0 emuooiea
10132.0 17720.0 100.0 64.0 in
10300.0 17724.0 60.0 64.0 a
10428.0 17720.0 424.0 72.0 written
10924.0 17720.0 292.0 76.0 trade
11284.0 17736.0 324.0 84.0 agree-

9516.0 17824.0 368.0 104.0 ment,"
9964.0 17828.0 132.0 88.0 he
10168.0 17832.0 256.0 92.0 said.

9640.0 17956.0 248.0 92.0 New
10028.0 17964.0 540.0 112.0 dynamite
10712.0 17968.0 264.0 96.0 blast
11180.0 17980.0 476.0 96.0 sounded

9520.0 18088.0 308.0 116.0 along
9936.0 18096.0 180.0 88.0 the
10224.0 18100.0 324.0 92.0 strike
10656.0 18108.0 384.0 92.0 salient
11144.0 18108.0 100.0 96.0 In
11352.0 18112.0 304.0 112.0 Ohio,

9524.0 18224.0 248.0 92.0 with
9852.0 18232.0 600.0 104.0 explosions
10528.0 18236.0 580.0 116.0 damaging
11180.0 18268.0 64.0 68.0 a
11320.0 18256.0 344.0 84.0 water

9524.0 18380.0 280.0 68.0 main
9884.0 18376.0 108.0 84.0 at
10068.0 18368.0 408.0 96.0 Canton
10552.0 18376.0 220.0 92.0 and
10848.0 18380.0 412.0 108.0 ripping
11328.0 18396.0 188.0 80.0 out
11596.0 18412.0 64.0 68.0 a

9524.0 18504.0 312.0 80.0 metal
9920.0 18504.0 408.0 88.0 culvert
10412.0 18528.0 124.0 68.0 on
10620.0 18536.0 68.0 64.0 a

10776.0 18516.0 252.0 88.0 road
11112.0 18516.0 548.0 100.0 alongside

9524.0 18628.0 176.0 88.0 the
9800.0 18628.0 512.0 116.0 Republic
10408.0 18640.0 276.0 92.0 Steel
10788.0 18648.0 288.0 112.0 plant
11168.0 18656.0 108.0 84.0 at
11384.0 18656.0 276.0 88.0 Mas-
11748.0 18636.0 564.0 108.0 organized
12404.0 18640.0 588.0 112.0 employers
13084.0 18644.0 312.0 112.0 today
13480.0 18648.0 264.0 88.0 with
13836.0 18668.0 60.0 68.0 a

9524.0 18760.0 288.0 92.0 ailon.
11756.0 18772.0 664.0 92.0 "dictatorial
12484.0 18776.0 452.0 88.0 attitude
13004.0 18776.0 340.0 96.0 aimed
13404.0 18784.0 108.0 84.0 at
13584.0 18780.0 316.0 108.0 keep-

9640.0 18896.0 212.0 88.0 The
9928.0 18896.0 336.0 100.0 blasts
10340.0 18932.0 288.0 64.0 came
10704.0 18912.0 368.0 100.0 within
11148.0 18920.0 100.0 88.0 24
11328.0 18920.0 328.0 92.0 hours
11752.0 18900.0 168.0 112.0 Ing
11984.0 18908.0 304.0 88.0 labor
12344.0 18912.0 164.0 84.0 "in
12564.0 18932.0 60.0 68.0 a
12680.0 18908.0 452.0 112.0 helpless
13188.0 18920.0 272.0 88.0 state
13520.0 18916.0 120.0 88.0 of
13692.0 18916.0 164.0 88.0 dis-

9516.0 19024.0 284.0 92.0 after
9864.0 19036.0 348.0 92.0 Police
10272.0 19044.0 296.0 88.0 Chief
10636.0 19048.0 420.0 116.0 Barney
11108.0 19056.0 372.0 104.0 Gillen,
11544.0 19060.0 112.0 84.0 of
11752.0 19040.0 820.0 108.0 organization."

9528.0 19160.0 464.0 108.0 Warren,
10136.0 19184.0 852.0 88.0 announced
11124.0 19192.0 124.0 88.0 he
11384.0 19188.0 324.0 96.0 had!
11868.0 19176.0 116.0 92.0 In
12064.0 19200.0 64.0 68.0 a
12212.0 19180.0 572.0 88.0 statement
12860.0 19180.0 484.0 108.0 replying
13424.0 19184.0 104.0 88.0 to
13612.0 19180.0 284.0 92.0 crltl-

9524.0 19296.0 612.0 96.0 "smashed"

9524.0 19432.0 220.0 84.0 ror"
9816.0 19436.0 264.0 108.0 ring.

10244.0 19336.0 64.0 68.0 a
10408.0 19308.0 876.0 124.0 bomb-throwing
11392.0 19324.0 264.0 92.0 "ter-

9508.0 20924.0 376.0 96.0 caused
9996.0 20924.0 92.0 92.0 if
10188.0 20932.0 172.0 92.0 the
10464.0 20952.0 308.0 84.0 court
10880.0 20948.0 348.0 92.0 orders
11336.0 20956.0 256.0 92.0 with-

9512.0 21052.0 388.0 100.0 drawal
9972.0 21068.0 116.0 84.0 of
10160.0 21072.0 172.0 88.0 the
10408.0 21076.0 388.0 112.0 troops.

9708.0 21208.0 24.0 76.0 I
9772.0 21208.0 124.0 76.0 he
9984.0 21212.0 540.0 88.0 Governor
10612.0 21220.0 196.0 88.0 has
10896.0 21224.0 172.0 88.0 the
11148.0 21228.0 292.0 104.0 right
11528.0 21232.0 108.0 88.0 to

9504.0 21376.0 148.0 160.0 Zi
9900.0 21484.0 32.0 52.0 ,
9992.0 21376.0 188.0 160.0 T
10656.0 21492.0 56.0 44.0 .
10764.0 21376.0 568.0 100.0 Phoning
11400.0 21376.0 240.0 80.0 Va.-

9512.0 21476.0 180.0 104.0 ley,
9756.0 21476.0 424.0 96.0 hut-the
10240.0 21492.0 344.0 108.0 troops
10656.0 21492.0 268.0 92.0 have
10984.0 21520.0 132.0 64.0 no
11172.0 21496.0 296.0 104.0 right
11532.0 21504.0 108.0 76.0 to

9504.0 21604.0 124.0 88.0 do
9744.0 21612.0 284.0 92.0 what
10152.0 21624.0 240.0 108.0 they
10504.0 21648.0 184.0 64.0 are
10816.0 21628.0 308.0 100.0 doing
11240.0 21628.0 400.0 92.0 there."

9500.0 21752.0 564.0 88.0 countered
10148.0 21752.0 532.0 104.0 Marshall,

9616.0 21876.0 332.0 108.0 lmb
10024.0 21900.0 464.0 88.0 asserted
10568.0 21896.0 248.0 88.0 that
10896.0 21888.0 88.0 92.0 If
11052.0 21892.0 236.0 88.0 "the
11372.0 21892.0 272.0 92.0 Gov-

9500.0 22036.0 304.0 72.0 ernor
9864.0 22044.0 264.0 68.0 runs
10188.0 22032.0 232.0 88.0 wild
10480.0 22028.0 212.0 88.0 and
10764.0 22028.0 320.0 88.0 flouts
11144.0 22032.0 180.0 84.0 the
11392.0 22028.0 208.0 92.0 Fed-

9512.0 22160.0 212.0 92.0 eral
9788.0 22164.0 752.0 100.0 Constitution,
10604.0 22184.0 160.0 68.0 we
10828.0 22168.0 276.0 88.0 must
11160.0 22164.0 280.0 96.0 have
11504.0 22192.0 132.0 64.0 an

9504.0 22292.0 608.0 96.0 immediate
10172.0 22296.0 536.0 104.0 hearing."

9500.0 22624.0 440.0 136.0 Court
10000.0 22624.0 424.0 136.0 balks
10488.0 22624.0 464.0 144.0 Urdet
11004.0 22664.0 420.0 104.0 move

10508.0 22592.0 276.0 32.0 jta
11024.0 22596.0 124.0 28.0 mm

9672.0 22880.0 604.0 128.0 Acmnst
10344.0 22880.0 824.0 128.0 Rpminafnn
11240.0 22880.0 412.0 128.0 RnnA

10840.0 23012.0 76.0 52.0 O

9624.0 23308.0 260.0 96.0 New
9976.0 23312.0 320.0 116.0 York,
10372.0 23324.0 280.0 96.0 June
10740.0 23324.0 120.0 96.0 30
10988.0 23324.0 268.0 100.0 (AP)
11396.0 23328.0 216.0 100.0 Not-

9516.0 23480.0 176.0 112.0 ing
9768.0 23484.0 240.0 96.0 that
10092.0 23488.0 620.0 96.0 difficulties
10792.0 23488.0 456.0 96.0 between
11336.0 23496.0 272.0 96.0 Rem-

9516.0 23652.0 364.0 104.0 ington
10020.0 23652.0 336.0 108.0 Rsnd,
10476.0 23660.0 252.0 108.0 Inc.,
10848.0 23656.0 204.0 92.0 and
11180.0 23664.0 136.0 88.0 Its
11444.0 23688.0 208.0 68.0 em-

9516.0 23820.0 416.0 116.0 ployees
9992.0 23832.0 620.0 104.0 apparently
10676.0 23828.0 208.0 88.0 had
10944.0 23824.0 244.0 92.0 been
11232.0 23832.0 416.0 100.0 settled,

9460.0 23956.0 12.0 156.0 I
9520.0 23988.0 172.0 92.0 the
9776.0 23984.0 384.0 92.0 United
10244.0 23988.0 340.0 96.0 State,
10660.0 23992.0 388.0 96.0 Circuit
11128.0 23992.0 340.0 104.0 Court
11540.0 24000.0 112.0 92.0 of

9464.0 24112.0 8.0 88.0 !
9524.0 24120.0 452.0 108.0 Appeals
10032.0 24120.0 364.0 96.0 denied
10456.0 24132.0 356.0 92.0 todav,
10872.0 24128.0 424.0 92.0 without
11360.0 24140.0 244.0 92.0 opin
11616.0 24180.0 36.0 24.0 -

9520.0 24264.0 200.0 84.0 ion.
9784.0 24256.0 464.0 92.0 motions
10316.0 24264.0 112.0 92.0 of
10488.0 24264.0 184.0 92.0 the
10744.0 24264.0 484.0 96.0 National
11300.0 24260.0 344.0 104.0 Labor

9528.0 24388.0 544.0 92.0 Relations
10168.0 24392.0 336.0 96.0 Board
10604.0 24400.0 172.0 88.0 for
10868.0 24424.0 132.0 64.0 an
11092.0 24400.0 308.0 96.0 order
11496.0 24428.0 152.0 68.0 re-

9516.0 24524.0 420.0 112.0 quiring
10024.0 24528.0 180.0 92.0 tha
10284.0 24532.0 668.0 112.0 corporation
11040.0 24540.0 100.0 84.0 to
11224.0 24544.0 416.0 112.0 comply

9524.0 24664.0 244.0 92.0 with
9844.0 24664.0 332.0 92.0 board
10244.0 24668.0 436.0 112.0 rulings.

9632.0 24796.0 216.0 96.0 Tha
9900.0 24808.0 340.0 96.0 court,
10288.0 24820.0 228.0 76.0 now
10568.0 24812.0 108.0 84.0 In
10736.0 24832.0 340.0 68.0 recess
11124.0 24832.0 116.0 64.0 as
11296.0 24812.0 176.0 88.0 far
11524.0 24840.0 116.0 64.0 as

9464.0 24940.0 8.0 104.0 !
9520.0 24928.0 500.0 116.0 hearlnga
10112.0 24956.0 180.0 72.0 are
10384.0 24940.0 616.0 108.0 concerned,
11096.0 24944.0 344.0 92.0 added
11540.0 24952.0 100.0 92.0 in

9464.0 25076.0 4.0 100.0 i
9656.0 25072.0 800.0 92.0 memorandum
10532.0 25076.0 312.0 96.0 there
10916.0 25100.0 208.0 68.0 was
11208.0 25100.0 140.0 68.0 no
11424.0 25108.0 216.0 68.0 rea-

9512.0 26152.0 268.0 88.0 f,om
9896.0 26156.0 376.0 84.0 failimr
10372.0 26168.0 104.0 72.0 to
10580.0 26168.0 412.0 72.0 romnlv
11088.0 26176.0 256.0 64.0 with
11464.0 26180.0 108.0 60.0 ih

9464.0 26284.0 8.0 80.0 :
9512.0 26284.0 412.0 100.0 board',
10020.0 26296.0 304.0 84.0 order
10420.0 26304.0 108.0 84.0 to
10632.0 26300.0 204.0 88.0 last
10940.0 26300.0 360.0 96.0 March
11400.0 26332.0 196.0 68.0 con

9508.0 26428.0 432.0 112.0 cerning
10032.0 26428.0 620.0 104.0 discharged
10744.0 26436.0 608.0 112.0 employees,
11440.0 26440.0 196.0 88.0 col-

9464.0 26548.0 8.0 48.0 1
9512.0 26556.0 360.0 92.0 leetlve
10000.0 26556.0 656.0 112.0 bargaining,
10788.0 26568.0 200.0 92.0 and
11112.0 26580.0 524.0 100.0 practices

9508.0 26696.0 392.0 88.0 BnrPpd
9972.0 26700.0 112.0 84.0 to
10152.0 26700.0 120.0 84.0 be
10340.0 26704.0 360.0 88.0 unfair
10768.0 26700.0 128.0 96.0 bv
10956.0 26704.0 288.0 92.0 labor
11312.0 26716.0 316.0 84.0 union

9464.0 26876.0 8.0 32.0 ,
9508.0 26844.0 528.0 92.0 represent
10060.0 26840.0 100.0 80.0 at
10184.0 26856.0 244.0 76.0 iv-s;
10500.0 26840.0 172.0 84.0 for
10728.0 26864.0 60.0 60.0 a
10852.0 26844.0 608.0 104.0 preference
11516.0 26872.0 116.0 64.0 as

9512.0 26968.0 20.0 16.0 .
10000.0 26964.0 24.0 20.0 .
10616.0 26968.0 32.0 16.0 .
10800.0 26912.0 88.0 72.0 .r

9464.0 27324.0 444.0 120.0 Irnhncs
11676.0 27376.0 16.0 68.0 I

9464.0 27412.0 12.0 72.0 '
9660.0 27496.0 20.0 24.0 .
9680.0 27504.0 108.0 16.0 ...
9964.0 27500.0 24.0 20.0 .
11292.0 27504.0 32.0 20.0 .
11488.0 27508.0 16.0 16.0 .
11608.0 27396.0 88.0 128.0 .!

9512.0 27288.0 448.0 32.0 ...........
10112.0 27288.0 100.0 36.0 ...
10248.0 27288.0 332.0 56.0 vo'iif't
10804.0 27288.0 140.0 40.0 nu
11020.0 27288.0 160.0 44.0 Liir
11224.0 27288.0 328.0 48.0 uuitiu

9468.0 27532.0 8.0 48.0 :
9632.0 27520.0 160.0 76.0 All
9912.0 27520.0 300.0 68.0 tnree
10316.0 27520.0 464.0 72.0 motions
10884.0 27528.0 264.0 68.0 were
11260.0 27520.0 376.0 80.0 denied

9468.0 27676.0 8.0 24.0 .
9508.0 27628.0 124.0 112.0 by
9696.0 27632.0 344.0 104.0 Judge
10156.0 27632.0 468.0 96.0 learned
10696.0 27644.0 328.0 96.0 Hand.
11092.0 27648.0 544.0 100.0 Auguatu.

9512.0 27760.0 128.0 120.0 N,
9736.0 27764.0 356.0 112.0 Hand,
10176.0 27772.0 204.0 92.0 and
10468.0 27768.0 464.0 100.0 Thomas
11016.0 27772.0 152.0 108.0 YV.
11252.0 27752.0 440.0 136.0 Swam,'

11984.0 1816.0 744.0 264.0 fKl

11648.0 2080.0 480.0 360.0 or
12272.0 2080.0 1360.0 368.0 news

11752.0 15296.0 228.0 88.0 who
12068.0 15296.0 336.0 100.0 heard
12488.0 15312.0 620.0 104.0 arguments
13196.0 15336.0 132.0 72.0 on
13416.0 15316.0 176.0 88.0 the
13680.0 15344.0 184.0 68.0 mo-

11752.0 15424.0 204.0 96.0 tion
12092.0 15440.0 416.0 88.0 several
12576.0 15444.0 340.0 92.0 weeks
12984.0 15472.0 240.0 84.0 ago,
13288.0 15448.0 356.0 96.0 before
13712.0 15456.0 184.0 100.0 tha

11752.0 15568.0 300.0 96.0 court
12148.0 15572.0 412.0 96.0 started
12660.0 15576.0 132.0 96.0 Its
12888.0 15600.0 472.0 72.0 summer
13452.0 15604.0 384.0 76.0 recess.

11856.0 15700.0 220.0 92.0 The
12216.0 15704.0 500.0 100.0 National
12848.0 15712.0 356.0 96.0 Labor
13340.0 15720.0 488.0 100.0 Relation

11748.0 15836.0 340.0 92.0 Board
12172.0 15844.0 356.0 112.0 ruling
12656.0 15872.0 280.0 88.0 grew
13008.0 15856.0 192.0 88.0 out
13272.0 15856.0 108.0 92.0 of
13456.0 15884.0 64.0 68.0 a
13596.0 15860.0 300.0 96.0 labor

11744.0 15972.0 416.0 112.0 dispute
12288.0 15980.0 208.0 88.0 and
12616.0 15988.0 336.0 88.0 strike
13072.0 15992.0 344.0 92.0 which
13536.0 15996.0 352.0 92.0 closed

11744.0 16104.0 648.0 112.0 Remington
12536.0 16112.0 308.0 96.0 Rand
12988.0 16120.0 292.0 112.0 plant
13480.0 16132.0 416.0 88.0 several

11748.0 16244.0 356.0 88.0 month
12280.0 16268.0 232.0 88.0 ago,
12616.0 16252.0 200.0 88.0 and
12928.0 16256.0 460.0 96.0 resulted
13496.0 16260.0 108.0 92.0 in
13716.0 16268.0 176.0 88.0 the

11748.0 16376.0 300.0 108.0 filing
12168.0 16380.0 120.0 88.0 of
12412.0 16388.0 560.0 108.0 complaint
13168.0 16396.0 420.0 100.0 against
13712.0 16396.0 184.0 92.0 the

11744.0 16520.0 680.0 100.0 corporation
12544.0 16520.0 128.0 112.0 by
12796.0 16524.0 324.0 88.0 union
13240.0 16536.0 620.0 100.0 representa-

11748.0 16652.0 288.0 84.0 tives.
12472.0 16824.0 52.0 16.0 -
12680.0 16828.0 44.0 8.0 -

11756.0 16944.0 624.0 204.0 Bigelow
12460.0 16952.0 440.0 200.0 Urges
12980.0 16956.0 676.0 180.0 Pressure

11860.0 17212.0 196.0 176.0 To
12128.0 17216.0 360.0 176.0 Gain
12556.0 17220.0 480.0 176.0 Points
13108.0 17224.0 268.0 176.0 For
13440.0 17228.0 464.0 176.0 Labor

11852.0 17680.0 736.0 116.0 Washington,
12636.0 17696.0 272.0 88.0 June
12960.0 17696.0 208.0 88.0 30-
13216.0 17696.0 224.0 92.0 (AP
13632.0 17700.0 228.0 112.0 Rep-

11760.0 17824.0 644.0 88.0 resentative
12552.0 17824.0 452.0 96.0 Herbert
13160.0 17832.0 92.0 92.0 S.
13404.0 17836.0 496.0 108.0 Bigelow,

11752.0 17956.0 608.0 108.0 Democrat,
12444.0 17960.0 292.0 108.0 Ohio,
12812.0 17968.0 244.0 92.0 who
13140.0 17992.0 120.0 68.0 as
13336.0 17964.0 564.0 100.0 President

11752.0 18096.0 104.0 88.0 of
11928.0 18092.0 180.0 92.0 the
12184.0 18096.0 276.0 92.0 Ohio
12524.0 18100.0 824.0 96.0 Constitutional
13424.0 18104.0 428.0 92.0 Conven-

11756.0 18232.0 212.0 92.0 tion
12076.0 18228.0 104.0 92.0 In
12296.0 18232.0 252.0 104.0 1912,
12656.0 18232.0 384.0 112.0 fought
13144.0 18268.0 60.0 64.0 a
13304.0 18240.0 592.0 92.0 successful

11752.0 18364.0 272.0 104.0 fight
12084.0 18372.0 108.0 84.0 to
12256.0 18368.0 408.0 92.0 Include
12716.0 18368.0 636.0 96.0 workmen's
13404.0 18396.0 448.0 88.0 compen

11700.0 18496.0 8.0 120.0 j
11752.0 18504.0 340.0 84.0 sation
12180.0 18496.0 108.0 100.0 In
12368.0 18504.0 180.0 88.0 the
12624.0 18508.0 724.0 104.0 constitution,
13424.0 18508.0 472.0 108.0 charged

11748.0 19312.0 252.0 96.0 cism
12088.0 19312.0 136.0 112.0 by
12308.0 19316.0 876.0 108.0 Representative
13260.0 19316.0 108.0 96.0 E.
13452.0 19316.0 116.0 88.0 E.
13648.0 19320.0 244.0 96.0 Cox,

11748.0 19444.0 604.0 108.0 Democrat,
12424.0 19452.0 476.0 108.0 Georgia,
12968.0 19452.0 116.0 88.0 of
13152.0 19452.0 564.0 108.0 Secretary
13788.0 19452.0 112.0 88.0 of

11752.0 19584.0 336.0 88.0 Ijihor
12160.0 19580.0 532.0 100.0 Perkins's
12756.0 19588.0 620.0 108.0 auggetion
13444.0 19592.0 112.0 84.0 to
13628.0 19584.0 228.0 88.0 Gov-

11748.0 19740.0 308.0 64.0 ernor
12136.0 19716.0 364.0 112.0 Davey
12580.0 19720.0 108.0 88.0 of
12764.0 19724.0 272.0 88.0 Ohio
13124.0 19724.0 232.0 84.0 that
13432.0 19716.0 136.0 92.0 he
13648.0 19720.0 244.0 88.0 "use

11748.0 19856.0 168.0 84.0 the
11988.0 19852.0 540.0 112.0 subpoena
12592.0 19880.0 348.0 88.0 power
13008.0 19852.0 116.0 92.0 of
13192.0 19856.0 172.0 84.0 the
13436.0 19856.0 284.0 84.0 state
13788.0 19860.0 104.0 80.0 to

11744.0 19988.0 172.0 108.0 put
11988.0 19992.0 408.0 88.0 certain
12464.0 19992.0 400.0 88.0 official
12996.0 19988.0 116.0 88.0 of
13172.0 19988.0 176.0 88.0 the
13412.0 19984.0 260.0 92.0 steel
13748.0 19984.0 96.0 92.0 In-

11744.0 20120.0 364.0 112.0 dustry
12220.0 20124.0 104.0 92.0 in
12432.0 20124.0 460.0 96.0 duress."
13008.0 20124.0 460.0 104.0 Bigelow
13572.0 20120.0 284.0 84.0 advo-

11740.0 20256.0 296.0 88.0 cated
12180.0 20256.0 672.0 116.0 compulsory
12984.0 20252.0 660.0 112.0 recognition
13776.0 20244.0 116.0 92.0 of

11740.0 20396.0 312.0 88.0 union
12124.0 20388.0 332.0 96.0 labor.

11856.0 20532.0 200.0 88.0 "As
12144.0 20552.0 64.0 68.0 a
12296.0 20524.0 464.0 96.0 member
12844.0 20520.0 120.0 92.0 of
13048.0 20508.0 624.0 112.0 Congress,"
13756.0 20512.0 128.0 92.0 he

11732.0 20660.0 252.0 100.0 said.
12064.0 20664.0 104.0 84.0 "I
12256.0 20660.0 336.0 92.0 would
12664.0 20660.0 244.0 84.0 vote
12984.0 20656.0 116.0 80.0 to
13172.0 20664.0 180.0 68.0 use
13428.0 20648.0 180.0 84.0 the
13680.0 20648.0 196.0 92.0 last

11740.0 20800.0 256.0 88.0 limit
12076.0 20796.0 120.0 92.0 of
12272.0 20784.0 808.0 104.0 constitutional
13156.0 20784.0 540.0 112.0 authority
13776.0 20784.0 100.0 92.0 in

11732.0 20956.0 128.0 68.0 an
11928.0 20928.0 464.0 104.0 attempt
12460.0 20924.0 104.0 84.0 to
12620.0 20916.0 404.0 112.0 compel
13088.0 20916.0 176.0 88.0 the
13324.0 20920.0 292.0 104.0 large
13676.0 20944.0 164.0 68.0 em-

11736.0 21068.0 416.0 112.0 ployers
12272.0 21052.0 116.0 92.0 of
12504.0 21052.0 288.0 92.0 labor
12904.0 21060.0 116.0 80.0 to
13132.0 21056.0 448.0 84.0 concede
13704.0 21056.0 172.0 88.0 the

11732.0 21196.0 288.0 100.0 right
12100.0 21184.0 120.0 96.0 of
12304.0 21184.0 728.0 112.0 organization
13124.0 21188.0 200.0 88.0 and
13408.0 21192.0 108.0 88.0 to
13600.0 21192.0 272.0 84.0 treat

11736.0 21328.0 248.0 88.0 with
12084.0 21320.0 228.0 92.0 free
12404.0 21320.0 204.0 92.0 and
12696.0 21320.0 708.0 112.0 independent
13496.0 21324.0 384.0 92.0 unions

11732.0 21460.0 108.0 88.0 of
11904.0 21452.0 396.0 92.0 labor."

11764.0 21780.0 656.0 196.0 Former
12488.0 21768.0 520.0 208.0 Sailor
13080.0 21772.0 384.0 204.0 Held

12240.0 22076.0 168.0 196.0 In
12480.0 22072.0 664.0 244.0 Slaving
13208.0 22080.0 180.0 196.0 Of
13448.0 22072.0 428.0 212.0 (Jirls

11748.0 22644.0 832.0 108.0 continued
12652.0 22652.0 400.0 100.0 from
13120.0 22648.0 372.0 100.0 page
13564.0 22656.0 316.0 96.0 one.

11736.0 22888.0 460.0 108.0 Quentin
12284.0 22892.0 392.0 96.0 Prison.
12780.0 22892.0 168.0 92.0 He
13024.0 22892.0 228.0 92.0 said
13324.0 22892.0 256.0 92.0 Dow
13660.0 22896.0 220.0 88.0 also

11688.0 23016.0 12.0 64.0 !
11744.0 23024.0 516.0 56.0 oilmlitAit
12556.0 23052.0 212.0 28.0 ....
12848.0 23024.0 756.0 56.0 ctmrnmoi-aKlo
13688.0 23028.0 160.0 52.0 Aim

11744.0 23080.0 284.0 32.0 dvtiiii
12048.0 23080.0 24.0 28.0 i
12140.0 23080.0 28.0 28.0 i
12204.0 23080.0 36.0 32.0 i
12352.0 23080.0 128.0 36.0 no
12568.0 23080.0 204.0 36.0 nan
12852.0 23080.0 740.0 60.0 uiouuuuiauij
13688.0 23080.0 160.0 40.0 uia

11748.0 23160.0 464.0 104.0 charged
12292.0 23160.0 268.0 92.0 from
12632.0 23164.0 176.0 88.0 the
12880.0 23160.0 336.0 112.0 Navy.

11860.0 23292.0 228.0 92.0 The
12148.0 23300.0 524.0 108.0 arresting
12732.0 23296.0 472.0 108.0 officers,
13264.0 23292.0 128.0 100.0 H.
13448.0 23296.0 136.0 96.0 H.
13648.0 23296.0 204.0 96.0 Per

11752.0 23452.0 116.0 88.0 ry
11940.0 23432.0 212.0 88.0 and
12236.0 23436.0 124.0 92.0 R.
12440.0 23432.0 88.0 92.0 S.
12604.0 23432.0 580.0 104.0 Robinson,
13324.0 23436.0 228.0 92.0 said
13628.0 23436.0 260.0 96.0 Dow

11752.0 23568.0 188.0 88.0 has
12020.0 23572.0 352.0 88.0 tattoo
12448.0 23576.0 360.0 88.0 marks
12880.0 23592.0 136.0 68.0 on
13100.0 23572.0 160.0 92.0 his
13332.0 23596.0 236.0 68.0 arm
13648.0 23580.0 200.0 88.0 sim

11752.0 23704.0 196.0 92.0 ilar
12020.0 23704.0 120.0 88.0 to
12208.0 23708.0 304.0 88.0 those
12584.0 23712.0 176.0 88.0 the
12832.0 23708.0 272.0 92.0 slain
13188.0 23712.0 276.0 88.0 eirls'
13540.0 23716.0 348.0 84.0 sister.

11688.0 23808.0 12.0 140.0 j
11748.0 23840.0 324.0 100.0 Olive,
12148.0 23840.0 540.0 96.0 described
12764.0 23868.0 120.0 68.0 as
12964.0 23848.0 388.0 108.0 having
13424.0 23872.0 252.0 68.0 seen
13752.0 23876.0 132.0 68.0 on

11688.0 23916.0 12.0 188.0 j
11748.0 23980.0 172.0 88.0 the
11980.0 24000.0 240.0 76.0 arm
12272.0 23976.0 116.0 96.0 of
12436.0 23980.0 172.0 92.0 the
12668.0 24004.0 244.0 68.0 man
12972.0 23984.0 232.0 88.0 who
13260.0 23984.0 204.0 92.0 last
13524.0 23988.0 360.0 92.0 Satur-

11684.0 24112.0 12.0 88.0 l
11748.0 24116.0 196.0 112.0 day
12032.0 24116.0 300.0 92.0 lured
12416.0 24112.0 360.0 100.0 Melba.
12864.0 24120.0 84.0 100.0 9,
13036.0 24116.0 204.0 96.0 and
13328.0 24116.0 552.0 108.0 Madeline,

12068.0 24252.0 20.0 12.0 .

11880.0 24252.0 212.0 88.0 and
12176.0 24252.0 488.0 96.0 Jeanette
12740.0 24252.0 500.0 112.0 Marjorie
13316.0 24264.0 552.0 104.0 Stephens.

11740.0 24384.0 76.0 96.0 8.
11908.0 24392.0 112.0 84.0 to
12108.0 24392.0 284.0 88.0 their
12476.0 24392.0 308.0 88.0 death
12940.0 24392.0 104.0 88.0 in
13132.0 24392.0 172.0 88.0 the
13392.0 24396.0 484.0 92.0 Baldwin

11680.0 24532.0 12.0 76.0 I
11740.0 24520.0 300.0 92.0 Hills.

11676.0 24632.0 16.0 160.0 j
11852.0 24660.0 252.0 92.0 Mrs.
12172.0 24660.0 428.0 92.0 Everett
12668.0 24664.0 368.0 116.0 nearly
13100.0 24664.0 400.0 96.0 fainted
13564.0 24672.0 308.0 92.0 when

11680.0 24828.0 8.0 84.0 ;
11736.0 24800.0 180.0 88.0 she
11984.0 24824.0 232.0 68.0 saw
12284.0 24804.0 176.0 88.0 the
12528.0 24804.0 368.0 112.0 dainty
12968.0 24804.0 232.0 88.0 blue
13268.0 24804.0 204.0 92.0 and
13552.0 24816.0 316.0 92.0 white

11680.0 24916.0 12.0 60.0 :
11736.0 24936.0 292.0 112.0 piece

11860.0 25076.0 180.0 92.0 "Ol

12088.0 24936.0 124.0 92.0 of
12268.0 24936.0 304.0 96.0 cloth.

11860.0 25096.0 256.0 84.0 "un,
12220.0 25096.0 180.0 92.0 My
12488.0 25096.0 332.0 76.0 l.od:"
12924.0 25096.0 188.0 80.0 she
13204.0 25096.0 312.0 84.0 cried.
13620.0 25096.0 244.0 92.0 "We

12464.0 25220.0 848.0 192.0 t'T

11744.0 25356.0 264.0 88.0 that.
12092.0 25352.0 48.0 88.0 I
12224.0 25356.0 308.0 92.0 think
12612.0 25352.0 344.0 96.0 Melba
13044.0 25352.0 200.0 100.0 had
13328.0 25364.0 76.0 92.0 It
13488.0 25368.0 108.0 88.0 in
13680.0 25368.0 188.0 92.0 her

11744.0 25480.0 380.0 116.0 pocket
12220.0 25496.0 300.0 88.0 when
12608.0 25492.0 180.0 88.0 .he
12880.0 25492.0 692.0 116.0 disappeared
13664.0 25504.0 200.0 92.0 hut

11744.0 25620.0 624.0 96.0 Saturday."

11860.0 25752.0 332.0 104.0 oiivc.
12296.0 25768.0 192.0 96.0 too,
12588.0 25752.0 368.0 104.0 looked
13056.0 25768.0 112.0 92.0 at
13260.0 25768.0 176.0 100.0 the
13536.0 25768.0 328.0 100.0 hand-

11744.0 25888.0 508.0 100.0 imhiet
12556.0 25912.0 56.0 56.0 .

11844.0 26020.0 340.0 100.0 "That
12272.0 26028.0 76.0 88.0 it
12436.0 26028.0 168.0 92.0 is.-
12688.0 26036.0 184.0 88.0 .he
12956.0 26036.0 256.0 96.0 said.
13352.0 26036.0 108.0 96.0 "I
13548.0 26040.0 312.0 96.0 know

11748.0 26164.0 344.0 76.0 Melba
12168.0 26164.0 204.0 76.0 bad
12448.0 26172.0 56.0 68.0 ii
12560.0 26168.0 8.0 24.0 '

11680.0 26300.0 12.0 100.0 i
11864.0 26292.0 264.0 96.0 Dow
12208.0 26324.0 220.0 68.0 was
12504.0 26308.0 364.0 108.0 picked
12956.0 26336.0 140.0 84.0 up
13176.0 26312.0 128.0 108.0 by
13392.0 26320.0 184.0 88.0 the
13656.0 26324.0 204.0 88.0 two

11744.0 26432.0 468.0 116.0 officers,
12296.0 26448.0 244.0 108.0 they
12612.0 26448.0 260.0 100.0 said,
12952.0 26456.0 292.0 84.0 when
13336.0 26456.0 124.0 88.0 he
13552.0 26464.0 300.0 84.0 acted

11680.0 26500.0 12.0 116.0 !
11740.0 26576.0 700.0 104.0 suspiciously
12496.0 26600.0 116.0 68.0 a,
12668.0 26580.0 252.0 116.0 they
12984.0 26592.0 696.0 104.0 app.oached.

11676.0 26684.0 12.0 128.0 I
11860.0 26708.0 412.0 96.0 Sheriff
12332.0 26708.0 420.0 112.0 Eugene
12816.0 26720.0 516.0 100.0 Biscailuz
13384.0 26732.0 232.0 88.0 said
13680.0 26736.0 176.0 88.0 the

11680.0 26868.0 8.0 68.0 i
11744.0 26868.0 244.0 64.0 man
12068.0 26848.0 340.0 92.0 would
12488.0 26868.0 172.0 76.0 not
12740.0 26856.0 120.0 88.0 be
12944.0 26860.0 312.0 96.0 taken
13336.0 26876.0 108.0 80.0 to
13520.0 26868.0 296.0 92.0 Ingle

12952.0 26912.0 304.0 44.0 iobui
13336.0 26912.0 108.0 44.0 iu
13524.0 26912.0 292.0 56.0 indie

11744.0 26980.0 324.0 104.0 wood,
12144.0 26980.0 188.0 96.0 hut
12404.0 26992.0 200.0 88.0 will
12684.0 26992.0 120.0 92.0 be
12888.0 26992.0 244.0 116.0 kept
13216.0 27004.0 96.0 88.0 in
13392.0 27004.0 188.0 84.0 the
13660.0 27004.0 196.0 96.0 Los

11840.0 27128.0 456.0 92.0 Angeieg
12360.0 27128.0 200.0 84.0 Jail
12628.0 27128.0 104.0 84.0 to
12800.0 27136.0 436.0 104.0 prevent
13300.0 27156.0 212.0 92.0 any
13576.0 27132.0 276.0 104.0 dero-

11856.0 27384.0 352.0 60.0 iv.ii...
12320.0 27392.0 228.0 52.0 ...i.

12016.0 27392.0 224.0 104.0 ''p.
12316.0 27392.0 424.0 112.0 seeking
12820.0 27424.0 64.0 68.0 a
12964.0 27424.0 244.0 72.0 man
13280.0 27404.0 392.0 100.0 known
13748.0 27412.0 108.0 92.0 to

11740.0 27524.0 288.0 88.0 them
12120.0 27552.0 120.0 64.0 as
12332.0 27528.0 380.0 96.0 "Eddie
12804.0 27540.0 184.0 84.0 the
13080.0 27544.0 328.0 88.0 Sailor

13592.0 27548.0 260.0 92.0 have

11680.0 27612.0 12.0 124.0 !
11736.0 27656.0 256.0 92.0 been
12064.0 27660.0 424.0 96.0 pttMled
12548.0 27664.0 132.0 92.0 bv
12732.0 27672.0 364.0 84.0 varied
13156.0 27680.0 704.0 76.0 H.rrlntl.

11736.0 27792.0 112.0 96.0 of
11912.0 27796.0 104.0 92.0 hi
12144.0 27820.0 584.0 96.0 anrcaianc
12856.0 27812.0 212.0 96.0 and
13128.0 27816.0 500.0 128.0 clothing.

14064.0 1544.0 816.0 384.0 TRIPLE
15024.0 1520.0 952.0 384.0 MURDER

13984.0 2272.0 176.0 216.0 Is
14296.0 2256.0 672.0 224.0 Denied
15112.0 2256.0 240.0 264.0 By
15496.0 2120.0 640.0 336.0 Irwin.1

14000.0 2856.0 496.0 128.0 Sciililor
14612.0 2844.0 396.0 132.0 I'lcatls
15128.0 2840.0 508.0 124.0 Innorfiit

14128.0 3052.0 588.0 164.0 Arrais'U'd
14972.0 3044.0 276.0 128.0 Trial
15368.0 3040.0 256.0 156.0 May
15740.0 3032.0 204.0 128.0 Not

14240.0 3272.0 300.0 128.0 Start
14616.0 3256.0 44.0 128.0 I
14712.0 3256.0 196.0 128.0 ntil
14992.0 3248.0 252.0 124.0 Late
15308.0 3256.0 528.0 112.0 Summer.

14104.0 3768.0 248.0 96.0 New
14432.0 3760.0 320.0 108.0 York,
14828.0 3756.0 272.0 92.0 June
15180.0 3752.0 104.0 88.0 30
15416.0 3760.0 28.0 88.0 t
15468.0 3744.0 220.0 96.0 AP)
15724.0 3792.0 56.0 16.0 -
15824.0 3732.0 224.0 100.0 Rob-

13988.0 3940.0 156.0 88.0 ert
14216.0 3928.0 340.0 108.0 Irwin,
14636.0 3928.0 284.0 92.0 after
14992.0 3948.0 60.0 64.0 a
15124.0 3908.0 372.0 100.0 formal
15576.0 3900.0 332.0 100.0 denial
15988.0 3896.0 100.0 92.0 In

13988.0 4108.0 296.0 92.0 court
14388.0 4096.0 232.0 92.0 that
14724.0 4088.0 132.0 96.0 he
14960.0 4108.0 216.0 68.0 waa
15276.0 4076.0 328.0 116.0 guilty
15704.0 4068.0 112.0 96.0 of
15916.0 4064.0 172.0 92.0 the

13992.0 4268.0 376.0 92.0 Eaater
14452.0 4260.0 488.0 108.0 morning
15024.0 4252.0 456.0 108.0 slayings
15560.0 4264.0 128.0 68.0 on
15772.0 4232.0 280.0 96.0 Beck-

14000.0 4460.0 236.0 68.0 man
14296.0 4428.0 240.0 108.0 Hill,
14592.0 4420.0 452.0 96.0 awaited
15108.0 4420.0 92.0 88.0 In
15240.0 4408.0 432.0 96.0 historic
15712.0 4396.0 368.0 100.0 Tombs

13996.0 4600.0 368.0 88.0 Pilson
14452.0 4596.0 412.0 92.0 tonight
14968.0 4612.0 64.0 64.0 a
15116.0 4584.0 192.0 88.0 call
15400.0 4584.0 108.0 88.0 to
15600.0 4572.0 236.0 92.0 trial
15928.0 4568.0 164.0 88.0 for

14000.0 4776.0 172.0 88.0 the
14260.0 4768.0 420.0 92.0 murder
14764.0 4764.0 116.0 88.0 of
14964.0 4780.0 56.0 64.0 a
15108.0 4744.0 504.0 96.0 beautiful
15696.0 4736.0 388.0 96.0 artists'

13992.0 4932.0 360.0 104.0 model,
14412.0 4932.0 184.0 92.0 her
14656.0 4924.0 440.0 96.0 mother,
15152.0 4912.0 192.0 96.0 and
15408.0 4932.0 56.0 72.0 a
15524.0 4924.0 404.0 76.0 roomer
15988.0 4896.0 100.0 96.0 In

13996.0 5104.0 264.0 88.0 their
14328.0 5100.0 328.0 88.0 home.

14108.0 5264.0 492.0 104.0 Through
14696.0 5256.0 104.0 92.0 hi
14956.0 5252.0 480.0 104.0 attorney
15528.0 5240.0 308.0 96.0 Irwin
15932.0 5260.0 124.0 64.0 en-

14000.0 5428.0 280.0 96.0 tered
14348.0 5456.0 64.0 64.0 a
14472.0 5428.0 232.0 116.0 plea
14772.0 5420.0 112.0 92.0 of
14952.0 5424.0 176.0 88.0 not
15192.0 5412.0 328.0 116.0 guilty
15584.0 5412.0 292.0 88.0 when
15944.0 5428.0 120.0 64.0 ar-

14004.0 5592.0 420.0 116.0 raigned
14564.0 5592.0 104.0 92.0 In
14808.0 5580.0 544.0 96.0 Homicide
15488.0 5576.0 348.0 104.0 Court,
15968.0 5564.0 96.0 96.0 al-

14000.0 5764.0 392.0 112.0 though
14488.0 5760.0 124.0 88.0 he
14700.0 5752.0 208.0 92.0 had
15000.0 5748.0 300.0 92.0 made
15388.0 5736.0 400.0 100.0 several
15872.0 5756.0 192.0 72.0 con-

14004.0 5928.0 440.0 92.0 fessions
14504.0 5928.0 232.0 92.0 that
14800.0 5920.0 132.0 88.0 he
14996.0 5908.0 536.0 112.0 strangled
15592.0 5912.0 176.0 88.0 the
15832.0 5900.0 232.0 96.0 mod-

13996.0 6100.0 120.0 108.0 el,
14172.0 6092.0 512.0 96.0 Veronica
14748.0 6080.0 448.0 112.0 Gedeon,
15264.0 6080.0 196.0 92.0 and
15532.0 6076.0 188.0 92.0 her
15780.0 6068.0 284.0 96.0 moth-

14008.0 6284.0 140.0 88.0 er,
14244.0 6260.0 324.0 112.0 Mary,
14684.0 6256.0 212.0 88.0 and
15020.0 6240.0 428.0 100.0 stabbed
15572.0 6248.0 104.0 88.0 to
15792.0 6236.0 308.0 92.0 death

14012.0 6432.0 348.0 92.0 Frank
14432.0 6428.0 436.0 108.0 Byrne.

14112.0 6600.0 92.0 92.0 A
14268.0 6596.0 228.0 116.0 plea
14580.0 6592.0 108.0 92.0 of
14764.0 6588.0 260.0 112.0 guilt
15104.0 6580.0 104.0 96.0 to
15280.0 6580.0 176.0 92.0 the
15536.0 6576.0 384.0 112.0 charge
15996.0 6572.0 108.0 92.0 of

14004.0 6792.0 64.0 64.0 a
14148.0 6760.0 384.0 112.0 capital
14608.0 6760.0 328.0 88.0 crime
15020.0 6748.0 80.0 100.0 la
15184.0 6752.0 168.0 92.0 not
15432.0 6736.0 496.0 120.0 accepted
16012.0 6736.0 100.0 92.0 In

13996.0 6908.0 252.0 88.0 New
14312.0 6896.0 280.0 92.0 York
14652.0 6896.0 324.0 88.0 State.

14108.0 7036.0 344.0 96.0 Irwin,
14532.0 7028.0 212.0 92.0 still
14832.0 7024.0 460.0 108.0 wearing
15372.0 7016.0 176.0 92.0 the
15632.0 7004.0 468.0 116.0 rumpled

13996.0 7172.0 312.0 88.0 white
14376.0 7172.0 200.0 84.0 suit
14652.0 7164.0 128.0 88.0 he
14852.0 7160.0 208.0 88.0 had
15128.0 7180.0 124.0 64.0 on
15324.0 7156.0 300.0 88.0 when
15692.0 7148.0 124.0 88.0 he
15872.0 7168.0 188.0 96.0 fur-

14000.0 7304.0 496.0 92.0 rendered
14596.0 7300.0 104.0 88.0 In
14800.0 7292.0 456.0 108.0 Chicago
15344.0 7288.0 280.0 92.0 after
15720.0 7284.0 380.0 104.0 fleeing

14000.0 7444.0 264.0 88.0 from
14340.0 7460.0 60.0 64.0 a
14476.0 7420.0 564.0 104.0 Cleveland
15124.0 7424.0 296.0 100.0 hotel,
15500.0 7444.0 260.0 88.0 gave
15840.0 7416.0 260.0 92.0 brief

13992.0 7592.0 464.0 72.0 answers
14532.0 7576.0 108.0 80.0 to
14720.0 7560.0 384.0 100.0 formal
15176.0 7560.0 536.0 112.0 questions
15784.0 7576.0 116.0 68.0 as
15980.0 7548.0 124.0 88.0 he

14004.0 7732.0 204.0 68.0 waa
14300.0 7704.0 428.0 92.0 booked.

14116.0 7844.0 212.0 92.0 The
14388.0 7844.0 300.0 84.0 court
14744.0 7840.0 156.0 84.0 set
14968.0 7832.0 232.0 112.0 July
15260.0 7828.0 108.0 88.0 IS
15428.0 7848.0 120.0 68.0 as
15608.0 7824.0 172.0 92.0 the
15844.0 7816.0 260.0 96.0 final

13996.0 7980.0 200.0 108.0 day
14324.0 7976.0 164.0 92.0 for
14612.0 7972.0 484.0 96.0 motions,
15220.0 7956.0 576.0 112.0 indicating
15924.0 7952.0 176.0 92.0 tho

13996.0 8108.0 240.0 84.0 trial
14348.0 8108.0 324.0 84.0 would
14788.0 8100.0 316.0 92.0 likely
15204.0 8100.0 176.0 88.0 not
15492.0 8104.0 172.0 88.0 get
15772.0 8092.0 328.0 88.0 under

13992.0 8268.0 228.0 88.0 way
14280.0 8240.0 356.0 92.0 before
14700.0 8240.0 208.0 88.0 late
14976.0 8252.0 476.0 72.0 summer.

14112.0 8376.0 584.0 100.0 Leibowitz,
14792.0 8376.0 232.0 84.0 who
15112.0 8376.0 324.0 80.0 called
15536.0 8376.0 156.0 76.0 his
15780.0 8376.0 316.0 76.0 client

14024.0 8508.0 332.0 68.0 Wiu
14432.0 8540.0 112.0 36.0 am
14624.0 8532.0 48.0 44.0 n
14764.0 8496.0 460.0 80.0 heHhuir"
15312.0 8496.0 100.0 80.0 In
15488.0 8492.0 300.0 84.0 court
15868.0 8512.0 180.0 64.0 yes

13984.0 8648.0 400.0 112.0 terday,
14468.0 8636.0 552.0 100.0 remarked
15108.0 8644.0 100.0 84.0 to
15288.0 8628.0 400.0 92.0 friends
15772.0 8624.0 312.0 112.0 today

14000.0 8792.0 228.0 84.0 that
14320.0 8792.0 268.0 80.0 "this
14680.0 8792.0 88.0 80.0 is
14856.0 8792.0 176.0 72.0 tne
15120.0 8792.0 264.0 64.0 most
15480.0 8792.0 612.0 76.0 interesting

13988.0 8940.0 240.0 60.0 case
14312.0 8920.0 48.0 80.0 I
14444.0 8920.0 264.0 80.0 have
14796.0 8932.0 244.0 68.0 ever
15124.0 8904.0 224.0 92.0 had.
15432.0 8900.0 196.0 88.0 due
15716.0 8904.0 104.0 84.0 to
15904.0 8896.0 176.0 88.0 the

13984.0 9048.0 320.0 92.0 social
14436.0 9044.0 724.0 116.0 Implications.
15352.0 9032.0 224.0 96.0 You
15696.0 9036.0 380.0 88.0 cannot

13992.0 9184.0 172.0 88.0 tell
14268.0 9188.0 228.0 84.0 how
14592.0 9204.0 316.0 88.0 many
15012.0 9196.0 272.0 68.0 more
15384.0 9184.0 392.0 84.0 fellows
15880.0 9184.0 200.0 72.0 line

14004.0 9320.0 312.0 88.0 Irwin
14428.0 9348.0 180.0 64.0 are
14724.0 9316.0 452.0 108.0 running
15280.0 9304.0 396.0 92.0 around
15792.0 9300.0 300.0 88.0 loose.

14000.0 9456.0 40.0 88.0 I
14116.0 9452.0 260.0 112.0 hope
14448.0 9456.0 232.0 88.0 that
14748.0 9452.0 388.0 104.0 society
15204.0 9444.0 232.0 104.0 will,
15504.0 9440.0 456.0 104.0 learning
16032.0 9464.0 60.0 64.0 a

14000.0 9588.0 332.0 88.0 lesson
14424.0 9584.0 272.0 96.0 from
14788.0 9588.0 176.0 84.0 the
15052.0 9584.0 300.0 88.0 Irwin
15436.0 9600.0 264.0 72.0 case,
15792.0 9568.0 296.0 92.0 make

13988.0 9748.0 60.0 64.0 a
14128.0 9744.0 284.0 68.0 more
14496.0 9720.0 376.0 112.0 logical
14960.0 9716.0 192.0 88.0 and
15236.0 9732.0 248.0 68.0 sane
15564.0 9708.0 512.0 112.0 approach

14000.0 9860.0 100.0 84.0 to
14216.0 9856.0 176.0 84.0 the
14512.0 9852.0 472.0 116.0 problem
15096.0 9848.0 108.0 92.0 of
15316.0 9844.0 412.0 112.0 dealing
15844.0 9844.0 244.0 88.0 with

14000.0 9988.0 172.0 88.0 the
14264.0 9988.0 492.0 92.0 criminal
14852.0 9980.0 440.0 96.0 insane."

14652.0 11348.0 488.0 132.0 Powerful
15188.0 11344.0 472.0 116.0 Southern
15716.0 11352.0 328.0 128.0 Pacific

14656.0 11500.0 612.0 104.0 locomolivei
15348.0 11504.0 236.0 104.0 with
15652.0 11504.0 156.0 104.0 the
15876.0 11504.0 168.0 104.0 cab

14656.0 11656.0 100.0 96.0 in
14820.0 11656.0 260.0 120.0 front
15144.0 11648.0 300.0 108.0 uhitk
15512.0 11652.0 156.0 104.0 the
15740.0 11656.0 264.0 128.0 Forty-

14660.0 11804.0 308.0 100.0 Niner
15008.0 11840.0 216.0 64.0 oirr
15372.0 11840.0 48.0 60.0 e
15452.0 11800.0 592.0 132.0 HighSierra

14224.0 13904.0 3856.0 576.0 FOrTY'Mnee

14488.0 14640.0 148.0 184.0 A
14744.0 14640.0 832.0 184.0 luxurious
15652.0 14712.0 340.0 116.0 new
16064.0 14648.0 1020.0 228.0 super-speed
17160.0 14672.0 420.0 164.0 train
17672.0 14696.0 140.0 140.0 to

14828.0 14892.0 336.0 192.0 San
15244.0 14900.0 860.0 184.0 Francisco
16184.0 14920.0 688.0 216.0 starting
16936.0 14912.0 388.0 224.0 July
17400.0 14912.0 96.0 188.0 8

14184.0 15280.0 524.0 128.0 douthrrn
14780.0 15304.0 336.0 108.0 Pacific
15188.0 15304.0 80.0 108.0 is
15344.0 15304.0 304.0 132.0 proud
15724.0 15336.0 96.0 80.0 to
15888.0 15344.0 116.0 68.0 an-

14188.0 15472.0 372.0 68.0 nounce
14620.0 15440.0 200.0 100.0 this
14876.0 15440.0 536.0 108.0 luxurious,
15468.0 15440.0 232.0 120.0 high
15756.0 15440.0 284.0 128.0 speed

14188.0 15572.0 248.0 100.0 train
14508.0 15604.0 136.0 68.0 on
14720.0 15572.0 164.0 100.0 the
14956.0 15572.0 296.0 104.0 direct
15324.0 15576.0 712.0 100.0 OVtRLANO

14184.0 15700.0 440.0 104.0 ROUTE
14684.0 15728.0 108.0 76.0 to
14848.0 15704.0 180.0 100.0 San
15088.0 15704.0 520.0 100.0 Francisco.
15664.0 15704.0 372.0 104.0 Named

14180.0 15828.0 256.0 108.0 after
14484.0 15832.0 164.0 100.0 the
14700.0 15832.0 440.0 128.0 pioneers
15188.0 15832.0 228.0 100.0 who
15464.0 15832.0 368.0 104.0 crossed
15884.0 15840.0 156.0 96.0 the

14188.0 15964.0 324.0 124.0 plains
14568.0 15964.0 108.0 100.0 in
14740.0 15964.0 164.0 100.0 the
14964.0 15964.0 384.0 124.0 stirring
15412.0 15960.0 224.0 128.0 days
15688.0 15968.0 108.0 100.0 of
15860.0 15976.0 176.0 112.0 '49,

14188.0 16100.0 164.0 96.0 the
14440.0 16096.0 652.0 124.0 t'orty-Niner
15172.0 16100.0 208.0 100.0 will
15472.0 16096.0 224.0 104.0 flash
15788.0 16100.0 244.0 104.0 from

14188.0 16228.0 436.0 124.0 Chicago
14708.0 16252.0 108.0 76.0 to
14900.0 16232.0 180.0 100.0 San
15164.0 16228.0 488.0 108.0 Francisco
15732.0 16232.0 96.0 104.0 in
15916.0 16248.0 116.0 88.0 50

14184.0 16356.0 304.0 104.0 hoirrs
14584.0 16356.0 196.0 104.0 and
14872.0 16364.0 120.0 100.0 42
15088.0 16364.0 436.0 100.0 minutes.
15620.0 16364.0 144.0 100.0 An
15860.0 16368.0 128.0 100.0 all-

14192.0 16492.0 444.0 100.0 Pullman
14712.0 16492.0 248.0 100.0 train
15024.0 16492.0 108.0 100.0 of
15204.0 16492.0 596.0 108.0 streamlined
15868.0 16496.0 116.0 100.0 de-

14188.0 16624.0 216.0 120.0 sign
14488.0 16624.0 240.0 96.0 with
14824.0 16624.0 488.0 100.0 luxurious
15392.0 16628.0 592.0 104.0 accommoda-

14192.0 16756.0 256.0 96.0 tions
14504.0 16756.0 108.0 96.0 of
14680.0 16752.0 160.0 104.0 the
14904.0 16760.0 260.0 96.0 latest
15228.0 16784.0 244.0 100.0 type,
15540.0 16760.0 476.0 120.0 iniluding

14192.0 16884.0 552.0 116.0 bedrooms,
14848.0 16888.0 152.0 100.0 the
15092.0 16892.0 620.0 120.0 Forly-Siner
15812.0 16900.0 200.0 92.0 will

14196.0 17012.0 276.0 104.0 make
14556.0 17028.0 184.0 92.0 live
14820.0 17016.0 300.0 104.0 round
15208.0 17024.0 236.0 124.0 trips
15528.0 17060.0 48.0 64.0 a
15660.0 17024.0 356.0 112.0 month,

14192.0 17152.0 576.0 120.0 alternating
14860.0 17156.0 224.0 96.0 with
15176.0 17152.0 156.0 100.0 the
15424.0 17156.0 592.0 104.0 Streamliner

14200.0 17284.0 216.0 116.0 City
14476.0 17284.0 100.0 120.0 of
14628.0 17288.0 188.0 96.0 San
14880.0 17288.0 512.0 108.0 Framisco,
15452.0 17288.0 176.0 100.0 and
15688.0 17296.0 324.0 116.0 giving

14196.0 17412.0 616.0 128.0 super-speed
14904.0 17420.0 228.0 96.0 train
15224.0 17424.0 348.0 96.0 servke
15656.0 17452.0 92.0 68.0 to
15836.0 17428.0 176.0 92.0 San

14200.0 17548.0 496.0 100.0 Francisco
14744.0 17584.0 272.0 88.0 every
15072.0 17548.0 256.0 100.0 ihrce
15376.0 17548.0 248.0 104.0 davs.
15680.0 17556.0 76.0 96.0 It
15812.0 17556.0 196.0 96.0 will

14192.0 17676.0 244.0 100.0 have
14528.0 17676.0 864.0 104.0 stewardess-nurse
15484.0 17684.0 88.0 100.0 in
15664.0 17680.0 312.0 104.0 attend-

14192.0 17844.0 256.0 68.0 ance.
14516.0 17812.0 284.0 100.0 Fxtra
14868.0 17808.0 192.0 104.0 fare
15120.0 17816.0 196.0 96.0 will
15388.0 17812.0 112.0 100.0 be
15564.0 17816.0 200.0 112.0 $10.

14320.0 17944.0 180.0 96.0 For
14572.0 17940.0 160.0 104.0 the
14800.0 17936.0 316.0 108.0 fastest
15180.0 17940.0 260.0 132.0 daily
15504.0 17952.0 340.0 100.0 service
15912.0 17976.0 100.0 76.0 to

14188.0 18076.0 188.0 96.0 San
14440.0 18076.0 528.0 112.0 Francisco,
15024.0 18072.0 208.0 104.0 take
15288.0 18112.0 180.0 68.0 our
15532.0 18080.0 476.0 100.0 luxurious

14184.0 18200.0 508.0 104.0 Overland
14776.0 18208.0 400.0 100.0 Limited
15252.0 18244.0 116.0 64.0 or
15452.0 18212.0 152.0 100.0 the
15680.0 18212.0 328.0 120.0 Pacific

14184.0 18336.0 452.0 100.0 Limited.
14684.0 18336.0 332.0 104.0 Direct
15064.0 18344.0 352.0 96.0 service
15464.0 18368.0 96.0 72.0 to
15612.0 18344.0 160.0 96.0 I.os
15824.0 18348.0 144.0 92.0 An-

14188.0 18468.0 264.0 120.0 geles
14504.0 18496.0 132.0 68.0 on
14700.0 18468.0 156.0 96.0 the
14912.0 18464.0 368.0 108.0 famous
15332.0 18472.0 364.0 100.0 Golden
15752.0 18476.0 256.0 96.0 Slate

14184.0 18596.0 448.0 116.0 Limited,
14704.0 18596.0 588.0 128.0 Caiifornian
15356.0 18604.0 172.0 100.0 and
15584.0 18600.0 420.0 132.0 Apache,

14496.0 18820.0 196.0 120.0 SEE
14756.0 18820.0 348.0 124.0 TWICE
15176.0 18824.0 128.0 120.0 AS
15372.0 18824.0 320.0 124.0 MUCH

14188.0 18988.0 164.0 100.0 Co
14376.0 19016.0 236.0 72.0 west
14644.0 19024.0 124.0 64.0 on
14800.0 19024.0 176.0 68.0 one
15004.0 18992.0 96.0 96.0 of
15128.0 18992.0 452.0 100.0 Southern
15604.0 18988.0 400.0 112.0 Pacific's

14192.0 19124.0 204.0 96.0 FOI
14428.0 19124.0 104.0 96.0 W
14596.0 19124.0 448.0 100.0 SCFMC
15100.0 19120.0 484.0 104.0 ROL'TFS
15636.0 19124.0 176.0 104.0 and
15872.0 19164.0 92.0 64.0 re-

14188.0 19280.0 216.0 72.0 turn
14464.0 19284.0 132.0 68.0 on
14656.0 19252.0 396.0 100.0 another
15104.0 19284.0 204.0 64.0 one.
15372.0 19260.0 164.0 96.0 See
15588.0 19256.0 408.0 100.0 TWICE

14184.0 19388.0 156.0 92.0 AS
14404.0 19388.0 140.0 92.0 MI
14588.0 19384.0 204.0 96.0 CH
14856.0 19380.0 104.0 100.0 of
15020.0 19380.0 528.0 104.0 California
15604.0 19388.0 176.0 104.0 and
15848.0 19392.0 148.0 96.0 the

14184.0 19516.0 100.0 92.0 NX
14320.0 19544.0 140.0 68.0 est
14516.0 19544.0 104.0 64.0 as
14676.0 19544.0 188.0 88.0 you
14924.0 19512.0 316.0 100.0 would
15304.0 19512.0 120.0 124.0 by
15476.0 19520.0 280.0 124.0 going
15816.0 19520.0 176.0 100.0 and

14180.0 19644.0 500.0 120.0 returning
14732.0 19676.0 128.0 64.0 on
14916.0 19644.0 152.0 100.0 the
15124.0 19676.0 248.0 68.0 same
15432.0 19676.0 280.0 76.0 route.

14488.0 19852.0 248.0 120.0 LOW
14800.0 19856.0 496.0 128.0 SUMMER
15364.0 19872.0 312.0 124.0 FARES

14188.0 20020.0 176.0 100.0 For
14408.0 20032.0 480.0 120.0 example,
14940.0 20032.0 240.0 100.0 from
15232.0 20040.0 764.0 112.0 CINCINNATI

14176.0 20184.0 104.0 72.0 to
14340.0 20160.0 548.0 104.0 California
14952.0 20164.0 176.0 100.0 and
15200.0 20200.0 344.0 84.0 return,
15612.0 20184.0 380.0 108.0 $101.35

14176.0 20292.0 96.0 96.0 in
14356.0 20292.0 800.0 108.0 air-conditioned
15240.0 20308.0 428.0 104.0 standard
15752.0 20320.0 200.0 100.0 Pull-

14180.0 20460.0 268.0 72.0 mans
14536.0 20432.0 284.0 116.0 (plus
14904.0 20436.0 172.0 108.0 $10
15156.0 20472.0 260.0 72.0 extra
15500.0 20448.0 188.0 104.0 fare
15772.0 20460.0 220.0 96.0 each

14180.0 20596.0 208.0 84.0 way
14416.0 20596.0 124.0 64.0 on
14576.0 20564.0 220.0 100.0 ihtl
14836.0 20568.0 544.0 120.0 orlj-Niner
15408.0 20580.0 172.0 100.0 and
15612.0 20588.0 340.0 96.0 Stream-

14180.0 20692.0 244.0 100.0 liner
14488.0 20696.0 220.0 116.0 City
14768.0 20696.0 104.0 120.0 of
14920.0 20700.0 176.0 100.0 San
15152.0 20704.0 568.0 128.0 Francisco).
15784.0 20724.0 88.0 96.0 St
15892.0 20724.0 96.0 100.0 ill

14172.0 20820.0 308.0 108.0 lower
14512.0 20824.0 252.0 104.0 fares
14804.0 20828.0 92.0 96.0 in
14932.0 20832.0 776.0 116.0 air-conditioned
15740.0 20848.0 256.0 108.0 chair

14720.0 21196.0 1524.0 324.0 Southern
16396.0 21236.0 1180.0 316.0 Pacific

15192.0 21668.0 156.0 100.0 W.
15408.0 21672.0 76.0 128.0 J.
15540.0 21676.0 688.0 140.0 Montgomery,
16284.0 21700.0 412.0 108.0 General
16748.0 21708.0 320.0 128.0 Agent

14248.0 21828.0 184.0 96.0 408
14480.0 21828.0 456.0 108.0 Traction
14988.0 21836.0 304.0 132.0 Rlclg.,
15348.0 21848.0 152.0 100.0 5th
15548.0 21868.0 76.0 84.0 &
15676.0 21860.0 392.0 108.0 Waiout
16116.0 21876.0 212.0 120.0 Sts,
16372.0 21884.0 564.0 112.0 Cincinnati.
16988.0 21900.0 324.0 104.0 IW
17360.0 21908.0 368.0 104.0 MAIN
17796.0 21928.0 228.0 92.0 1602

14544.0 22760.0 1672.0 336.0 COUPON

14504.0 23240.0 1504.0 400.0 World's

15724.0 23808.0 144.0 116.0 W
15924.0 23808.0 768.0 160.0 VOLUMES)

14532.0 24016.0 3344.0 548.0 Encyclopedia

14148.0 24612.0 204.0 336.0 g
14476.0 24628.0 1028.0 220.0 ma
15552.0 24644.0 308.0 312.0 j!?.
15992.0 24652.0 1256.0 236.0 rasf,,

15324.0 26096.0 300.0 100.0 Toon
15672.0 26104.0 188.0 96.0 Tm

15364.0 26312.0 444.0 240.0 39c

15064.0 26600.0 196.0 96.0 Per
15312.0 26608.0 400.0 104.0 Volume
15768.0 26636.0 196.0 92.0 and

15268.0 26756.0 604.0 140.0 DiffeNtitlr

15032.0 26904.0 560.0 112.0 Numbered
15640.0 26932.0 208.0 92.0 Coo
15852.0 26964.0 248.0 88.0 pom

15080.0 27088.0 44.0 72.0 1
15224.0 27104.0 228.0 68.0 mam
15496.0 27100.0 172.0 80.0 Tm
15716.0 27116.0 88.0 68.0 n
15848.0 27120.0 212.0 76.0 onto

13948.0 27764.0 124.0 192.0 C

16176.0 1496.0 560.0 228.0 Radio
16820.0 1496.0 624.0 232.0 Boosts
17524.0 1492.0 540.0 232.0 Mark

16296.0 1800.0 252.0 232.0 Of
16616.0 1796.0 988.0 232.0 Cincinnati
17664.0 1800.0 536.0 272.0 Pilot,

16296.0 2096.0 744.0 288.0 Talking
17096.0 2096.0 536.0 240.0 From
17696.0 2104.0 624.0 232.0 Glider

16292.0 2644.0 436.0 108.0 Elmiia,
16796.0 2644.0 120.0 92.0 K
16988.0 2640.0 84.0 96.0 Y
17200.0 2640.0 284.0 88.0 June
17552.0 2636.0 756.0 108.0 30-(AP)--A

16184.0 2784.0 332.0 100.0 rlider
16616.0 2784.0 252.0 116.0 pilot
16968.0 2772.0 360.0 100.0 talked
17432.0 2776.0 320.0 112.0 today
17852.0 2780.0 176.0 92.0 for
18124.0 2780.0 184.0 88.0 the

16132.0 3016.0 8.0 28.0 ,
16184.0 2928.0 244.0 92.0 first
16512.0 2928.0 248.0 92.0 time
16848.0 2920.0 128.0 112.0 by
17060.0 2912.0 900.0 116.0 radio-telephone
18048.0 2916.0 260.0 92.0 with

16132.0 3016.0 224.0 144.0 ithe
16472.0 3064.0 488.0 108.0 operator
17068.0 3052.0 108.0 92.0 of
17288.0 3076.0 64.0 68.0 a
17468.0 3052.0 368.0 104.0 winch,
17956.0 3048.0 352.0 96.0 which

16132.0 3164.0 400.0 152.0 jticai'y
16596.0 3220.0 64.0 68.0 a
16728.0 3196.0 232.0 92.0 mile
17028.0 3208.0 300.0 88.0 away
17392.0 3208.0 212.0 68.0 was
17672.0 3184.0 412.0 116.0 pulling
18148.0 3184.0 168.0 96.0 his

16132.0 3324.0 276.0 128.0 !!ilp
16480.0 3336.0 212.0 88.0 into
16760.0 3336.0 176.0 84.0 the
17004.0 3332.0 160.0 88.0 nir
17232.0 3324.0 252.0 88.0 with
17552.0 3344.0 64.0 68.0 a
17680.0 3328.0 508.0 104.0 towrope.

16132.0 3432.0 8.0 128.0 !
16300.0 3468.0 220.0 92.0 The
16680.0 3464.0 652.0 112.0 experiment
17500.0 3476.0 220.0 72.0 was
17892.0 3448.0 412.0 96.0 termed

16128.0 3552.0 12.0 132.0 i
16184.0 3604.0 364.0 116.0 highly
16652.0 3596.0 572.0 100.0 successful
17340.0 3592.0 132.0 112.0 by
17584.0 3588.0 404.0 96.0 Robert
18104.0 3592.0 156.0 92.0 Au-

16188.0 3744.0 296.0 104.0 burn,
16584.0 3736.0 584.0 96.0 Cincinnati
17276.0 3732.0 284.0 108.0 pilot,
17656.0 3728.0 240.0 92.0 who
17996.0 3728.0 308.0 88.0 mado

16132.0 3852.0 8.0 52.0 1
16184.0 3884.0 180.0 92.0 the
16468.0 3876.0 292.0 92.0 tests.
16912.0 3868.0 160.0 96.0 He
17176.0 3868.0 232.0 92.0 said
17516.0 3864.0 160.0 92.0 his
17780.0 3860.0 524.0 96.0 take-offs

16132.0 4012.0 8.0 100.0 I
16188.0 4040.0 268.0 64.0 were
16520.0 4012.0 396.0 112.0 greatly
16976.0 4004.0 588.0 100.0 facilitated
17628.0 4000.0 136.0 112.0 by
17824.0 3996.0 104.0 92.0 hi
18052.0 3996.0 212.0 92.0 abil-

16132.0 4160.0 8.0 104.0 j
16192.0 4156.0 64.0 92.0 It
16276.0 4176.0 60.0 92.0 y
16392.0 4160.0 108.0 84.0 to
16556.0 4148.0 324.0 92.0 direct
16928.0 4144.0 172.0 88.0 the
17156.0 4140.0 320.0 116.0 speed
17528.0 4140.0 108.0 92.0 of
17688.0 4140.0 180.0 88.0 the
17928.0 4132.0 380.0 96.0 winch,

16180.0 4292.0 148.0 68.0 fin
16424.0 4312.0 192.0 48.0 one
16700.0 4284.0 40.0 76.0 f
16756.0 4280.0 232.0 80.0 iifirht
17080.0 4284.0 132.0 76.0 hn
17296.0 4304.0 228.0 56.0 rose
17600.0 4280.0 108.0 80.0 to
17792.0 4300.0 64.0 60.0 a
17940.0 4268.0 372.0 92.0 helirht

16188.0 4432.0 112.0 96.0 of
16408.0 4420.0 176.0 96.0 WO
16696.0 4420.0 212.0 88.0 feet
17020.0 4412.0 352.0 96.0 before
17488.0 4408.0 416.0 108.0 cutting
18020.0 4404.0 284.0 92.0 loose

16136.0 4644.0 12.0 28.0 ,
16184.0 4568.0 280.0 88.0 from
16572.0 4560.0 168.0 88.0 the
16848.0 4560.0 284.0 84.0 town
17176.0 4572.0 152.0 88.0 pe,
17436.0 4560.0 472.0 80.0 whereas
18020.0 4560.0 256.0 76.0 with

16188.0 4704.0 180.0 88.0 out
16436.0 4692.0 880.0 96.0 communication
17388.0 4688.0 248.0 84.0 with
17700.0 4688.0 184.0 80.0 the
17956.0 4700.0 352.0 64.0 wincn

16192.0 4840.0 488.0 104.0 operator
16740.0 4828.0 120.0 88.0 he
16920.0 4824.0 196.0 92.0 had
17180.0 4828.0 252.0 84.0 been
17492.0 4816.0 376.0 96.0 unabVe
17932.0 4820.0 112.0 84.0 to
18104.0 4812.0 208.0 92.0 rist

16192.0 4972.0 372.0 108.0 higher
16644.0 4968.0 248.0 88.0 than
16972.0 4960.0 172.0 92.0 500
17220.0 4956.0 240.0 96.0 feet,
17540.0 4956.0 120.0 92.0 he
17740.0 4948.0 264.0 92.0 said.

16308.0 5108.0 220.0 92.0 The
16604.0 5100.0 372.0 104.0 raJics,
17044.0 5092.0 556.0 112.0 developed
17680.0 5088.0 132.0 112.0 by
17884.0 5088.0 188.0 92.0 the
18144.0 5088.0 124.0 88.0 El

16188.0 5252.0 264.0 88.0 mira
16536.0 5248.0 496.0 84.0 Amateur
17108.0 5232.0 344.0 92.0 Rndio
17528.0 5232.0 440.0 104.0 I.eeKuc,
18048.0 5224.0 272.0 88.0 hive

16196.0 5408.0 132.0 68.0 an
16412.0 5376.0 548.0 96.0 estimated
17044.0 5368.0 360.0 96.0 radius
17484.0 5364.0 108.0 92.0 of
17664.0 5364.0 116.0 88.0 V)
17860.0 5356.0 332.0 92.0 miles.

16328.0 5512.0 692.0 100.0 Unfavorable
17128.0 5500.0 472.0 96.0 Weather
17712.0 5496.0 600.0 92.0 conditions

16200.0 5660.0 316.0 108.0 again
16584.0 5652.0 244.0 112.0 kept
16896.0 5648.0 268.0 88.0 most
17228.0 5644.0 116.0 88.0 of
17408.0 5640.0 172.0 92.0 the
17644.0 5644.0 496.0 80.0 entrants
18208.0 5632.0 104.0 88.0 in

16204.0 5800.0 172.0 88.0 the
16448.0 5792.0 356.0 108.0 eighth
16880.0 5784.0 460.0 92.0 national
17408.0 5784.0 428.0 100.0 soaring
17900.0 5784.0 416.0 80.0 contest

16204.0 5956.0 132.0 68.0 on
16456.0 5936.0 172.0 84.0 the
16740.0 5924.0 396.0 116.0 ground
17248.0 5916.0 344.0 112.0 today.
17764.0 5912.0 552.0 100.0 However,

16212.0 6068.0 244.0 96.0 Mrs.
16528.0 6068.0 340.0 92.0 Laura
16936.0 6060.0 236.0 108.0 May
17248.0 6060.0 500.0 92.0 Brunton,
17820.0 6048.0 496.0 100.0 Trenton,

16216.0 6204.0 120.0 96.0 N.
16432.0 6208.0 124.0 108.0 J.,
16656.0 6204.0 224.0 88.0 who
16976.0 6200.0 192.0 92.0 lost
17272.0 6220.0 60.0 64.0 a
17432.0 6196.0 156.0 108.0 leg
17684.0 6188.0 104.0 88.0 in
17884.0 6208.0 136.0 68.0 an
18116.0 6184.0 160.0 88.0 air-

16216.0 6344.0 304.0 112.0 plane
16584.0 6340.0 300.0 92.0 crash
16952.0 6332.0 396.0 92.0 several
17412.0 6352.0 300.0 92.0 years
17772.0 6344.0 232.0 92.0 ago,
18068.0 6316.0 252.0 96.0 took

16212.0 6484.0 156.0 88.0 off
16436.0 6508.0 132.0 68.0 on
16632.0 6504.0 60.0 64.0 a
16756.0 6472.0 324.0 112.0 glider
17144.0 6472.0 312.0 108.0 flight
17516.0 6476.0 104.0 84.0 to
17680.0 6460.0 412.0 120.0 qualify
18152.0 6464.0 168.0 92.0 for

16212.0 6620.0 188.0 92.0 her
16476.0 6616.0 296.0 92.0 Class
16848.0 6612.0 80.0 92.0 C
17008.0 6608.0 252.0 116.0 pilot
17300.0 6632.0 52.0 68.0 s
17432.0 6604.0 400.0 96.0 license.

16292.0 8404.0 1948.0 256.0 TheSTANWOOD

16472.0 8732.0 1612.0 204.0 CORPORATION

16632.0 8972.0 532.0 104.0 CIINCINN
17272.0 8972.0 172.0 116.0 TI,
17504.0 8960.0 380.0 108.0 OHIO.

16976.0 9136.0 536.0 104.0 f:fi:ur

16296.0 9312.0 792.0 376.0 BOILER
17256.0 9296.0 976.0 376.0 REPAIRS

16592.0 9736.0 356.0 104.0 l'!ione
17032.0 9728.0 532.0 108.0 IH-nilork
17648.0 9724.0 296.0 104.0 2I"0

16492.0 9876.0 344.0 108.0 Mcbt.
16896.0 9868.0 436.0 104.0 llr.inU
17372.0 9872.0 60.0 96.0 k
17560.0 9860.0 108.0 104.0 13
17688.0 9860.0 132.0 104.0 70
17884.0 9860.0 152.0 100.0 W.

16852.0 10568.0 796.0 80.0 iariif'y..S!

16300.0 10688.0 132.0 168.0 4

17744.0 10752.0 112.0 92.0 V

16336.0 15620.0 184.0 104.0 the
16584.0 15528.0 1396.0 216.0 FOm-NINER

16732.0 15784.0 68.0 88.0 C
16948.0 15784.0 80.0 84.0 N
17052.0 15784.0 112.0 84.0 W
17276.0 15784.0 156.0 88.0 CP
17548.0 15788.0 132.0 84.0 SP

16344.0 15956.0 408.0 124.0 Starting
16808.0 15956.0 212.0 128.0 July
17076.0 15968.0 96.0 104.0 8,
17232.0 15952.0 152.0 108.0 the
17444.0 15960.0 628.0 124.0 Forty-Siner

16352.0 16092.0 304.0 100.0 leaves
16716.0 16088.0 420.0 112.0 Chicago
17196.0 16124.0 120.0 68.0 on
17380.0 16092.0 156.0 100.0 the
17592.0 16092.0 224.0 120.0 2nd,
17880.0 16100.0 192.0 112.0 8th,

16360.0 16224.0 240.0 108.0 Hth,
16624.0 16220.0 212.0 100.0 20th
16864.0 16224.0 180.0 100.0 and
17084.0 16224.0 224.0 100.0 26th
17344.0 16224.0 104.0 100.0 of
17480.0 16224.0 220.0 100.0 each
17744.0 16232.0 328.0 104.0 month

16344.0 16388.0 124.0 68.0 on
16536.0 16352.0 180.0 104.0 this
16780.0 16356.0 552.0 100.0 convenient
17396.0 16352.0 496.0 108.0 schedule:

16340.0 16532.0 160.0 104.0 Iv.
16540.0 16536.0 584.0 104.0 CHICAGO
17192.0 16612.0 28.0 32.0 .
17348.0 16616.0 28.0 28.0 .
17504.0 16616.0 20.0 28.0 .
17592.0 16552.0 240.0 100.0 9:10
17868.0 16576.0 208.0 72.0 a.m.

16336.0 16692.0 164.0 100.0 Ar.
16540.0 16692.0 236.0 100.0 SAN
16820.0 16696.0 708.0 108.0 FRANCISCO
17596.0 16708.0 240.0 100.0 9:52
17876.0 16736.0 200.0 68.0 a.m.

16336.0 16868.0 256.0 116.0 (Fast
16640.0 16864.0 280.0 104.0 trains
16964.0 16860.0 244.0 108.0 from
17252.0 16864.0 212.0 108.0 here
17504.0 16868.0 268.0 100.0 make
17816.0 16876.0 248.0 100.0 close

16328.0 17004.0 544.0 92.0 connection
16932.0 17000.0 232.0 100.0 with
17232.0 17000.0 148.0 104.0 the
17436.0 17004.0 632.0 124.0 Forty-Sincr

16324.0 17160.0 92.0 68.0 at
16456.0 17132.0 496.0 124.0 Chicago.)

16324.0 17344.0 412.0 120.0 Starting
16784.0 17344.0 212.0 128.0 July
17056.0 17360.0 140.0 104.0 11,
17244.0 17348.0 152.0 104.0 the
17436.0 17352.0 636.0 120.0 Forly-Siner

16332.0 17476.0 308.0 100.0 leaves
16700.0 17484.0 172.0 92.0 San
16936.0 17480.0 492.0 104.0 Francisco
17476.0 17520.0 120.0 64.0 on
17660.0 17488.0 156.0 100.0 the
17884.0 17492.0 188.0 112.0 5th,

16340.0 17620.0 28.0 88.0 1
16408.0 17608.0 172.0 108.0 Ith.
16640.0 17608.0 236.0 120.0 17th,
16920.0 17612.0 244.0 104.0 2ird
17208.0 17616.0 176.0 100.0 and
17428.0 17628.0 216.0 88.0 2"th
17688.0 17616.0 108.0 104.0 of
17840.0 17624.0 224.0 100.0 each

16328.0 17744.0 332.0 100.0 month
16684.0 17780.0 20.0 64.0 :

16340.0 17920.0 44.0 100.0 I
16420.0 17956.0 80.0 64.0 v.
16528.0 17920.0 240.0 100.0 SAN
16804.0 17924.0 708.0 112.0 FRANCISCO
17540.0 17944.0 36.0 88.0 1
17604.0 17944.0 36.0 92.0 1
17672.0 17948.0 160.0 88.0 :00
17856.0 17968.0 212.0 72.0 a.m.

16324.0 18072.0 768.0 116.0 Ar.CHlCAGO
17176.0 18160.0 28.0 36.0 .
17324.0 18160.0 28.0 40.0 .
17468.0 18156.0 32.0 40.0 .
17564.0 18096.0 248.0 96.0 2:00
17844.0 18120.0 224.0 104.0 p.m.

16712.0 18304.0 224.0 124.0 The
16980.0 18316.0 720.0 120.0 Streamliner

16492.0 18500.0 236.0 116.0 CITY
16796.0 18500.0 124.0 124.0 OF
16976.0 18504.0 216.0 124.0 SAN
17264.0 18508.0 616.0 132.0 FRANCISCO

16328.0 18660.0 304.0 104.0 leaves
16688.0 18668.0 416.0 132.0 Giicago
17156.0 18708.0 124.0 64.0 on
17336.0 18676.0 152.0 104.0 the
17548.0 18680.0 192.0 120.0 5th,
17816.0 18696.0 36.0 92.0 1
17880.0 18696.0 36.0 92.0 1
17940.0 18680.0 124.0 120.0 th,

16340.0 18796.0 236.0 108.0 Hth.
16676.0 18804.0 224.0 104.0 23rd
17000.0 18804.0 192.0 104.0 and
17292.0 18812.0 220.0 100.0 2"th
17616.0 18812.0 112.0 100.0 of
17832.0 18820.0 228.0 100.0 each

16324.0 18928.0 316.0 100.0 month
16700.0 18932.0 180.0 100.0 and
16948.0 18936.0 308.0 104.0 leaves
17320.0 18944.0 172.0 96.0 San
17560.0 18948.0 508.0 100.0 Francisco

16320.0 19092.0 120.0 64.0 on
16508.0 19060.0 152.0 100.0 the
16724.0 19060.0 212.0 120.0 2nd,
16996.0 19068.0 200.0 116.0 8th,
17272.0 19076.0 240.0 116.0 Hth,
17576.0 19080.0 232.0 100.0 20th
17880.0 19076.0 180.0 108.0 and

16320.0 19188.0 248.0 104.0 26th.
16632.0 19196.0 248.0 124.0 Only
16940.0 19212.0 116.0 96.0 39
17080.0 19196.0 20.0 48.0 '
17224.0 19200.0 284.0 108.0 hours
17564.0 19240.0 124.0 72.0 cn
17752.0 19236.0 308.0 80.0 route.

16176.0 19712.0 200.0 64.0 cars
16440.0 19676.0 176.0 108.0 and
16680.0 19688.0 340.0 104.0 tourist
17088.0 19692.0 428.0 132.0 sleeping
17580.0 19732.0 232.0 72.0 cars.

16476.0 19908.0 164.0 120.0 WE
16712.0 19912.0 344.0 124.0 KNOW
17124.0 19916.0 208.0 124.0 THE
17400.0 19928.0 312.0 124.0 WEST

16172.0 20072.0 460.0 108.0 Southern
16680.0 20080.0 332.0 104.0 Pacific
17068.0 20088.0 80.0 100.0 is
17196.0 20088.0 116.0 128.0 by
17360.0 20088.0 140.0 104.0 fat
17552.0 20092.0 160.0 108.0 the
17764.0 20096.0 212.0 128.0 larg-

16168.0 20232.0 140.0 68.0 est
16356.0 20208.0 400.0 104.0 railroad
16804.0 20220.0 96.0 96.0 in
16952.0 20216.0 160.0 104.0 the
17160.0 20224.0 296.0 104.0 West.
17508.0 20232.0 184.0 96.0 We
17744.0 20268.0 264.0 72.0 serve

16172.0 20364.0 260.0 72.0 more
16484.0 20336.0 104.0 100.0 of
16640.0 20348.0 120.0 96.0 its
16816.0 20348.0 272.0 104.0 cities
17144.0 20352.0 184.0 104.0 and
17388.0 20360.0 304.0 100.0 scenic
17748.0 20400.0 220.0 64.0 won-

16168.0 20460.0 212.0 104.0 ders
16440.0 20468.0 220.0 104.0 than
16716.0 20512.0 176.0 88.0 any
16944.0 20480.0 284.0 104.0 other
17288.0 20488.0 444.0 104.0 railroad.
17796.0 20500.0 216.0 96.0 Our

16172.0 20612.0 772.0 108.0 representatives
16980.0 20616.0 208.0 100.0 will
17232.0 20616.0 116.0 100.0 be
17384.0 20616.0 224.0 124.0 Rlad
17652.0 20648.0 100.0 76.0 to
17788.0 20628.0 220.0 120.0 give

16164.0 20760.0 188.0 88.0 you
16424.0 20736.0 192.0 100.0 free
16688.0 20744.0 544.0 104.0 illustrated
17304.0 20748.0 448.0 108.0 booklets
17820.0 20756.0 188.0 108.0 and

16156.0 20852.0 228.0 136.0 help
16432.0 20900.0 184.0 92.0 you
16668.0 20872.0 232.0 104.0 with
16956.0 20908.0 248.0 96.0 your
17260.0 20880.0 212.0 128.0 trip.

16464.0 22800.0 584.0 312.0 No.
17248.0 22816.0 488.0 304.0 98

16256.0 23288.0 1648.0 424.0 Popular

17472.0 26764.0 12.0 16.0 .
17604.0 26716.0 232.0 64.0 note
17916.0 26680.0 276.0 108.0 nrniT-

17416.0 26820.0 244.0 104.0 nhlp
17768.0 26864.0 248.0 60.0 onv
18168.0 26868.0 64.0 56.0 n

17416.0 26964.0 532.0 124.0 romplrtp
18020.0 26992.0 208.0 76.0 trill

17548.0 27124.0 36.0 80.0 I
17656.0 27144.0 52.0 64.0 r
17772.0 27148.0 56.0 56.0 r
17900.0 27144.0 56.0 68.0 a
18028.0 27108.0 72.0 104.0 at
18164.0 27140.0 64.0 72.0 r

17412.0 27244.0 440.0 104.0 ttartfd.

16504.0 13528.0 212.0 116.0 JT-
17172.0 13528.0 948.0 116.0 i4SC

17432.0 25536.0 800.0 312.0 flOTE!

17564.0 26084.0 512.0 196.0 Volume

17772.0 26360.0 128.0 224.0 1

17312.0 26584.0 52.0 88.0 i

17296.0 26952.0 56.0 160.0 i
