19184 28864
3088.0 992.0 1872.0 672.0 THE
5440.0 1008.0 5264.0 688.0 CINCINNATI
11024.0 1008.0 4864.0 736.0 ENQUIRER

848.0 1080.0 1664.0 312.0 FINAL

832.0 1464.0 1688.0 240.0 EDITION

16224.0 1100.0 884.0 144.0 WFATHFR
17344.0 1100.0 296.0 100.0 ino'
17716.0 1080.0 684.0 116.0 showfcrs

16248.0 1196.0 876.0 100.0 ncnincix
17252.0 1256.0 232.0 104.0 And
17552.0 1256.0 384.0 104.0 Wjirm
17996.0 1248.0 368.0 120.0 Today

16232.0 1412.0 840.0 120.0 Temperatures
17128.0 1400.0 648.0 116.0 Yesterday)
17848.0 1396.0 312.0 116.0 High,
18216.0 1396.0 176.0 116.0 91;

16420.0 1552.0 280.0 124.0 Low,
16768.0 1552.0 156.0 104.0 TO;
17004.0 1544.0 324.0 100.0 Moan
17396.0 1540.0 600.0 116.0 Humidity,
18064.0 1536.0 140.0 96.0 71.

16224.0 1688.0 388.0 80.0 DctalM
16676.0 1684.0 400.0 84.0 WniinrT
17136.0 1684.0 392.0 84.0 IlrporM,
17588.0 1676.0 292.0 80.0 rM
17932.0 1676.0 52.0 80.0 4
18036.0 1672.0 168.0 80.0 sot
18260.0 1668.0 140.0 80.0 II.

768.0 2056.0 432.0 164.0 VOL.
1396.0 2060.0 592.0 172.0 XCVII.
2176.0 2068.0 328.0 172.0 NO.
2680.0 2076.0 1060.0 168.0 92-DAILY

4108.0 2088.0 256.0 80.0 Enter
4532.0 2112.0 104.0 60.0 as
4784.0 2088.0 484.0 80.0 ron-elM
5320.0 2092.0 324.0 76.0 matter

4104.0 2192.0 208.0 84.0 tutt
4388.0 2200.0 324.0 84.0 OHIo.
4796.0 2196.0 512.0 80.0 ClacUuwtt.
5392.0 2196.0 244.0 76.0 Utlto.

7548.0 2100.0 884.0 164.0 FRIDAY
8612.0 2100.0 1188.0 196.0 MORNING,
9984.0 2104.0 588.0 164.0 JULY
10756.0 2116.0 164.0 184.0 9,
11116.0 2112.0 568.0 164.0 1937

14180.0 2124.0 676.0 160.0 THREE
15052.0 2124.0 640.0 164.0 CENTS

15980.0 2224.0 448.0 92.0 1'amplMU
16512.0 2224.0 172.0 80.0 M4
16772.0 2216.0 344.0 80.0 KmImi
17204.0 2196.0 452.0 108.0 CmiIIm(
17792.0 2192.0 708.0 92.0 KUUCWHKBsl

584.0 2576.0 1864.0 808.0 Soviet
2568.0 2592.0 3016.0 808.0 Threatens
5744.0 2616.0 1600.0 984.0 Open
7464.0 2624.0 1344.0 792.0 War

664.0 4376.0 32.0 64.0 .
1424.0 3608.0 1920.0 808.0 Unless
3672.0 3624.0 2720.0 984.0 Japanese
6712.0 3632.0 1360.0 984.0 Stay
8360.0 3640.0 1136.0 800.0 Out

9600.0 2616.0 2048.0 800.0 Search
11856.0 2632.0 1048.0 792.0 For
13096.0 2632.0 1648.0 792.0 Fliers
14928.0 2616.0 2648.0 808.0 Wideiedl

10288.0 3648.0 824.0 976.0 By
11296.0 3648.0 1584.0 984.0 Mavy
13072.0 3656.0 2304.0 944.0 Vessels,
15568.0 3632.0 2920.0 984.0 Airplaies

11332.0 4700.0 8.0 16.0 .
12080.0 4672.0 36.0 32.0 .
13096.0 4680.0 20.0 48.0 j
13324.0 4676.0 112.0 52.0 r-
13492.0 4708.0 84.0 20.0 -
14072.0 4708.0 8.0 20.0 ,
14272.0 4680.0 12.0 48.0 ;
14908.0 4676.0 204.0 56.0 rr-i
15372.0 4676.0 20.0 52.0 :
15628.0 4668.0 32.0 52.0 :
15704.0 4668.0 4.0 20.0 '
15760.0 4668.0 8.0 20.0 1
15796.0 4660.0 200.0 60.0 JJ-

552.0 4824.0 32.0 488.0 !
792.0 4784.0 1720.0 472.0 FOESRETIRE

568.0 5664.0 304.0 272.0 To
988.0 5672.0 1040.0 324.0 Opposite
2132.0 5672.0 604.0 272.0 Sides

584.0 6388.0 200.0 212.0 Of
884.0 6388.0 556.0 208.0 Marco
1564.0 6392.0 384.0 208.0 Polo
2068.0 6384.0 648.0 276.0 Bridge,

636.0 6720.0 176.0 208.0 In
884.0 6720.0 516.0 212.0 North
1484.0 6724.0 512.0 212.0 China
2072.0 6732.0 572.0 208.0 Truce.

584.0 7296.0 436.0 172.0 Three
1100.0 7308.0 780.0 200.0 Nipponese
1960.0 7308.0 300.0 164.0 And
2336.0 7308.0 412.0 204.0 Many

600.0 7536.0 184.0 168.0 Of
852.0 7540.0 584.0 168.0 Chinese
1500.0 7540.0 452.0 164.0 Killed
2144.0 7544.0 564.0 196.0 Peiping

792.0 7776.0 140.0 160.0 Is
996.0 7772.0 472.0 168.0 Under
1524.0 7780.0 556.0 160.0 Martial
2152.0 7772.0 352.0 164.0 Law.
2588.0 7940.0 16.0 32.0 ,

736.0 8272.0 600.0 156.0 Moscow,
1424.0 8272.0 280.0 160.0 July
1784.0 8280.0 84.0 124.0 9
2136.0 8268.0 356.0 156.0 (AP)

544.0 8464.0 268.0 144.0 The
872.0 8472.0 428.0 136.0 Soviet
1356.0 8472.0 856.0 132.0 Government
2276.0 8468.0 388.0 132.0 threat-

632.0 8676.0 240.0 128.0 ned
944.0 8676.0 416.0 156.0 Japan
1436.0 8672.0 284.0 128.0 with
1800.0 8720.0 332.0 112.0 open
2208.0 8668.0 512.0 132.0 warfare

556.0 8872.0 380.0 156.0 today
1060.0 8876.0 100.0 128.0 if
1280.0 8876.0 604.0 156.0 Japanese
2004.0 8896.0 428.0 128.0 troops
2544.0 8868.0 180.0 132.0 do

556.0 9096.0 220.0 108.0 not
852.0 9076.0 324.0 160.0 keep
1268.0 9096.0 212.0 112.0 out
1556.0 9076.0 140.0 128.0 of
1784.0 9068.0 500.0 136.0 Siberia.

728.0 9272.0 472.0 132.0 Maxim
1432.0 9276.0 640.0 148.0 Litvinoff,
2304.0 9268.0 408.0 132.0 Soviet

552.0 9472.0 752.0 132.0 Commissar
1388.0 9476.0 136.0 128.0 of
1612.0 9472.0 520.0 156.0 Foreign
2212.0 9472.0 504.0 152.0 Affairs,

552.0 9672.0 500.0 128.0 warned
1164.0 9676.0 208.0 124.0 the
1472.0 9672.0 616.0 156.0 Japanese
2196.0 9676.0 468.0 124.0 Ambas-

548.0 9872.0 412.0 152.0 sador,
1176.0 9876.0 336.0 124.0 Mam
1528.0 9920.0 136.0 80.0 or
1672.0 9920.0 76.0 84.0 u
1952.0 9868.0 764.0 164.0 Shigemitsu,

544.0 10072.0 260.0 132.0 that
900.0 10072.0 524.0 132.0 Russian
1516.0 10096.0 432.0 136.0 troops
2044.0 10072.0 368.0 160.0 along
2508.0 10076.0 204.0 128.0 the

536.0 10272.0 1652.0 132.0 Siberian-Manchoukouan
2268.0 10276.0 444.0 128.0 border

544.0 10472.0 248.0 132.0 had
860.0 10472.0 292.0 132.0 firm
1220.0 10472.0 424.0 132.0 orders
1716.0 10476.0 212.0 128.0 "in
2000.0 10524.0 164.0 80.0 no
2236.0 10524.0 268.0 80.0 case
2576.0 10504.0 136.0 104.0 to

540.0 10672.0 544.0 132.0 allow
1192.0 10676.0 608.0 156.0 Japanese
1916.0 10676.0 796.0 132.0 Manchurian

532.0 10892.0 424.0 140.0 troops
992.0 10900.0 136.0 104.0 to
1172.0 10924.0 324.0 80.0 cross
1532.0 10876.0 420.0 136.0 Soviet
2012.0 10880.0 696.0 128.0 frontiers."

728.0 11076.0 296.0 128.0 "AH
1160.0 11076.0 532.0 160.0 possible
1820.0 11080.0 548.0 152.0 means,"
2504.0 11080.0 204.0 128.0 the

548.0 11268.0 520.0 164.0 Foreign
1216.0 11276.0 744.0 132.0 Commissar
2100.0 11280.0 268.0 132.0 told
2508.0 11280.0 204.0 132.0 the

536.0 11480.0 612.0 152.0 Japanese
1224.0 11488.0 992.0 160.0 representative,
2296.0 11484.0 408.0 128.0 would

548.0 11676.0 160.0 132.0 be
784.0 11676.0 300.0 132.0 used
1176.0 11700.0 132.0 108.0 to
1384.0 11680.0 344.0 132.0 drive
1812.0 11704.0 212.0 108.0 out
2104.0 11728.0 240.0 108.0 any
2424.0 11684.0 228.0 156.0 Jap-

536.0 11924.0 364.0 88.0 anese
964.0 11928.0 152.0 80.0 or
1184.0 11880.0 1036.0 132.0 Manchoukuoan
2288.0 11904.0 420.0 136.0 troops

548.0 12080.0 260.0 128.0 that
892.0 12104.0 188.0 108.0 set
1168.0 12084.0 272.0 128.0 foot
1524.0 12132.0 168.0 80.0 on
1784.0 12084.0 508.0 128.0 Russian
2380.0 12084.0 276.0 128.0 terri-

544.0 12296.0 312.0 136.0 tory.
720.0 12480.0 264.0 132.0 Hie
1120.0 12484.0 264.0 136.0 dire
1520.0 12484.0 516.0 128.0 Russian
2172.0 12488.0 536.0 152.0 warning

540.0 12720.0 248.0 88.0 was
868.0 12680.0 420.0 132.0 linked
1372.0 12708.0 136.0 104.0 to
1584.0 12732.0 80.0 80.0 a
1744.0 12708.0 420.0 136.0 strong
2248.0 12712.0 456.0 132.0 protest

544.0 12880.0 260.0 128.0 that
924.0 12884.0 408.0 156.0 Japan
1456.0 12880.0 252.0 136.0 had
1836.0 12884.0 536.0 132.0 violated
2496.0 12888.0 208.0 132.0 the

528.0 13104.0 716.0 132.0 agreement
1400.0 13104.0 136.0 108.0 to
1696.0 13084.0 636.0 132.0 withdraw
2488.0 13088.0 216.0 132.0 her

536.0 13280.0 424.0 132.0 armed
1020.0 13284.0 404.0 132.0 forces
1480.0 13284.0 328.0 132.0 from
1868.0 13288.0 208.0 128.0 the
2136.0 13288.0 564.0 156.0 disputed

532.0 13480.0 564.0 132.0 Channel
1200.0 13484.0 464.0 132.0 Islands
1764.0 13488.0 140.0 128.0 of
2004.0 13488.0 212.0 128.0 the
2308.0 13496.0 392.0 124.0 Amur

532.0 13680.0 404.0 132.0 River.

708.0 13884.0 124.0 124.0 A
1020.0 13880.0 340.0 136.0 clash
1540.0 13888.0 556.0 128.0 between
2284.0 13888.0 416.0 136.0 Soviet

528.0 14100.0 428.0 136.0 troops
1028.0 14080.0 256.0 132.0 and
528.0 14080.0 2172.0 332.0 Japanese-Manchou-kuoan

1008.0 14280.0 460.0 132.0 border
1540.0 14288.0 448.0 156.0 guards
2056.0 14284.0 232.0 136.0 last
2356.0 14292.0 344.0 128.0 week

528.0 14480.0 496.0 132.0 created
1112.0 14532.0 76.0 80.0 a
1272.0 14480.0 452.0 136.0 serious
1804.0 14484.0 332.0 132.0 crisis
2212.0 14484.0 120.0 136.0 in
2416.0 14492.0 228.0 128.0 Far-

528.0 14676.0 508.0 136.0 Eastern
1116.0 14680.0 460.0 136.0 affairs.
1748.0 14688.0 96.0 132.0 It
1924.0 14736.0 256.0 80.0 was
2256.0 14688.0 436.0 132.0 settled

528.0 14876.0 288.0 152.0 only
900.0 14880.0 172.0 156.0 by
1160.0 14884.0 456.0 128.0 mutual
1700.0 14908.0 700.0 128.0 agreement
2480.0 14888.0 156.0 132.0 be-

528.0 15092.0 388.0 112.0 tween
996.0 15080.0 404.0 156.0 Japan
1472.0 15080.0 252.0 132.0 and
1804.0 15088.0 428.0 128.0 Russia
2308.0 15108.0 124.0 108.0 to
2508.0 15136.0 132.0 84.0 re-

520.0 15276.0 232.0 128.0 call
816.0 15276.0 320.0 128.0 their
1200.0 15280.0 436.0 132.0 armies
1704.0 15284.0 992.0 160.0 simultaneously

528.0 15476.0 320.0 132.0 from
1064.0 15480.0 464.0 132.0 Sennfu
1740.0 15484.0 248.0 132.0 and
2200.0 15488.0 492.0 132.0 Bolshoi

524.0 15672.0 508.0 140.0 Islands.

912.0 16048.0 192.0 84.0 (Br
1176.0 16048.0 684.0 80.0 ASSOCIATED
1936.0 16052.0 376.0 92.0 PRESS)

648.0 16208.0 412.0 116.0 Troops
1144.0 16236.0 276.0 68.0 were
1508.0 16220.0 500.0 108.0 reported
2096.0 16220.0 560.0 96.0 withdraw-

524.0 16368.0 188.0 120.0 ing
784.0 16376.0 304.0 116.0 early
1160.0 16380.0 324.0 116.0 today
1572.0 16384.0 492.0 116.0 (Friday)
2156.0 16384.0 272.0 100.0 from
2508.0 16388.0 188.0 92.0 the

520.0 16540.0 848.0 120.0 Sino-Japanese
1432.0 16548.0 420.0 92.0 trouble
1924.0 16572.0 252.0 72.0 zone
2248.0 16556.0 252.0 92.0 west
2576.0 16556.0 120.0 92.0 of

524.0 16704.0 456.0 120.0 Peiping
1092.0 16712.0 340.0 96.0 under
1544.0 16736.0 136.0 68.0 an
1796.0 16724.0 608.0 100.0 agreement
2520.0 16724.0 132.0 88.0 de-

516.0 16872.0 372.0 108.0 sinned
992.0 16876.0 116.0 92.0 to
1204.0 16876.0 220.0 92.0 halt
1520.0 16880.0 180.0 96.0 the
1804.0 16880.0 440.0 92.0 conflict
2340.0 16884.0 344.0 92.0 which

520.0 17036.0 328.0 100.0 broke
912.0 17044.0 192.0 88.0 out
1164.0 17040.0 668.0 120.0 Wednesday
1896.0 17044.0 332.0 116.0 night.

648.0 17200.0 748.0 112.0 Negotiations
1508.0 17212.0 464.0 92.0 which
2112.0 17212.0 576.0 116.0 proceeded

516.0 17360.0 664.0 120.0 throughout
1248.0 17372.0 176.0 92.0 the
1500.0 17376.0 300.0 108.0 night
1872.0 17380.0 100.0 88.0 in
2044.0 17384.0 464.0 108.0 Peiping,
2592.0 17380.0 104.0 92.0 10

524.0 17528.0 300.0 96.0 miles
900.0 17536.0 244.0 88.0 east
1220.0 17536.0 112.0 92.0 of
1400.0 17536.0 180.0 96.0 the
1660.0 17548.0 364.0 84.0 center
2104.0 17544.0 112.0 96.0 of
2292.0 17540.0 352.0 96.0 hostili-

520.0 17692.0 204.0 96.0 ties
812.0 17700.0 220.0 88.0 and
1132.0 17696.0 288.0 92.0 itself
1508.0 17704.0 340.0 88.0 under
1940.0 17708.0 428.0 92.0 martial
2452.0 17704.0 240.0 108.0 law,

516.0 17860.0 472.0 96.0 resulted
1088.0 17864.0 104.0 92.0 in
1276.0 17864.0 180.0 92.0 the
1544.0 17868.0 652.0 104.0 agreement.

636.0 18024.0 364.0 96.0 Under
1128.0 18028.0 136.0 92.0 its
1388.0 18032.0 332.0 88.0 terms
1844.0 18036.0 184.0 88.0 the
2156.0 18036.0 532.0 116.0 Japanese

596.0 18188.0 312.0 112.0 greed
1024.0 18192.0 116.0 92.0 to
1248.0 18196.0 516.0 88.0 evacuate
1908.0 18200.0 280.0 88.0 their
2324.0 18204.0 368.0 112.0 troops

516.0 18356.0 280.0 92.0 from
876.0 18356.0 196.0 96.0 the
1152.0 18360.0 284.0 112.0 right
1516.0 18360.0 292.0 92.0 bank
1884.0 18364.0 116.0 92.0 of
2076.0 18368.0 180.0 92.0 the
2332.0 18364.0 320.0 120.0 Yung-

512.0 18520.0 236.0 116.0 ting
820.0 18520.0 344.0 96.0 River
1240.0 18528.0 108.0 88.0 to
1424.0 18524.0 180.0 92.0 the
1688.0 18524.0 196.0 92.0 left
1960.0 18524.0 284.0 96.0 bank
2324.0 18536.0 320.0 88.0 north-

516.0 18692.0 232.0 88.0 east
840.0 18692.0 116.0 96.0 of
1044.0 18688.0 184.0 96.0 the
1316.0 18688.0 992.0 116.0 Pciping-Hankow
2400.0 18696.0 248.0 92.0 Rail-

504.0 18872.0 272.0 96.0 way.
636.0 19016.0 468.0 96.0 Chinese
1248.0 19020.0 636.0 96.0 authorities
2036.0 19024.0 384.0 108.0 agreed
2576.0 19032.0 116.0 88.0 to

516.0 19184.0 576.0 96.0 withdraw
1160.0 19184.0 280.0 96.0 their
1516.0 19192.0 368.0 108.0 troops
1964.0 19192.0 108.0 88.0 to
2148.0 19192.0 176.0 92.0 the
2400.0 19188.0 296.0 116.0 right

512.0 19344.0 292.0 100.0 bank
860.0 19352.0 120.0 92.0 of
1040.0 19352.0 180.0 92.0 the
1280.0 19352.0 308.0 92.0 river.

756.0 19544.0 348.0 100.0 NEW
1184.0 19544.0 552.0 100.0 BATTLE
1824.0 19548.0 596.0 100.0 HALTED.

628.0 19744.0 88.0 92.0 A
780.0 19744.0 504.0 116.0 dispatch
1344.0 19752.0 288.0 96.0 from
1696.0 19748.0 448.0 116.0 Peiping
2208.0 19752.0 220.0 92.0 said
2504.0 19752.0 148.0 92.0 fir-

504.0 19904.0 192.0 124.0 ing
832.0 19940.0 228.0 68.0 was
1192.0 19920.0 496.0 92.0 resumed
1820.0 19916.0 220.0 96.0 this
2184.0 19916.0 496.0 116.0 (Friday)

508.0 20084.0 540.0 116.0 morning,
1108.0 20088.0 188.0 92.0 but
1352.0 20088.0 184.0 92.0 the
1592.0 20084.0 380.0 96.0 Dorael
2044.0 20084.0 632.0 116.0 (Japanese)

508.0 20252.0 320.0 100.0 Hews
944.0 20252.0 440.0 128.0 Agency
1500.0 20252.0 496.0 120.0 reported
2108.0 20252.0 80.0 92.0 it
2292.0 20276.0 216.0 68.0 was
2628.0 20284.0 60.0 68.0 a

500.0 20420.0 468.0 92.0 Chinese
1120.0 20420.0 380.0 96.0 attack
1644.0 20448.0 140.0 68.0 on
1928.0 20420.0 764.0 116.0 withdrawing

504.0 20588.0 552.0 112.0 Japanese
1240.0 20592.0 352.0 92.0 which
1776.0 20616.0 228.0 68.0 was
2188.0 20592.0 496.0 112.0 adjusted

500.0 20756.0 648.0 124.0 peacefully.

628.0 20924.0 224.0 92.0 The
960.0 20948.0 416.0 92.0 agency
1476.0 20928.0 500.0 112.0 reported
2084.0 20928.0 176.0 88.0 the
2360.0 20928.0 284.0 112.0 Japa-

504.0 21112.0 252.0 76.0 nese
852.0 21092.0 560.0 104.0 sustained
1508.0 21096.0 304.0 92.0 three
1900.0 21096.0 572.0 92.0 casualties
2576.0 21100.0 108.0 88.0 in

504.0 21260.0 188.0 100.0 the
756.0 21256.0 416.0 96.0 attack.

624.0 21428.0 228.0 96.0 The
916.0 21428.0 544.0 116.0 Japanese
1524.0 21428.0 728.0 96.0 Government
2316.0 21436.0 236.0 88.0 sent
2624.0 21460.0 64.0 64.0 a

504.0 21596.0 516.0 116.0 vigorous
1136.0 21600.0 408.0 112.0 protest
1656.0 21600.0 112.0 96.0 to
1876.0 21600.0 184.0 88.0 the
2172.0 21600.0 516.0 112.0 Nanking

508.0 21764.0 744.0 96.0 Government
1428.0 21788.0 256.0 68.0 over
1856.0 21764.0 188.0 96.0 the
2208.0 21768.0 480.0 104.0 conflict,

504.0 21932.0 356.0 96.0 which
940.0 21956.0 232.0 68.0 was
1252.0 21932.0 184.0 92.0 the
1520.0 21932.0 284.0 92.0 most
1888.0 21928.0 536.0 100.0 extensive
2516.0 21932.0 132.0 96.0 be-

500.0 22104.0 352.0 96.0 tween
940.0 22104.0 540.0 112.0 Japanese
1572.0 22096.0 492.0 116.0 regulars
2144.0 22096.0 212.0 96.0 and
2436.0 22096.0 208.0 100.0 Chi-

496.0 22292.0 264.0 84.0 nese
820.0 22272.0 308.0 92.0 since
1188.0 22268.0 264.0 96.0 1933.

620.0 22408.0 640.0 104.0 Hostilities,
1348.0 22404.0 564.0 120.0 centering
1996.0 22404.0 408.0 92.0 around
2496.0 22408.0 192.0 92.0 the

564.0 22548.0 392.0 92.0 00-foot
1036.0 22544.0 408.0 96.0 marble
1516.0 22544.0 376.0 92.0 Marco
1956.0 22540.0 264.0 96.0 Polo
2284.0 22540.0 404.0 116.0 Bridge

568.0 22780.0 616.0 100.0 Continued
1260.0 22780.0 164.0 92.0 On
1500.0 22780.0 296.0 112.0 Page
1864.0 22780.0 88.0 100.0 I,
2024.0 22772.0 448.0 92.0 Column
2544.0 22776.0 92.0 92.0 4.

500.0 23216.0 396.0 232.0 One
976.0 23220.0 724.0 228.0 Convict
1772.0 23208.0 660.0 272.0 Killed,

648.0 23548.0 624.0 232.0 Guard
1352.0 23552.0 184.0 228.0 Is
1636.0 23540.0 908.0 240.0 Wounded

732.0 23884.0 276.0 232.0 As
1060.0 23888.0 444.0 228.0 Nine
1564.0 23880.0 428.0 232.0 Flee
2044.0 23880.0 640.0 228.0 Prison

624.0 24420.0 656.0 120.0 Huntsvllle,
1340.0 24424.0 376.0 108.0 Texas,
1776.0 24420.0 252.0 116.0 July
2088.0 24420.0 60.0 92.0 8
2272.0 24420.0 288.0 104.0 (AP)

496.0 24580.0 232.0 100.0 One
800.0 24584.0 436.0 96.0 convict
1308.0 24608.0 228.0 72.0 was
1612.0 24584.0 320.0 96.0 killed
2008.0 24580.0 212.0 96.0 and
2292.0 24576.0 392.0 96.0 Prison

504.0 24752.0 380.0 96.0 Guard
976.0 24752.0 380.0 120.0 Lundy
1444.0 24780.0 228.0 72.0 was
1760.0 24748.0 520.0 100.0 wounded
2364.0 24752.0 324.0 92.0 when

500.0 24916.0 260.0 96.0 nine
920.0 24920.0 568.0 116.0 desperate
1648.0 24924.0 544.0 112.0 prisoners
2344.0 24916.0 340.0 96.0 broke

504.0 25084.0 292.0 100.0 from
876.0 25084.0 532.0 100.0 Eastham
1488.0 25088.0 388.0 96.0 Prison
1956.0 25084.0 324.0 96.0 Farm
2348.0 25084.0 340.0 116.0 today

584.0 25248.0 136.0 88.0 nd
776.0 25252.0 632.0 112.0 exchanged
1464.0 25256.0 308.0 92.0 shots
1824.0 25252.0 264.0 96.0 with
2144.0 25276.0 540.0 92.0 pursuers.

628.0 25408.0 516.0 104.0 Officials
1224.0 25428.0 576.0 108.0 expressed
1888.0 25420.0 324.0 96.0 belief
2292.0 25416.0 164.0 100.0 W.
2548.0 25416.0 136.0 92.0 H.

500.0 25568.0 404.0 128.0 Bybee,
992.0 25576.0 360.0 112.0 leader
1432.0 25584.0 120.0 100.0 of
1636.0 25616.0 64.0 72.0 a
1780.0 25584.0 284.0 96.0 June
2148.0 25584.0 116.0 96.0 22
2340.0 25584.0 348.0 96.0 break

504.0 25732.0 116.0 104.0 in
772.0 25744.0 360.0 96.0 which
1288.0 25748.0 116.0 96.0 19
1560.0 25752.0 484.0 96.0 convicts
2192.0 25752.0 492.0 116.0 escaped,

504.0 25904.0 456.0 120.0 planted
1040.0 25912.0 296.0 108.0 rifles
1416.0 25920.0 268.0 92.0 with
1764.0 25920.0 356.0 96.0 which
2196.0 25920.0 492.0 92.0 convicts

504.0 26068.0 336.0 120.0 today
904.0 26076.0 312.0 96.0 made
1276.0 26080.0 288.0 96.0 their
1624.0 26112.0 416.0 92.0 escape.

632.0 26236.0 356.0 100.0 Three
1076.0 26248.0 112.0 92.0 of
1268.0 26248.0 188.0 92.0 the
1544.0 26252.0 512.0 108.0 fugitives
2140.0 26248.0 548.0 120.0 kidnaped

500.0 26432.0 76.0 72.0 a
656.0 26428.0 260.0 72.0 man
1000.0 26420.0 388.0 92.0 named
1468.0 26412.0 432.0 124.0 Dunlap
1980.0 26420.0 208.0 96.0 and
2264.0 26416.0 228.0 96.0 fled
2576.0 26420.0 108.0 92.0 in

500.0 26564.0 172.0 104.0 his
776.0 26592.0 224.0 72.0 car.
1156.0 26572.0 456.0 96.0 Pressed
1716.0 26580.0 392.0 116.0 closely
2204.0 26580.0 136.0 116.0 by
2436.0 26580.0 252.0 120.0 City

512.0 26736.0 496.0 104.0 Marshal
1072.0 26732.0 364.0 124.0 Harry
1508.0 26744.0 652.0 124.0 Domenque,
2232.0 26748.0 456.0 116.0 Trinity,

508.0 26904.0 264.0 112.0 they
892.0 26908.0 392.0 96.0 turned
1400.0 26932.0 140.0 72.0 on
1660.0 26912.0 220.0 100.0 him
2000.0 26920.0 260.0 92.0 with
2376.0 26940.0 312.0 96.0 guns,

508.0 27068.0 280.0 100.0 stole
860.0 27072.0 176.0 92.0 his
1100.0 27072.0 652.0 104.0 automobile
1820.0 27084.0 220.0 96.0 and
2108.0 27084.0 580.0 96.0 continued

504.0 27236.0 296.0 96.0 their
852.0 27236.0 324.0 112.0 flight
1228.0 27240.0 260.0 92.0 with
1544.0 27236.0 432.0 128.0 Dunlap
2032.0 27272.0 120.0 72.0 as
2208.0 27248.0 480.0 120.0 hostage.

632.0 27396.0 296.0 96.0 Four
980.0 27400.0 116.0 96.0 of
1144.0 27404.0 184.0 92.0 the
1380.0 27404.0 248.0 92.0 nine
1688.0 27428.0 272.0 72.0 were
2020.0 27416.0 668.0 112.0 recaptured.

508.0 27556.0 456.0 104.0 Fifteen
1076.0 27564.0 120.0 96.0 of
1312.0 27572.0 192.0 92.0 the
1624.0 27568.0 120.0 92.0 22
1860.0 27572.0 244.0 100.0 who
2224.0 27576.0 464.0 116.0 escaped

512.0 27724.0 288.0 108.0 June
864.0 27732.0 124.0 100.0 22
1048.0 27736.0 272.0 100.0 have
1380.0 27732.0 276.0 104.0 been
1712.0 27736.0 552.0 124.0 captured.

2840.0 4816.0 1896.0 568.0 Lightning
4848.0 4824.0 904.0 464.0 Kills
5880.0 4832.0 872.0 568.0 Boy;

3128.0 5448.0 752.0 456.0 Golf
4048.0 5448.0 1136.0 568.0 Caddy
5336.0 5456.0 296.0 456.0 Is
5792.0 5456.0 1184.0 464.0 Victim

3392.0 6080.0 448.0 456.0 Of

2956.0 6884.0 96.0 104.0 A
3128.0 6892.0 224.0 120.0 golf
3448.0 6892.0 344.0 120.0 caddy
3876.0 6916.0 208.0 72.0 was
4168.0 6892.0 332.0 96.0 killed
4584.0 6916.0 132.0 72.0 on
4792.0 6892.0 188.0 100.0 the

2840.0 7056.0 508.0 100.0 Hlllcrest
3448.0 7064.0 472.0 112.0 Country
4012.0 7056.0 264.0 100.0 Club
4388.0 7060.0 288.0 92.0 links
4768.0 7056.0 216.0 100.0 late

2844.0 7228.0 568.0 120.0 yesterday
3528.0 7228.0 556.0 96.0 afternoon
4196.0 7232.0 140.0 120.0 by
4448.0 7224.0 536.0 124.0 lightning

2840.0 7396.0 852.0 120.0 accompanying
3812.0 7420.0 68.0 72.0 a
3996.0 7420.0 364.0 72.0 severe
4484.0 7400.0 460.0 92.0 thunder-

2840.0 7564.0 364.0 92.0 storm.
3348.0 7564.0 228.0 96.0 The
3656.0 7568.0 332.0 88.0 storm
4056.0 7560.0 504.0 104.0 followed
4632.0 7588.0 64.0 76.0 a
4772.0 7568.0 208.0 112.0 day

2840.0 7732.0 120.0 92.0 of
3036.0 7732.0 416.0 120.0 stifling
3540.0 7736.0 272.0 92.0 heat.

2960.0 7896.0 824.0 112.0 Temperatures
3852.0 7924.0 224.0 76.0 rose
4144.0 7904.0 112.0 96.0 to
4324.0 7904.0 124.0 92.0 91
4516.0 7908.0 456.0 108.0 degrees,

2832.0 8060.0 692.0 116.0 overcoming
3624.0 8064.0 208.0 96.0 two
3932.0 8080.0 440.0 96.0 persons
4476.0 8056.0 108.0 100.0 in
4684.0 8064.0 256.0 96.0 New-

2836.0 8236.0 272.0 108.0 port.
3256.0 8236.0 620.0 116.0 Predicting
3960.0 8240.0 212.0 96.0 fair
4264.0 8240.0 220.0 96.0 and
4572.0 8240.0 360.0 96.0 contin-

2836.0 8404.0 208.0 92.0 ued
3096.0 8428.0 336.0 72.0 warm
3488.0 8404.0 468.0 96.0 weather
4008.0 8408.0 168.0 92.0 for
4228.0 8408.0 360.0 116.0 today,
4636.0 8412.0 152.0 96.0 W.
4848.0 8416.0 120.0 92.0 B.

2824.0 8560.0 576.0 116.0 Schlomer,
3500.0 8564.0 356.0 116.0 acting
3896.0 8568.0 808.0 116.0 meteorologist,
4744.0 8576.0 232.0 92.0 said

2828.0 8740.0 536.0 96.0 scattered
3420.0 8736.0 856.0 100.0 thunderstorms
4332.0 8768.0 248.0 96.0 may
4636.0 8748.0 328.0 96.0 break

2832.0 8912.0 184.0 88.0 the
3084.0 8908.0 248.0 96.0 heat
3400.0 8936.0 328.0 68.0 wave.

2948.0 9076.0 216.0 96.0 The
3240.0 9076.0 540.0 116.0 lightning
3848.0 9080.0 356.0 96.0 victim
4272.0 9108.0 224.0 72.0 was
4568.0 9084.0 396.0 100.0 Robert

2832.0 9244.0 356.0 96.0 Tullis.
3268.0 9248.0 120.0 92.0 15
3472.0 9268.0 308.0 92.0 years
3856.0 9248.0 188.0 108.0 old,
4124.0 9248.0 240.0 96.0 7117
4444.0 9256.0 516.0 116.0 Fairpark

2832.0 9412.0 456.0 108.0 Avenue,
3428.0 9420.0 236.0 88.0 who
3800.0 9444.0 208.0 72.0 was
4136.0 9420.0 532.0 120.0 caddying
4788.0 9424.0 176.0 96.0 for

2828.0 9580.0 404.0 116.0 George
3324.0 9580.0 512.0 112.0 Lackner,
3920.0 9584.0 224.0 96.0 3616
4228.0 9592.0 448.0 128.0 Mooney
4756.0 9596.0 164.0 92.0 Av-

2824.0 9768.0 296.0 88.0 enue,
3188.0 9752.0 580.0 120.0 according
3828.0 9756.0 104.0 92.0 to
3996.0 9756.0 620.0 100.0 Patrolman
4676.0 9760.0 244.0 96.0 Hen-

2832.0 9940.0 120.0 92.0 ry
3032.0 9920.0 584.0 96.0 Goerdeke.
3752.0 9924.0 212.0 92.0 The
4036.0 9924.0 212.0 96.0 bolt
4328.0 9932.0 372.0 92.0 struck
4772.0 9932.0 188.0 92.0 the

2824.0 10084.0 204.0 124.0 boy
3092.0 10092.0 108.0 92.0 at
3264.0 10092.0 188.0 92.0 the
3520.0 10092.0 48.0 88.0 f
3576.0 10092.0 80.0 88.0 if
3668.0 10096.0 288.0 92.0 tenth
4024.0 10096.0 264.0 92.0 hole.
4416.0 10096.0 244.0 96.0 Two
4728.0 10100.0 184.0 96.0 oth-

2824.0 10280.0 116.0 68.0 er
3000.0 10252.0 428.0 104.0 caddies
3496.0 10260.0 212.0 96.0 and
3772.0 10264.0 396.0 92.0 several
4236.0 10264.0 400.0 112.0 golfers
4700.0 10292.0 260.0 68.0 near

2828.0 10420.0 332.0 96.0 Tullis
3252.0 10432.0 112.0 92.0 at
3472.0 10424.0 184.0 100.0 the
3752.0 10428.0 248.0 96.0 time
4096.0 10456.0 280.0 68.0 were
4476.0 10432.0 480.0 96.0 knocked

2828.0 10584.0 304.0 100.0 down
3204.0 10592.0 136.0 116.0 by
3424.0 10596.0 184.0 92.0 the
3688.0 10620.0 280.0 72.0 same
4036.0 10596.0 248.0 100.0 bolt.

2940.0 10756.0 424.0 100.0 Efforts
3468.0 10764.0 112.0 96.0 to
3676.0 10764.0 340.0 96.0 revive
4176.0 10768.0 336.0 96.0 Tullis
4680.0 10796.0 276.0 72.0 were

3016.0 11184.0 920.0 384.0 MADRID
4072.0 11200.0 696.0 376.0 ARMY

2828.0 11968.0 256.0 256.0 In
3320.0 11976.0 768.0 260.0 Pincer
4320.0 11980.0 644.0 260.0 Drive

2832.0 12684.0 684.0 264.0 Against
3660.0 12688.0 940.0 264.0 Insurgents
4740.0 12700.0 216.0 196.0 To

2908.0 13020.0 912.0 212.0 Southwest
3900.0 13036.0 184.0 196.0 Of
4160.0 13024.0 692.0 268.0 Capital.

2820.0 13592.0 516.0 164.0 British
3428.0 13596.0 384.0 196.0 Hope
3900.0 13600.0 1108.0 212.0 Subcommittee;

2912.0 13828.0 272.0 156.0 Can
3260.0 13828.0 708.0 164.0 Reconcile
4044.0 13836.0 820.0 160.0 Neutrals-

2964.0 14060.0 580.0 160.0 Vatican
3616.0 14060.0 424.0 204.0 Drops
4112.0 14064.0 684.0 164.0 Valencia.

2920.0 14560.0 444.0 108.0 Madrid,
3444.0 14560.0 244.0 124.0 July
3760.0 14560.0 52.0 96.0 8
4000.0 14568.0 280.0 96.0 (AP)
4480.0 14564.0 416.0 96.0 Govern-

2796.0 14728.0 292.0 88.0 ment
3192.0 14728.0 400.0 112.0 troops,
3696.0 14732.0 432.0 112.0 stirring
4228.0 14732.0 188.0 92.0 the
4520.0 14728.0 416.0 96.0 Madrid

2800.0 14896.0 284.0 88.0 front
3156.0 14896.0 112.0 88.0 to
3348.0 14892.0 188.0 92.0 life
3616.0 14896.0 240.0 92.0 with
3932.0 14920.0 60.0 68.0 a
4068.0 14916.0 236.0 72.0 new
4380.0 14896.0 556.0 108.0 offensive,

2796.0 15056.0 320.0 92.0 drove
3236.0 15060.0 320.0 88.0 south
3676.0 15060.0 204.0 92.0 and
4000.0 15068.0 264.0 88.0 west
4388.0 15060.0 312.0 116.0 today
4828.0 15064.0 108.0 92.0 in

2796.0 15224.0 280.0 88.0 what
3212.0 15224.0 560.0 92.0 observers
3904.0 15224.0 472.0 96.0 believed
4516.0 15252.0 212.0 68.0 was
4876.0 15252.0 60.0 72.0 a

2800.0 15388.0 356.0 112.0 pincer
3244.0 15416.0 580.0 68.0 maneuver
3908.0 15396.0 108.0 88.0 to
4100.0 15400.0 184.0 88.0 cut
4384.0 15396.0 552.0 112.0 insurgent

2796.0 15556.0 356.0 112.0 troops
3212.0 15580.0 136.0 76.0 on
3412.0 15556.0 180.0 92.0 the
3652.0 15556.0 464.0 116.0 capital's
4180.0 15556.0 408.0 116.0 fringes
4652.0 15564.0 280.0 92.0 from

2792.0 15720.0 276.0 92.0 their
3140.0 15728.0 296.0 92.0 main
3512.0 15748.0 320.0 88.0 army.

2912.0 15884.0 212.0 92.0 The
3200.0 15888.0 764.0 116.0 three-day-old
4032.0 15896.0 336.0 104.0 drive,
4444.0 15896.0 172.0 88.0 the
4688.0 15920.0 208.0 92.0 gov-

2796.0 16056.0 484.0 88.0 ernment
3344.0 16052.0 260.0 108.0 said,
3668.0 16056.0 432.0 96.0 reached
4168.0 16060.0 184.0 92.0 the
4416.0 16060.0 520.0 96.0 outskirts

2792.0 16216.0 116.0 92.0 of
3040.0 16216.0 552.0 116.0 Quijorna,
3728.0 16224.0 108.0 92.0 18
3972.0 16224.0 308.0 96.0 miles
4424.0 16232.0 248.0 88.0 west
4824.0 16228.0 116.0 96.0 of

2796.0 16384.0 436.0 96.0 Madrid.
3384.0 16388.0 444.0 92.0 General
3908.0 16388.0 248.0 96.0 Jose
4248.0 16392.0 360.0 116.0 Miaja,
4688.0 16420.0 204.0 88.0 gov

2796.0 16556.0 480.0 88.0 ernment
3372.0 16556.0 700.0 108.0 commander,
4164.0 16564.0 764.0 92.0 concentrated

2800.0 16716.0 164.0 96.0 his
3040.0 16724.0 496.0 108.0 strength
3620.0 16724.0 300.0 92.0 south
4004.0 16728.0 116.0 92.0 of
4204.0 16728.0 184.0 88.0 the
4464.0 16724.0 272.0 96.0 Casa
4816.0 16732.0 128.0 88.0 de

2788.0 16884.0 420.0 116.0 Campo,
3300.0 16888.0 348.0 88.0 where
3724.0 16888.0 432.0 92.0 treeless
4236.0 16892.0 344.0 112.0 plains
4660.0 16916.0 272.0 88.0 gave

2792.0 17052.0 164.0 88.0 his
3020.0 17052.0 324.0 92.0 tanks
3416.0 17052.0 528.0 96.0 favorable
4012.0 17060.0 440.0 104.0 terrain.

2920.0 17220.0 624.0 112.0 (Insurgent
3704.0 17220.0 484.0 108.0 officials,
4360.0 17228.0 568.0 108.0 admitting

2788.0 17384.0 176.0 92.0 the
3016.0 17384.0 488.0 96.0 Western
3556.0 17388.0 280.0 88.0 drive
3888.0 17412.0 216.0 68.0 was
4156.0 17392.0 184.0 88.0 the
4396.0 17384.0 536.0 120.0 strongest

2796.0 17556.0 600.0 88.0 movement
3500.0 17556.0 172.0 112.0 yet
3768.0 17556.0 296.0 92.0 made
4172.0 17556.0 136.0 112.0 by
4412.0 17560.0 172.0 88.0 the
4684.0 17584.0 204.0 92.0 gov-

2792.0 17720.0 484.0 88.0 ernment
3464.0 17720.0 364.0 108.0 forces,
4000.0 17748.0 284.0 68.0 were
4460.0 17724.0 468.0 96.0 believed

2792.0 17884.0 452.0 112.0 shifting
3372.0 17884.0 528.0 96.0 Northern
4024.0 17896.0 372.0 104.0 troops
4516.0 17896.0 108.0 88.0 to
4744.0 17896.0 184.0 92.0 the

2792.0 18052.0 340.0 100.0 active
3256.0 18072.0 292.0 68.0 zone.
3728.0 18052.0 280.0 116.0 They
4132.0 18056.0 236.0 92.0 said
4488.0 18084.0 396.0 88.0 govern-

2800.0 18220.0 284.0 88.0 ment
3188.0 18216.0 628.0 100.0 militiamen
3912.0 18220.0 212.0 92.0 had
4228.0 18220.0 716.0 100.0 "infiltrated"

2792.0 18380.0 396.0 92.0 toward
3292.0 18380.0 540.0 116.0 Quijorna,
3924.0 18380.0 188.0 96.0 but
4204.0 18384.0 440.0 104.0 insisted
4740.0 18388.0 188.0 96.0 the

2792.0 18548.0 268.0 96.0 Casa
3180.0 18548.0 132.0 92.0 de
3432.0 18548.0 392.0 112.0 Campo
3936.0 18552.0 380.0 92.0 attack
4432.0 18576.0 216.0 72.0 was
4768.0 18580.0 120.0 68.0 re-

2792.0 18712.0 360.0 116.0 pulsed
3204.0 18712.0 260.0 92.0 with
3516.0 18712.0 256.0 104.0 2,000
3816.0 18724.0 700.0 112.0 government
4560.0 18716.0 356.0 104.0 dead.)

2908.0 18876.0 212.0 96.0 The
3252.0 18880.0 716.0 116.0 government,
4088.0 18884.0 568.0 112.0 censoring
4780.0 18884.0 148.0 96.0 all

2788.0 19044.0 184.0 96.0 but
3044.0 19044.0 420.0 92.0 official
3536.0 19044.0 824.0 116.0 communiques,
4436.0 19052.0 492.0 112.0 reported

2792.0 19212.0 436.0 112.0 capture
3292.0 19224.0 120.0 92.0 of
3468.0 19212.0 392.0 92.0 several
3916.0 19212.0 452.0 116.0 villages
4424.0 19216.0 208.0 96.0 and
4688.0 19216.0 240.0 100.0 said

2792.0 19376.0 536.0 92.0 deserters
3428.0 19376.0 440.0 116.0 brought
3968.0 19380.0 100.0 92.0 in
4176.0 19384.0 292.0 92.0 word
4560.0 19384.0 124.0 92.0 of
4776.0 19384.0 112.0 92.0 In-

2792.0 19548.0 432.0 108.0 surgent
3308.0 19544.0 424.0 92.0 defense
3804.0 19544.0 328.0 116.0 plans.

2924.0 19708.0 264.0 100.0 (The
3272.0 19716.0 600.0 108.0 insurgents
3944.0 19712.0 228.0 92.0 said
4256.0 19712.0 180.0 96.0 the
4508.0 19736.0 396.0 88.0 govern-

2808.0 19876.0 284.0 88.0 ment
3168.0 19900.0 228.0 68.0 was
3472.0 19876.0 468.0 112.0 repulsed
4016.0 19876.0 108.0 92.0 in
4200.0 19900.0 316.0 100.0 every
4584.0 19876.0 368.0 96.0 thrust

2804.0 20048.0 252.0 84.0 west
3124.0 20044.0 120.0 92.0 of
3308.0 20044.0 440.0 108.0 Madrid,
3816.0 20048.0 96.0 88.0 in
3980.0 20044.0 348.0 100.0 which
4396.0 20048.0 244.0 116.0 they
4700.0 20052.0 204.0 88.0 esti-

2800.0 20212.0 348.0 92.0 mated
3296.0 20208.0 324.0 108.0 30,000
3748.0 20216.0 692.0 112.0 government
4572.0 20220.0 372.0 112.0 troops

2804.0 20400.0 264.0 68.0 were
3148.0 20380.0 292.0 96.0 used.
3572.0 20380.0 80.0 92.0 A
3724.0 20384.0 696.0 108.0 government
4484.0 20384.0 460.0 116.0 attempt

2800.0 20544.0 112.0 88.0 to
2980.0 20552.0 564.0 108.0 recapture
3620.0 20548.0 356.0 92.0 Mount
4044.0 20548.0 692.0 100.0 Castro-Alen
4808.0 20580.0 136.0 68.0 on

2804.0 20712.0 172.0 88.0 the
3060.0 20712.0 608.0 96.0 Santander
3748.0 20716.0 516.0 96.0 northern
4348.0 20716.0 288.0 96.0 front
4720.0 20744.0 224.0 72.0 was

2800.0 20876.0 488.0 96.0 declared
3372.0 20880.0 564.0 112.0 repulsed).

2916.0 21040.0 572.0 120.0 Insurgent
3596.0 21048.0 464.0 116.0 artillery
4176.0 21076.0 144.0 72.0 on
4428.0 21056.0 176.0 96.0 the
4712.0 21060.0 188.0 92.0 out-

2792.0 21208.0 328.0 96.0 skirts
3272.0 21216.0 116.0 92.0 of
3532.0 21216.0 400.0 92.0 Madrid
4080.0 21244.0 224.0 76.0 was
4444.0 21220.0 496.0 116.0 reported

2796.0 21380.0 380.0 92.0 turned
3244.0 21384.0 280.0 88.0 from
3588.0 21384.0 168.0 92.0 the
3816.0 21388.0 416.0 108.0 targets
4292.0 21388.0 368.0 96.0 within
4724.0 21392.0 224.0 96.0 Ma-

2864.0 21676.0 604.0 96.0 Continued
3532.0 21680.0 156.0 92.0 On
3764.0 21684.0 280.0 104.0 Page
4116.0 21688.0 92.0 104.0 4.
4280.0 21684.0 444.0 104.0 Column
4800.0 21684.0 84.0 100.0 7.

2972.0 22324.0 976.0 456.0 Angels
4080.0 22324.0 836.0 372.0 Frolic
5036.0 22328.0 288.0 368.0 In
5460.0 22332.0 1520.0 376.0 "Heaven."

2916.0 22996.0 612.0 212.0 Father
3604.0 23000.0 728.0 212.0 Divine's
4412.0 23004.0 888.0 216.0 Followers
5380.0 23012.0 500.0 208.0 Feast
5960.0 23016.0 224.0 204.0 On
6280.0 23012.0 788.0 264.0 Chicken,

3092.0 23328.0 576.0 260.0 Goose,
3744.0 23332.0 1096.0 208.0 Watermelon
4912.0 23344.0 176.0 204.0 In
5164.0 23340.0 976.0 216.0 "Promised
6224.0 23348.0 632.0 208.0 Land."

2896.0 23904.0 576.0 116.0 Kingston,
3548.0 23904.0 124.0 96.0 N.
3752.0 23900.0 152.0 112.0 T.,
3980.0 23900.0 268.0 116.0 July
4324.0 23900.0 56.0 96.0 8
4508.0 23900.0 284.0 108.0 (AP)

2780.0 24072.0 400.0 96.0 Father
3236.0 24068.0 464.0 100.0 Divine's
3756.0 24068.0 536.0 96.0 "celestial
4348.0 24068.0 572.0 116.0 Olympics"

2780.0 24240.0 576.0 96.0 simmered
3472.0 24236.0 292.0 96.0 down
3876.0 24240.0 348.0 92.0 under
4336.0 24260.0 64.0 72.0 a
2784.0 24236.0 2140.0 284.0 ninety-five-degree

3500.0 24428.0 196.0 72.0 sun
3760.0 24404.0 112.0 96.0 to
3944.0 24432.0 64.0 68.0 a
4084.0 24404.0 416.0 120.0 prosaic
4568.0 24408.0 352.0 116.0 picnic

2780.0 24572.0 352.0 120.0 today.

2896.0 24740.0 408.0 116.0 Nearly
3432.0 24740.0 256.0 108.0 2,000
3816.0 24736.0 540.0 96.0 followers
4484.0 24736.0 116.0 96.0 of
4732.0 24744.0 184.0 92.0 the

2780.0 24904.0 612.0 120.0 bald-pated
3460.0 24908.0 264.0 96.0 little
3788.0 24904.0 416.0 96.0 harlem
4272.0 24904.0 352.0 116.0 Negro
4692.0 24908.0 228.0 96.0 cult

2780.0 25068.0 356.0 100.0 leader
3272.0 25072.0 500.0 116.0 gathered
3896.0 25076.0 120.0 92.0 at
4144.0 25068.0 284.0 96.0 their
4552.0 25096.0 328.0 92.0 super-

2776.0 25264.0 312.0 92.0 super
3172.0 25240.0 412.0 100.0 heaven
3664.0 25240.0 104.0 92.0 in
3848.0 25236.0 448.0 116.0 near-by
4368.0 25232.0 548.0 100.0 Greenkill

2780.0 25412.0 168.0 96.0 for
3044.0 25432.0 148.0 72.0 an
3292.0 25404.0 560.0 100.0 ambitious
3948.0 25408.0 368.0 112.0 sports
4412.0 25424.0 500.0 96.0 program

2784.0 25572.0 236.0 96.0 that
3148.0 25596.0 232.0 72.0 was
3508.0 25576.0 108.0 96.0 to
3740.0 25572.0 312.0 96.0 mark
4188.0 25568.0 180.0 96.0 the
4496.0 25572.0 416.0 96.0 official

2780.0 25736.0 464.0 116.0 opening
3340.0 25740.0 116.0 96.0 of
3548.0 25736.0 208.0 100.0 this
3852.0 25736.0 556.0 108.0 1,000-acre
4508.0 25736.0 368.0 116.0 "prom-

2780.0 25908.0 220.0 96.0 ised
3088.0 25904.0 352.0 100.0 land."

2892.0 26072.0 216.0 96.0 But
3180.0 26072.0 296.0 100.0 what
3540.0 26072.0 252.0 96.0 with
3864.0 26096.0 68.0 72.0 a
4000.0 26068.0 872.0 100.0 misunderstand-

2780.0 26240.0 176.0 116.0 ing
3048.0 26236.0 336.0 100.0 about
3468.0 26236.0 192.0 100.0 bus
3752.0 26240.0 320.0 112.0 fares,
4164.0 26236.0 212.0 96.0 and
4464.0 26236.0 248.0 96.0 lack
4804.0 26240.0 112.0 96.0 of

2784.0 26412.0 748.0 112.0 preparations
3636.0 26408.0 100.0 92.0 In
3840.0 26428.0 120.0 72.0 so
4072.0 26404.0 180.0 96.0 far
4352.0 26432.0 116.0 68.0 as
4568.0 26412.0 364.0 108.0 sports

2788.0 26576.0 308.0 96.0 fields
3152.0 26596.0 284.0 72.0 were
3496.0 26572.0 608.0 112.0 concerned,
4168.0 26572.0 176.0 92.0 the
4396.0 26568.0 516.0 116.0 gathered

2784.0 26740.0 496.0 116.0 disciples
3352.0 26764.0 272.0 72.0 were
3696.0 26736.0 400.0 112.0 willing
4176.0 26740.0 112.0 92.0 to
4360.0 26736.0 308.0 96.0 settle
4748.0 26740.0 168.0 96.0 for

2780.0 26908.0 380.0 92.0 dinner
3256.0 26904.0 208.0 96.0 and
3556.0 26932.0 60.0 68.0 a
3708.0 26904.0 264.0 96.0 little
4068.0 26904.0 364.0 112.0 lolling
4524.0 26916.0 108.0 80.0 in
4736.0 26912.0 176.0 92.0 the

2780.0 27076.0 356.0 92.0 shade.

2892.0 27240.0 224.0 100.0 The
3180.0 27240.0 484.0 116.0 disciples
3720.0 27240.0 208.0 92.0 and
3992.0 27240.0 372.0 112.0 angels
4424.0 27244.0 236.0 96.0 who
4728.0 27248.0 160.0 92.0 dis-

2776.0 27408.0 584.0 96.0 embarked
3448.0 27408.0 268.0 92.0 from
3796.0 27408.0 180.0 92.0 the
4064.0 27408.0 444.0 100.0 Hudson
4596.0 27412.0 332.0 92.0 River

2772.0 27576.0 472.0 92.0 steamer
3396.0 27572.0 288.0 96.0 State
3832.0 27572.0 116.0 96.0 of
4100.0 27572.0 560.0 96.0 Delaware
4812.0 27576.0 112.0 92.0 at

2772.0 27732.0 544.0 132.0 Kingston
3400.0 27740.0 280.0 108.0 after
3760.0 27760.0 144.0 80.0 an
3992.0 27740.0 632.0 104.0 uneventful
4712.0 27744.0 216.0 120.0 trip

3976.0 6072.0 2072.0 464.0 Heat-Borne
6168.0 6088.0 1096.0 456.0 Storm

5088.0 6896.0 304.0 100.0 made
5484.0 6900.0 144.0 124.0 by
5720.0 6892.0 528.0 104.0 members
6400.0 6896.0 124.0 92.0 of
6676.0 6892.0 176.0 92.0 ths
7004.0 6888.0 244.0 96.0 Life

5088.0 7064.0 344.0 120.0 Squad
5500.0 7068.0 356.0 96.0 under
5912.0 7064.0 644.0 96.0 Lieutenant
6616.0 7056.0 284.0 100.0 Irvin
6964.0 7060.0 248.0 92.0 Mar-

5088.0 7232.0 188.0 116.0 tin,
5368.0 7240.0 248.0 92.0 who
5708.0 7232.0 492.0 116.0 reported
6312.0 7232.0 316.0 92.0 there
6736.0 7252.0 272.0 68.0 were
7108.0 7248.0 144.0 72.0 no

5084.0 7400.0 364.0 100.0 marks
5512.0 7428.0 128.0 72.0 or
5704.0 7404.0 336.0 96.0 burns
6096.0 7424.0 132.0 72.0 on
6288.0 7400.0 192.0 96.0 the
6548.0 7396.0 300.0 120.0 body.
6904.0 7396.0 348.0 96.0 Tullis

5088.0 7592.0 216.0 72.0 was
5464.0 7568.0 692.0 120.0 pronounced
6316.0 7564.0 284.0 100.0 dead
6764.0 7564.0 132.0 124.0 by
7056.0 7560.0 192.0 96.0 Dr.

5084.0 7736.0 440.0 96.0 Charles
5592.0 7736.0 128.0 100.0 E.
5792.0 7736.0 272.0 108.0 Eha,
6136.0 7732.0 236.0 100.0 2648
6444.0 7732.0 256.0 96.0 Erie
6776.0 7732.0 472.0 108.0 Avenue,

5084.0 7912.0 232.0 92.0 who
5404.0 7932.0 232.0 72.0 was
5716.0 7932.0 144.0 72.0 on
5940.0 7908.0 180.0 88.0 the
6200.0 7928.0 388.0 72.0 course
6672.0 7900.0 300.0 96.0 when
7056.0 7904.0 188.0 92.0 the

5084.0 8072.0 536.0 116.0 lightning
5688.0 8076.0 404.0 96.0 struck.

5192.0 8240.0 224.0 96.0 The
5468.0 8244.0 324.0 96.0 othe.'
5844.0 8236.0 424.0 96.0 caddies
6328.0 8236.0 472.0 100.0 shocked
6856.0 8236.0 136.0 116.0 by
7052.0 8232.0 188.0 100.0 the

5080.0 8404.0 212.0 100.0 bolt
5356.0 8436.0 284.0 68.0 were
5708.0 8412.0 432.0 96.0 Jerome
6208.0 8408.0 424.0 108.0 Shutte,
6700.0 8404.0 136.0 112.0 14,
6904.0 8408.0 56.0 92.0 8
7028.0 8400.0 172.0 96.0 Ab-

5080.0 8580.0 160.0 96.0 bie
5364.0 8580.0 356.0 104.0 Place,
5860.0 8572.0 636.0 116.0 Edgcmont,
6628.0 8580.0 204.0 92.0 and
6952.0 8572.0 292.0 100.0 Jack

5076.0 8748.0 436.0 112.0 Cusher,
5568.0 8744.0 148.0 112.0 15,
5780.0 8744.0 236.0 96.0 7418
6068.0 8744.0 260.0 100.0 Vine
6392.0 8744.0 384.0 96.0 Street.
6828.0 8744.0 416.0 96.0 Names

5076.0 8916.0 112.0 96.0 of
5248.0 8920.0 404.0 112.0 golfers
5716.0 8916.0 468.0 92.0 affected
6248.0 8916.0 140.0 120.0 by
6448.0 8916.0 192.0 96.0 the
6696.0 8912.0 544.0 120.0 lightning

5076.0 9108.0 268.0 72.0 were
5420.0 9088.0 192.0 100.0 not
5684.0 9080.0 464.0 100.0 learned.

5188.0 9252.0 512.0 96.0 Clarence
5784.0 9252.0 452.0 112.0 Dapper,
6324.0 9244.0 716.0 128.0 professional
7120.0 9248.0 116.0 96.0 at

5076.0 9424.0 176.0 92.0 the
5360.0 9420.0 280.0 112.0 club,
5764.0 9420.0 236.0 96.0 said
6108.0 9420.0 176.0 92.0 the
6408.0 9420.0 232.0 96.0 bolt
6768.0 9444.0 216.0 68.0 was
7104.0 9444.0 128.0 68.0 so

5068.0 9592.0 372.0 116.0 strong
5528.0 9592.0 84.0 96.0 it
5692.0 9592.0 396.0 96.0 caused
6164.0 9612.0 456.0 92.0 persons
6712.0 9588.0 520.0 116.0 gathered

5072.0 9756.0 108.0 100.0 in
5248.0 9756.0 180.0 96.0 the
5504.0 9752.0 380.0 104.0 locker
5948.0 9776.0 316.0 88.0 room,
6340.0 9756.0 188.0 96.0 400
6604.0 9756.0 212.0 96.0 feet
6884.0 9776.0 348.0 92.0 away,

5068.0 9924.0 108.0 96.0 to
5256.0 9924.0 332.0 120.0 jump.

5184.0 10088.0 288.0 100.0 Near
5548.0 10092.0 176.0 112.0 by,
5796.0 10120.0 64.0 72.0 a
5944.0 10092.0 492.0 120.0 chimney
6508.0 10116.0 136.0 72.0 on
6716.0 10092.0 176.0 92.0 the
6968.0 10088.0 220.0 96.0 resi-

5072.0 10224.0 320.0 100.0 dence
5448.0 10232.0 116.0 96.0 of
5624.0 10228.0 412.0 100.0 Carroll
6096.0 10228.0 500.0 112.0 McCash,
6648.0 10228.0 224.0 96.0 7211
6928.0 10232.0 264.0 92.0 Fair-

5072.0 10368.0 256.0 116.0 park
5384.0 10368.0 480.0 104.0 Avenue,
5912.0 10392.0 216.0 68.0 was
6180.0 10364.0 500.0 100.0 knocked
6728.0 10368.0 304.0 92.0 down
7092.0 10368.0 144.0 112.0 by

5072.0 10504.0 444.0 96.0 another
5676.0 10504.0 532.0 112.0 lightning
6380.0 10504.0 260.0 96.0 bolt.
6792.0 10500.0 440.0 96.0 Several

5072.0 10636.0 352.0 96.0 bricks
5492.0 10640.0 192.0 96.0 fell
5756.0 10644.0 456.0 108.0 through
6292.0 10644.0 192.0 92.0 the
6556.0 10640.0 232.0 100.0 roof
6860.0 10640.0 116.0 96.0 of
7044.0 10640.0 188.0 96.0 the

5072.0 10772.0 344.0 96.0 house.

5168.0 11192.0 1968.0 392.0 ANGLO-SAXONS

5072.0 11968.0 816.0 264.0 Rearm
5952.0 11976.0 440.0 256.0 For
6456.0 11980.0 772.0 320.0 Peace,

5076.0 12680.0 532.0 220.0 Prime
5820.0 12688.0 760.0 212.0 Minister
6776.0 12700.0 452.0 204.0 Tells

5248.0 13024.0 1168.0 208.0 Conservative
6504.0 13028.0 512.0 268.0 Ually.

5076.0 13592.0 960.0 168.0 Chamberlain
6136.0 13596.0 496.0 164.0 Would
6728.0 13604.0 508.0 160.0 Enrich

5096.0 13840.0 316.0 164.0 Soil,
5496.0 13840.0 744.0 152.0 Conciliate
6320.0 13840.0 688.0 188.0 Germany-

5188.0 14056.0 384.0 192.0 Raps
5652.0 14060.0 608.0 160.0 "Dismal
6328.0 14060.0 760.0 164.0 Jimmies."

5176.0 14552.0 480.0 116.0 London,
5764.0 14560.0 248.0 120.0 July
6108.0 14564.0 60.0 92.0 8
6308.0 14560.0 280.0 100.0 (AP)
6720.0 14560.0 484.0 96.0 Rearma

5056.0 14724.0 288.0 92.0 ment
5472.0 14724.0 112.0 92.0 in
5708.0 14724.0 188.0 92.0 the
6012.0 14720.0 396.0 96.0 United
6540.0 14724.0 344.0 92.0 States
7016.0 14728.0 216.0 92.0 and

5052.0 14880.0 324.0 92.0 Great
5448.0 14884.0 460.0 112.0 Britain,
5972.0 14888.0 352.0 100.0 Prime
6400.0 14888.0 480.0 96.0 Minister
6944.0 14892.0 248.0 96.0 Nev

5056.0 15044.0 160.0 96.0 ille
5284.0 15048.0 764.0 100.0 Chamberlain
6120.0 15056.0 232.0 92.0 said
6432.0 15056.0 440.0 112.0 tonight,
6948.0 15056.0 280.0 96.0 "will

5056.0 15216.0 104.0 88.0 in
5240.0 15216.0 260.0 96.0 time
5580.0 15224.0 512.0 92.0 convince
6172.0 15224.0 192.0 92.0 the
6444.0 15220.0 324.0 96.0 world
6844.0 15228.0 120.0 96.0 of
7044.0 15224.0 192.0 92.0 the

5056.0 15384.0 436.0 96.0 wisdom
5596.0 15388.0 120.0 92.0 of
5812.0 15388.0 428.0 120.0 settling
6340.0 15388.0 148.0 92.0 its
6580.0 15388.0 656.0 96.0 differences

5052.0 15544.0 128.0 116.0 by
5240.0 15548.0 496.0 112.0 peaceful
5800.0 15552.0 596.0 92.0 discussion
6464.0 15552.0 404.0 96.0 instead
6932.0 15556.0 124.0 92.0 of
7088.0 15552.0 144.0 124.0 by

5052.0 15712.0 720.0 100.0 arbitrament
5832.0 15716.0 112.0 96.0 of
6000.0 15716.0 388.0 96.0 force."

5168.0 15876.0 552.0 124.0 Speaking
5788.0 15884.0 116.0 92.0 at
5972.0 15908.0 64.0 68.0 a
6104.0 15888.0 292.0 112.0 huge
6468.0 15884.0 764.0 96.0 Conservative

5048.0 16044.0 308.0 124.0 party
5444.0 16044.0 280.0 128.0 rally
5812.0 16072.0 132.0 68.0 on
6024.0 16048.0 180.0 92.0 the
6292.0 16072.0 196.0 68.0 eve
6572.0 16052.0 112.0 92.0 of
6760.0 16052.0 468.0 92.0 another

5056.0 16208.0 596.0 112.0 important
5748.0 16208.0 396.0 96.0 session
6248.0 16216.0 124.0 92.0 of
6468.0 16212.0 176.0 96.0 the
6736.0 16212.0 456.0 96.0 Interna

5048.0 16368.0 328.0 96.0 tional
5488.0 16372.0 1124.0 116.0 "Hands-Off-Spain"
6708.0 16380.0 480.0 96.0 Commit-

5048.0 16544.0 184.0 100.0 tee,
5348.0 16540.0 184.0 92.0 the
5648.0 16540.0 356.0 100.0 Prime
6112.0 16544.0 504.0 96.0 Minister
6720.0 16544.0 500.0 100.0 declared

5048.0 16704.0 788.0 116.0 significantly:

5160.0 16900.0 200.0 92.0 "As
5520.0 16900.0 48.0 96.0 I
5732.0 16904.0 276.0 96.0 don't
6164.0 16904.0 412.0 96.0 believe
6720.0 16908.0 504.0 116.0 anybody

5052.0 17072.0 340.0 88.0 wants
5508.0 17072.0 112.0 92.0 to
5736.0 17072.0 276.0 92.0 start
6116.0 17096.0 68.0 68.0 a
6296.0 17068.0 564.0 116.0 European
6984.0 17100.0 244.0 68.0 con-

4992.0 17216.0 8.0 112.0 !
5048.0 17232.0 616.0 108.0 flagration,
5740.0 17240.0 48.0 92.0 I
5864.0 17236.0 280.0 92.0 don't
6216.0 17260.0 188.0 68.0 see
6480.0 17240.0 260.0 112.0 why,
6816.0 17240.0 268.0 92.0 with
7160.0 17268.0 64.0 64.0 a

5048.0 17396.0 260.0 88.0 little
5404.0 17396.0 560.0 116.0 ingenuity
6048.0 17400.0 212.0 92.0 and
6364.0 17400.0 268.0 116.0 good
6724.0 17404.0 244.0 108.0 will,
7064.0 17432.0 160.0 64.0 we

5048.0 17560.0 540.0 104.0 shouldn't
5692.0 17568.0 232.0 96.0 find
6020.0 17592.0 64.0 72.0 a
6184.0 17568.0 472.0 100.0 solution
6752.0 17568.0 172.0 92.0 for
7028.0 17592.0 200.0 72.0 our

5040.0 17724.0 640.0 96.0 difficulties
5800.0 17728.0 648.0 96.0 difficulties
6508.0 17732.0 332.0 92.0 which
6868.0 17736.0 356.0 100.0 would

5044.0 17892.0 120.0 88.0 be
5224.0 17892.0 736.0 116.0 immediately
6020.0 17896.0 468.0 96.0 relieved
6548.0 17900.0 88.0 96.0 if
6688.0 17924.0 156.0 68.0 we
6904.0 17904.0 320.0 88.0 could

5048.0 18080.0 312.0 88.0 agree
5468.0 18080.0 292.0 92.0 upon
5868.0 18056.0 672.0 96.0 withdrawal
6640.0 18068.0 112.0 92.0 of
6852.0 18068.0 332.0 88.0 volun-

5044.0 18220.0 276.0 96.0 teers
5428.0 18224.0 220.0 92.0 and
5756.0 18248.0 276.0 92.0 upon
6136.0 18224.0 432.0 112.0 leaving
6668.0 18224.0 336.0 116.0 Spain
7112.0 18236.0 112.0 88.0 to

5040.0 18384.0 308.0 96.0 settle
5404.0 18384.0 200.0 92.0 her
5660.0 18412.0 236.0 68.0 own
5952.0 18388.0 364.0 96.0 future
6380.0 18388.0 172.0 92.0 for
6608.0 18392.0 488.0 92.0 herself."

5156.0 18544.0 792.0 116.0 Chamberlain,
6032.0 18552.0 248.0 100.0 who
6372.0 18576.0 120.0 72.0 as
6580.0 18552.0 644.0 100.0 Chancellor

5044.0 18716.0 112.0 92.0 of
5228.0 18720.0 184.0 88.0 the
5492.0 18712.0 656.0 124.0 Exchequer,
6232.0 18720.0 120.0 96.0 in
6436.0 18720.0 548.0 120.0 February
7068.0 18732.0 112.0 92.0 in-

5044.0 18884.0 416.0 96.0 formed
5520.0 18888.0 188.0 96.0 the
5764.0 18888.0 316.0 96.0 world
6132.0 18884.0 436.0 96.0 Britain
6624.0 18912.0 216.0 68.0 was
6896.0 18888.0 284.0 96.0 float-

5044.0 19052.0 180.0 116.0 ing
5380.0 19080.0 68.0 68.0 a
5600.0 19052.0 1008.0 104.0 two-billion-dollar
6764.0 19060.0 456.0 96.0 defense

5048.0 19220.0 240.0 92.0 loan
5368.0 19248.0 124.0 72.0 as
5572.0 19228.0 248.0 116.0 part
5892.0 19224.0 108.0 92.0 of
6076.0 19224.0 136.0 92.0 its
6296.0 19224.0 660.0 116.0 six-to-eight
7032.0 19228.0 148.0 92.0 bil-

5040.0 19384.0 212.0 96.0 lion
5392.0 19392.0 588.0 116.0 peacetime
6108.0 19392.0 732.0 92.0 rearmament
6980.0 19412.0 200.0 92.0 pro-

5044.0 19576.0 336.0 92.0 gram,
5436.0 19556.0 280.0 92.0 said:

5160.0 19720.0 276.0 100.0 "I've
5536.0 19748.0 324.0 68.0 never
5944.0 19724.0 536.0 96.0 hesitated
6572.0 19724.0 104.0 92.0 to
6764.0 19748.0 452.0 88.0 express

5040.0 19908.0 176.0 96.0 my
5296.0 19916.0 248.0 68.0 own
5628.0 19896.0 280.0 108.0 grief
5980.0 19896.0 212.0 88.0 and
6292.0 19888.0 444.0 92.0 distress
6816.0 19892.0 124.0 92.0 at
7024.0 19892.0 188.0 96.0 the

5044.0 20056.0 264.0 96.0 hard
5380.0 20056.0 532.0 116.0 necessi'y
5972.0 20056.0 352.0 96.0 which
6396.0 20060.0 188.0 92.0 has
6644.0 20056.0 372.0 100.0 forced
7088.0 20088.0 128.0 68.0 us

5044.0 20224.0 108.0 92.0 to
5272.0 20224.0 424.0 116.0 expend
5824.0 20244.0 272.0 92.0 upon
6228.0 20228.0 664.0 92.0 armaments
7028.0 20228.0 184.0 96.0 the

5044.0 20412.0 384.0 96.0 money
5520.0 20392.0 352.0 92.0 which
5956.0 20388.0 52.0 100.0 I
6092.0 20392.0 360.0 92.0 would
6540.0 20412.0 248.0 100.0 very
6880.0 20396.0 336.0 92.0 much

5040.0 20560.0 368.0 92.0 rather
5468.0 20584.0 180.0 68.0 see
5712.0 20560.0 432.0 92.0 devoted
6208.0 20564.0 120.0 88.0 to
6388.0 20556.0 396.0 116.0 objects
6848.0 20560.0 364.0 92.0 which

5040.0 20748.0 184.0 68.0 are
5292.0 20724.0 600.0 96.0 calculated
5964.0 20728.0 108.0 92.0 to
6144.0 20728.0 288.0 96.0 raise
6500.0 20724.0 176.0 96.0 the
6744.0 20724.0 276.0 96.0 level
7096.0 20728.0 116.0 92.0 of

5040.0 20888.0 404.0 96.0 human
5516.0 20888.0 596.0 120.0 happiness.

5156.0 21056.0 276.0 96.0 "But
5532.0 21060.0 640.0 108.0 sometimes,
6272.0 21084.0 212.0 92.0 you
6576.0 21056.0 344.0 108.0 know,
7020.0 21060.0 188.0 96.0 the

5040.0 21224.0 416.0 112.0 longest
5540.0 21248.0 240.0 96.0 way
5860.0 21228.0 332.0 96.0 round
6296.0 21228.0 92.0 92.0 is
6468.0 21228.0 172.0 92.0 the
6720.0 21224.0 492.0 96.0 shortest

5036.0 21412.0 232.0 96.0 way
5360.0 21392.0 356.0 112.0 home,
5796.0 21396.0 204.0 96.0 and
6080.0 21392.0 52.0 96.0 I
6220.0 21392.0 388.0 120.0 myself
6688.0 21416.0 184.0 68.0 am
6956.0 21416.0 252.0 72.0 con-

5096.0 21692.0 612.0 96.0 Continued
5784.0 21696.0 156.0 92.0 On
6012.0 21696.0 300.0 108.0 Page
6388.0 21700.0 88.0 104.0 2,
6540.0 21696.0 452.0 96.0 Column
7072.0 21700.0 84.0 96.0 7.

5020.0 23908.0 284.0 96.0 from
5460.0 23908.0 272.0 92.0 New
5876.0 23904.0 328.0 112.0 Tork,
6364.0 23908.0 268.0 116.0 piled
6784.0 23908.0 416.0 96.0 aboard

5020.0 24068.0 376.0 96.0 busses
5464.0 24072.0 248.0 92.0 that
5776.0 24096.0 264.0 72.0 were
6100.0 24076.0 120.0 92.0 to
6284.0 24072.0 248.0 96.0 take
6588.0 24076.0 300.0 96.0 them
6952.0 24080.0 248.0 92.0 four

5020.0 24240.0 308.0 88.0 miles
5448.0 24240.0 116.0 92.0 to
5676.0 24236.0 176.0 96.0 the
5964.0 24236.0 552.0 96.0 Greenkill
6628.0 24240.0 572.0 100.0 "heaven."

5020.0 24404.0 216.0 96.0 But
5364.0 24432.0 72.0 68.0 a
5564.0 24400.0 1176.0 124.0 "misunderstanding"
6868.0 24408.0 336.0 96.0 about

5020.0 24572.0 176.0 96.0 the
5276.0 24568.0 244.0 96.0 fare
5648.0 24572.0 460.0 100.0 Divine's
6188.0 24572.0 528.0 96.0 followers
6796.0 24576.0 244.0 100.0 said
7120.0 24580.0 84.0 92.0 It

5020.0 24736.0 384.0 96.0 should
5484.0 24740.0 276.0 96.0 have
5828.0 24740.0 264.0 96.0 been
6168.0 24740.0 124.0 96.0 10
6364.0 24748.0 292.0 88.0 cents
6716.0 24748.0 224.0 96.0 and
7020.0 24748.0 180.0 92.0 the

5016.0 24900.0 420.0 104.0 drivers
5548.0 24908.0 232.0 96.0 said
5884.0 24908.0 116.0 96.0 20
6124.0 24912.0 468.0 96.0 resulted
6708.0 24912.0 108.0 100.0 in
6932.0 24912.0 272.0 112.0 1,000

5016.0 25072.0 776.0 100.0 excursionists
5856.0 25076.0 320.0 128.0 being
6240.0 25080.0 200.0 96.0 left
6504.0 25080.0 516.0 120.0 standing
7088.0 25088.0 116.0 88.0 at

5012.0 25244.0 776.0 100.0 sun-scorched
5948.0 25248.0 332.0 96.0 curbs
6444.0 25248.0 268.0 96.0 until
6888.0 25252.0 316.0 96.0 other

5012.0 25432.0 384.0 72.0 means
5472.0 25416.0 124.0 92.0 of
5668.0 25416.0 856.0 116.0 transportation
6592.0 25444.0 284.0 72.0 were
6956.0 25448.0 208.0 92.0 sup-

5020.0 25572.0 312.0 112.0 plied.
5132.0 25732.0 268.0 100.0 This
5484.0 25744.0 316.0 112.0 delay
5876.0 25752.0 400.0 92.0 caused
6364.0 25776.0 68.0 72.0 a
6508.0 25752.0 692.0 96.0 curtailment

5016.0 25908.0 116.0 92.0 of
5220.0 25908.0 328.0 96.0 track
5652.0 25912.0 204.0 96.0 and
5948.0 25916.0 268.0 96.0 field
6320.0 25924.0 360.0 96.0 events
6776.0 25944.0 148.0 72.0 on
7020.0 25924.0 184.0 96.0 the

5020.0 26064.0 616.0 124.0 "Olympic"
5708.0 26096.0 536.0 96.0 program.
6376.0 26088.0 216.0 96.0 The
6660.0 26088.0 240.0 112.0 golf
6964.0 26116.0 204.0 72.0 con-

5020.0 26228.0 268.0 104.0 tests
5356.0 26260.0 288.0 80.0 were
5712.0 26244.0 332.0 104.0 called
6112.0 26252.0 180.0 92.0 off
6352.0 26252.0 280.0 96.0 after
6696.0 26260.0 512.0 116.0 disciples

5016.0 26404.0 264.0 88.0 with
5332.0 26404.0 312.0 100.0 clubs
5700.0 26412.0 204.0 96.0 and
5968.0 26412.0 280.0 100.0 balls
6316.0 26420.0 320.0 104.0 found
6692.0 26428.0 192.0 92.0 the
6948.0 26432.0 220.0 92.0 fair-

5016.0 26588.0 292.0 96.0 ways
5344.0 26592.0 288.0 76.0 were
5704.0 26576.0 812.0 116.0 mayfieldsand
6588.0 26588.0 184.0 96.0 the
6812.0 26612.0 392.0 92.0 greens

5020.0 26728.0 208.0 100.0 had
5320.0 26732.0 704.0 120.0 disappeared
6116.0 26744.0 112.0 96.0 in
6316.0 26744.0 180.0 100.0 the
6580.0 26752.0 188.0 96.0 tall
6864.0 26780.0 340.0 92.0 grass.

5016.0 26892.0 396.0 104.0 Tennis
5584.0 26904.0 668.0 100.0 cnthufiasts
6416.0 26936.0 264.0 72.0 were
6848.0 26924.0 316.0 112.0 disap-

5012.0 27072.0 444.0 108.0 pointed
5556.0 27068.0 116.0 96.0 to
5772.0 27072.0 228.0 96.0 find
6100.0 27088.0 368.0 88.0 courts
6560.0 27092.0 640.0 104.0 unmarked,

5020.0 27240.0 232.0 92.0 nets
5320.0 27240.0 480.0 108.0 missing,
5868.0 27244.0 208.0 92.0 and
6148.0 27244.0 576.0 116.0 backstops
6792.0 27252.0 348.0 96.0 down.

5136.0 27372.0 140.0 92.0 So
5408.0 27376.0 188.0 92.0 the
5724.0 27376.0 444.0 100.0 faithful
6308.0 27384.0 296.0 92.0 lolled
6736.0 27408.0 144.0 72.0 on
7012.0 27392.0 184.0 92.0 the

5016.0 27508.0 352.0 92.0 banks
5448.0 27516.0 116.0 88.0 of
5644.0 27516.0 232.0 88.0 "the
5944.0 27512.0 348.0 100.0 River
6364.0 27520.0 468.0 92.0 Jordan"
6968.0 27548.0 224.0 92.0 pro-

5080.0 27744.0 620.0 104.0 Continued
5768.0 27748.0 164.0 100.0 On
5992.0 27752.0 316.0 120.0 rage
6376.0 27760.0 88.0 120.0 2,
6528.0 27756.0 464.0 104.0 Column
7068.0 27764.0 84.0 96.0 7.

7688.0 4832.0 1472.0 448.0 ALABAMAN

7364.0 5700.0 616.0 260.0 Joins
8088.0 5700.0 548.0 260.0 Foes
8752.0 5704.0 240.0 256.0 Of
9092.0 5700.0 416.0 256.0 Bill

7380.0 6412.0 216.0 200.0 On
7804.0 6412.0 496.0 204.0 Court
8500.0 6408.0 1012.0 268.0 Revamping

7484.0 6744.0 208.0 204.0 As
7764.0 6736.0 500.0 208.0 Lines
8324.0 6752.0 312.0 196.0 Are
8716.0 6748.0 648.0 204.0 Drawn.

7376.0 7312.0 584.0 164.0 Leaders
8092.0 7312.0 176.0 160.0 Of
8372.0 7316.0 372.0 160.0 Both
8864.0 7316.0 648.0 164.0 Factions

7484.0 7552.0 592.0 192.0 Prepare
8144.0 7548.0 244.0 164.0 For
8444.0 7544.0 464.0 164.0 Bitter
8968.0 7548.0 412.0 196.0 Fight

7768.0 7784.0 228.0 156.0 On
8072.0 7780.0 480.0 164.0 Senate
8632.0 7784.0 432.0 160.0 Floor.

7476.0 8280.0 176.0 96.0 BY
7744.0 8280.0 492.0 100.0 EDWIN
8320.0 8284.0 152.0 100.0 W.
8564.0 8284.0 812.0 100.0 GAMLEMAN.

7352.0 8444.0 544.0 84.0 Muhlnitnn
7948.0 8444.0 352.0 84.0 Duma,
8344.0 8448.0 196.0 76.0 137
8612.0 8452.0 240.0 76.0 Nul'l
8920.0 8452.0 244.0 76.0 rrru
9232.0 8452.0 248.0 92.0 Bldf.

7416.0 8604.0 276.0 64.0 rrcuL
7752.0 8608.0 432.0 64.0 DinrATCH
8236.0 8608.0 96.0 64.0 to
8384.0 8608.0 176.0 64.0 thk
8624.0 8612.0 440.0 72.0 ixgciun.

7468.0 8720.0 732.0 120.0 Washington,
8304.0 8720.0 244.0 120.0 July
8664.0 8728.0 64.0 96.0 8
8848.0 8728.0 244.0 100.0 Two
9208.0 8728.0 284.0 96.0 Ohio

7348.0 8888.0 356.0 120.0 Valley
7800.0 8896.0 532.0 116.0 Senators,
8428.0 8896.0 140.0 96.0 M.
8672.0 8896.0 136.0 96.0 M.
8904.0 8896.0 364.0 116.0 Logan
9372.0 8900.0 120.0 96.0 of

7348.0 9052.0 568.0 124.0 Kentucky
7996.0 9060.0 208.0 96.0 and
8276.0 9060.0 520.0 100.0 Sherman
8876.0 9068.0 416.0 96.0 Mlnton
9372.0 9068.0 120.0 92.0 of

7352.0 9224.0 436.0 100.0 Indiana
7840.0 9228.0 268.0 96.0 bore
8160.0 9232.0 160.0 92.0 the
8372.0 9232.0 328.0 96.0 brunt
8752.0 9244.0 116.0 92.0 of
8916.0 9236.0 576.0 112.0 argument

7352.0 9416.0 104.0 72.0 in
7540.0 9400.0 444.0 112.0 support
8068.0 9400.0 112.0 92.0 of
8252.0 9400.0 168.0 92.0 the
8504.0 9400.0 584.0 96.0 substitute
9172.0 9400.0 320.0 100.0 court

7348.0 9564.0 840.0 116.0 reorganization
8288.0 9564.0 172.0 100.0 bill
8576.0 9572.0 116.0 92.0 in
8804.0 9572.0 176.0 96.0 the
9092.0 9568.0 396.0 96.0 Senate

7352.0 9728.0 328.0 120.0 today.

7464.0 9900.0 260.0 96.0 Both
7844.0 9928.0 292.0 72.0 were
8236.0 9900.0 552.0 120.0 subjected
8896.0 9908.0 108.0 92.0 to
9116.0 9928.0 376.0 72.0 severe

7348.0 10068.0 408.0 116.0 grilling
7864.0 10076.0 148.0 116.0 by
8116.0 10072.0 164.0 92.0 the
8376.0 10080.0 604.0 108.0 opponents
9088.0 10072.0 116.0 96.0 of
9304.0 10076.0 184.0 92.0 the

7352.0 10256.0 500.0 92.0 measure,
7916.0 10236.0 344.0 96.0 which
8308.0 10236.0 580.0 120.0 developed
8944.0 10240.0 224.0 96.0 Into
9228.0 10244.0 264.0 96.0 such

7352.0 10396.0 564.0 104.0 bitterness
7984.0 10404.0 120.0 96.0 at
8160.0 10408.0 296.0 92.0 times
8520.0 10432.0 132.0 68.0 as
8716.0 10408.0 108.0 96.0 to
8884.0 10408.0 612.0 116.0 emphasize

7348.0 10572.0 176.0 92.0 the
7604.0 10572.0 252.0 116.0 split
7956.0 10572.0 112.0 96.0 in
8152.0 10572.0 164.0 96.0 the
8400.0 10580.0 332.0 116.0 party
8816.0 10576.0 328.0 96.0 ranks
9236.0 10600.0 260.0 72.0 over

7348.0 10740.0 176.0 92.0 ths
7604.0 10744.0 288.0 92.0 issue
7992.0 10740.0 548.0 96.0 President
8632.0 10740.0 572.0 100.0 Roosevelt
9296.0 10744.0 200.0 96.0 has

7348.0 10908.0 332.0 92.0 laised
7736.0 10916.0 140.0 112.0 by
7940.0 10908.0 484.0 112.0 Insisting
8484.0 10936.0 284.0 88.0 upon
8828.0 10936.0 132.0 68.0 an
9012.0 10916.0 444.0 108.0 enlarge-

7348.0 11076.0 276.0 92.0 ment
7704.0 11080.0 112.0 92.0 In
7900.0 11076.0 192.0 96.0 the
8168.0 11076.0 508.0 116.0 Supreme
8756.0 11076.0 324.0 100.0 Court
9164.0 11104.0 284.0 76.0 mem-

7348.0 11236.0 432.0 124.0 bership.
7460.0 11404.0 204.0 100.0 The
7740.0 11412.0 696.0 112.0 interchange
8516.0 11416.0 124.0 92.0 at
8712.0 11440.0 196.0 76.0 one
8984.0 11420.0 256.0 92.0 time
9320.0 11412.0 128.0 96.0 be-

7344.0 11600.0 284.0 68.0 came
7712.0 11604.0 120.0 68.0 so
7940.0 11584.0 412.0 112.0 pointed
8456.0 11584.0 252.0 92.0 that
8808.0 11584.0 644.0 96.0 administra-

7344.0 11740.0 212.0 100.0 tion
7616.0 11740.0 424.0 100.0 leaders
8100.0 11748.0 352.0 96.0 served
8516.0 11752.0 360.0 96.0 notice
8932.0 11752.0 236.0 96.0 that
9228.0 11756.0 264.0 116.0 they

7340.0 11912.0 328.0 96.0 would
7756.0 11916.0 396.0 92.0 invoke
8236.0 11940.0 312.0 96.0 every
8644.0 11916.0 848.0 124.0 parliamentary

7340.0 12080.0 216.0 92.0 rule
7628.0 12080.0 116.0 96.0 of
7828.0 12084.0 192.0 100.0 the
8104.0 12088.0 368.0 92.0 Senate
8560.0 12092.0 116.0 88.0 to
8756.0 12096.0 440.0 108.0 prevent
9280.0 12092.0 164.0 96.0 fili-

7336.0 12244.0 548.0 124.0 bustering
7988.0 12252.0 392.0 112.0 tactics,
8480.0 12256.0 360.0 96.0 which
8936.0 12260.0 292.0 92.0 drew
9332.0 12284.0 116.0 72.0 re-

7344.0 12416.0 256.0 96.0 torts
7660.0 12420.0 300.0 96.0 from
8028.0 12420.0 172.0 100.0 the
8260.0 12424.0 604.0 112.0 opposition
8928.0 12428.0 240.0 92.0 that
9232.0 12432.0 256.0 112.0 they

7336.0 12584.0 196.0 116.0 too,
7604.0 12588.0 356.0 92.0 would
8040.0 12596.0 324.0 92.0 resort
8440.0 12596.0 116.0 96.0 to
8636.0 12592.0 844.0 120.0 parliamentary

7336.0 12756.0 368.0 96.0 tactics
7784.0 12760.0 120.0 92.0 to
7988.0 12756.0 420.0 116.0 prevent
8488.0 12760.0 804.0 100.0 consideration
9372.0 12768.0 116.0 92.0 of

7332.0 12940.0 204.0 104.0 any
7676.0 12924.0 868.0 100.0 administration
8712.0 12952.0 484.0 76.0 measure
9352.0 12932.0 132.0 116.0 by

7336.0 13088.0 632.0 100.0 unanimous
8044.0 13096.0 452.0 112.0 consent,
8576.0 13124.0 140.0 68.0 no
8780.0 13104.0 396.0 92.0 matter
9248.0 13104.0 236.0 92.0 how

7332.0 13252.0 616.0 124.0 Important,
8028.0 13256.0 368.0 124.0 during
8476.0 13260.0 800.0 104.0 consideration
9364.0 13268.0 120.0 96.0 of

7328.0 13424.0 176.0 100.0 the
7560.0 13428.0 312.0 92.0 court
7932.0 13420.0 212.0 104.0 bill.

7620.0 13628.0 340.0 96.0 WAR
8036.0 13632.0 176.0 92.0 ON
8284.0 13632.0 884.0 104.0 FILIBUSTER.

7452.0 13828.0 96.0 100.0 It
7612.0 13856.0 228.0 68.0 was
7920.0 13836.0 504.0 112.0 apparent
8492.0 13836.0 248.0 96.0 that
8804.0 13840.0 180.0 96.0 the
9060.0 13840.0 376.0 92.0 admin-

7336.0 13992.0 488.0 100.0 istration
7892.0 13996.0 400.0 100.0 leaders
8352.0 14004.0 288.0 96.0 have
8708.0 14004.0 256.0 100.0 been
9032.0 14008.0 444.0 120.0 looking

7344.0 14160.0 212.0 96.0 Into
7628.0 14188.0 312.0 92.0 ways
8016.0 14168.0 196.0 96.0 and
8284.0 14192.0 384.0 76.0 means
8748.0 14172.0 112.0 96.0 to
8940.0 14172.0 392.0 104.0 hasten
9412.0 14204.0 68.0 68.0 a

7336.0 14328.0 256.0 116.0 vote,
7672.0 14332.0 332.0 96.0 while
8076.0 14332.0 164.0 100.0 the
8312.0 14344.0 604.0 108.0 opponents
8996.0 14340.0 480.0 100.0 likewise

7340.0 14492.0 252.0 100.0 have
7692.0 14496.0 492.0 104.0 fortified
8284.0 14504.0 644.0 96.0 themselves
9036.0 14508.0 436.0 116.0 against

7328.0 14656.0 300.0 120.0 being
7692.0 14664.0 412.0 112.0 caught
8172.0 14668.0 504.0 112.0 napping.

7440.0 14828.0 140.0 96.0 As
7640.0 14832.0 444.0 112.0 pointed
8148.0 14836.0 168.0 92.0 out
8384.0 14836.0 336.0 120.0 today
8784.0 14840.0 128.0 116.0 by
8972.0 14868.0 64.0 72.0 a
9100.0 14844.0 364.0 92.0 leader

7324.0 14992.0 112.0 92.0 of
7492.0 14996.0 172.0 96.0 the
7732.0 15000.0 620.0 116.0 opposition,
8424.0 15008.0 268.0 92.0 each
8756.0 15004.0 296.0 120.0 point
9120.0 15008.0 120.0 96.0 of
9300.0 15032.0 124.0 72.0 or-

7328.0 15164.0 176.0 92.0 der
7556.0 15164.0 360.0 96.0 raised
7976.0 15168.0 404.0 96.0 entitles
8440.0 15196.0 68.0 72.0 a
8568.0 15172.0 452.0 96.0 Senator
9076.0 15176.0 116.0 96.0 to
9248.0 15176.0 216.0 96.0 two

7320.0 15332.0 496.0 108.0 speeches
7912.0 15336.0 112.0 92.0 In
8104.0 15332.0 164.0 96.0 the
8352.0 15344.0 332.0 92.0 event
8768.0 15340.0 180.0 96.0 the
9036.0 15340.0 364.0 92.0 leader

7332.0 15500.0 428.0 96.0 succeed
7824.0 15504.0 112.0 92.0 in
7996.0 15500.0 260.0 96.0 their
8304.0 15508.0 256.0 116.0 plan
8612.0 15508.0 112.0 96.0 to
8776.0 15532.0 352.0 72.0 recess
9180.0 15512.0 284.0 92.0 from

7328.0 15668.0 196.0 116.0 day
7576.0 15668.0 108.0 92.0 to
7744.0 15668.0 224.0 116.0 day
8028.0 15672.0 196.0 96.0 and
8276.0 15672.0 116.0 96.0 to
8448.0 15680.0 184.0 108.0 get
8692.0 15704.0 60.0 68.0 a
8808.0 15676.0 352.0 116.0 ruling
9224.0 15676.0 240.0 100.0 that

7324.0 15820.0 204.0 96.0 this
7584.0 15848.0 388.0 76.0 means
8032.0 15856.0 180.0 68.0 one
8268.0 15832.0 600.0 112.0 legislative
8928.0 15840.0 208.0 120.0 day
9196.0 15840.0 276.0 96.0 until

7324.0 16000.0 176.0 92.0 the
7568.0 16000.0 180.0 96.0 bill
7832.0 16004.0 96.0 96.0 is
8012.0 16004.0 476.0 120.0 disposed
8572.0 16012.0 116.0 92.0 of
8768.0 16012.0 100.0 96.0 In
8944.0 16040.0 204.0 68.0 one
9224.0 16044.0 236.0 88.0 way

7324.0 16192.0 116.0 72.0 or
7496.0 16172.0 496.0 96.0 another.
8108.0 16172.0 352.0 100.0 Under
8532.0 16180.0 268.0 92.0 such
8872.0 16180.0 388.0 112.0 ruling,
9324.0 16208.0 140.0 68.0 no

7320.0 16332.0 444.0 100.0 Senator
7856.0 16340.0 304.0 96.0 could
8256.0 16348.0 344.0 108.0 speak
8748.0 16372.0 292.0 68.0 more
9192.0 16352.0 264.0 92.0 than

7320.0 16500.0 292.0 96.0 twice
7692.0 16532.0 152.0 72.0 on
7932.0 16508.0 176.0 96.0 the
8184.0 16508.0 200.0 116.0 bill,
8472.0 16512.0 348.0 96.0 which
8908.0 16516.0 556.0 116.0 obviously

7320.0 16672.0 332.0 100.0 would
7720.0 16672.0 296.0 96.0 limit
8076.0 16672.0 592.0 104.0 discussion
8732.0 16684.0 208.0 96.0 and
9008.0 16688.0 452.0 112.0 prevent

7324.0 16868.0 64.0 68.0 a
7460.0 16836.0 236.0 120.0 long
7792.0 16848.0 364.0 92.0 drawn
8240.0 16852.0 184.0 88.0 out
8512.0 16848.0 560.0 96.0 filibuster.

7444.0 17008.0 624.0 116.0 Opponents
8152.0 17016.0 104.0 92.0 of
8364.0 17016.0 192.0 92.0 the
8648.0 17012.0 176.0 100.0 bill
8920.0 17016.0 544.0 96.0 indicated

7328.0 17168.0 220.0 96.0 that
7612.0 17180.0 84.0 92.0 if
7760.0 17208.0 144.0 64.0 no
7968.0 17176.0 324.0 100.0 better
8352.0 17188.0 628.0 112.0 arguments
9044.0 17192.0 112.0 92.0 in
9216.0 17212.0 204.0 92.0 sup-

7328.0 17348.0 224.0 108.0 port
7608.0 17344.0 120.0 92.0 of
7792.0 17348.0 188.0 92.0 the
8036.0 17348.0 572.0 100.0 substitute
8664.0 17352.0 172.0 96.0 bill
8896.0 17380.0 184.0 72.0 are
9144.0 17360.0 316.0 92.0 made

7324.0 17512.0 100.0 92.0 in
7504.0 17516.0 176.0 92.0 the
7768.0 17524.0 260.0 88.0 next
8104.0 17520.0 196.0 92.0 two
8384.0 17520.0 360.0 92.0 weeks
8836.0 17524.0 260.0 92.0 than
9184.0 17528.0 272.0 92.0 have

7324.0 17676.0 248.0 100.0 been
7664.0 17688.0 328.0 88.0 made
8076.0 17684.0 376.0 120.0 during
8544.0 17692.0 184.0 88.0 the
8820.0 17692.0 244.0 96.0 first
9156.0 17696.0 304.0 88.0 three

7324.0 17848.0 272.0 108.0 days,
7656.0 17876.0 72.0 68.0 a
7788.0 17856.0 396.0 92.0 motion
8240.0 17852.0 108.0 92.0 to
8408.0 17856.0 560.0 96.0 recommit
9024.0 17860.0 184.0 92.0 the
9276.0 17860.0 180.0 96.0 bill

7320.0 18016.0 104.0 92.0 to
7488.0 18020.0 176.0 88.0 the
7736.0 18016.0 392.0 96.0 Senate
8192.0 18016.0 560.0 128.0 Judiciary
8816.0 18024.0 640.0 96.0 Committee

7320.0 18180.0 328.0 96.0 would
7716.0 18188.0 288.0 96.0 have
8056.0 18212.0 60.0 72.0 a
8172.0 18196.0 268.0 112.0 good
8504.0 18192.0 396.0 96.0 chance
8960.0 18196.0 120.0 92.0 of
9140.0 18196.0 284.0 116.0 adop-

7320.0 18344.0 240.0 100.0 tion.
7692.0 18352.0 116.0 96.0 If
7880.0 18356.0 176.0 96.0 the
8124.0 18356.0 168.0 100.0 bill
8368.0 18360.0 92.0 96.0 is
8528.0 18360.0 776.0 112.0 recommitted,
9376.0 18364.0 84.0 92.0 it

7320.0 18512.0 88.0 100.0 Is
7508.0 18520.0 588.0 120.0 extremely
8184.0 18524.0 496.0 100.0 doubtful
8776.0 18532.0 492.0 100.0 whether
9380.0 18536.0 76.0 92.0 It

7316.0 18708.0 236.0 72.0 ever
7616.0 18692.0 336.0 108.0 again
8024.0 18692.0 324.0 100.0 would
8420.0 18700.0 328.0 92.0 reach
8812.0 18696.0 180.0 96.0 the
9064.0 18704.0 392.0 92.0 Senate

7324.0 18852.0 260.0 96.0 floor
7668.0 18856.0 112.0 96.0 in
7868.0 18860.0 212.0 96.0 this
8148.0 18868.0 440.0 88.0 session.

7432.0 19048.0 828.0 104.0 OPPONENTS
8336.0 19056.0 188.0 100.0 TO
8600.0 19056.0 344.0 96.0 GAIN
9016.0 19064.0 332.0 96.0 ONE.

7432.0 19244.0 220.0 96.0 One
7720.0 19244.0 624.0 116.0 significant
8420.0 19252.0 752.0 120.0 development
9240.0 19288.0 224.0 68.0 was

7316.0 19408.0 172.0 88.0 the
7624.0 19420.0 872.0 92.0 announcement
8632.0 19420.0 236.0 100.0 that
9004.0 19424.0 460.0 96.0 Senator

7316.0 19568.0 268.0 96.0 John
7716.0 19576.0 148.0 92.0 H.
7992.0 19580.0 584.0 100.0 Bankhead
8704.0 19584.0 112.0 92.0 of
8936.0 19584.0 524.0 100.0 Alabama

7320.0 19732.0 196.0 100.0 had
7604.0 19736.0 528.0 100.0 Informed
8216.0 19744.0 880.0 104.0 administration
9184.0 19752.0 236.0 96.0 lead-

7320.0 19924.0 156.0 64.0 ers
7552.0 19900.0 252.0 92.0 that
7888.0 19904.0 128.0 96.0 he
8088.0 19932.0 204.0 72.0 was
8376.0 19912.0 464.0 116.0 opposed
8920.0 19920.0 116.0 92.0 to
9116.0 19916.0 304.0 96.0 Presi-

7316.0 20056.0 236.0 100.0 dent
7632.0 20064.0 652.0 104.0 Roosevelt's
8364.0 20076.0 456.0 116.0 original
8896.0 20092.0 316.0 88.0 court
9288.0 20112.0 132.0 68.0 en-

7316.0 20220.0 600.0 120.0 largement
8008.0 20228.0 164.0 104.0 bill
8268.0 20244.0 220.0 92.0 and
8592.0 20244.0 112.0 92.0 to
8796.0 20248.0 176.0 92.0 the
9072.0 20244.0 344.0 100.0 substi-

7312.0 20384.0 216.0 96.0 tute
7616.0 20412.0 496.0 76.0 measure
8192.0 20420.0 244.0 76.0 now
8524.0 20404.0 468.0 128.0 pending
9080.0 20412.0 108.0 92.0 in
9280.0 20416.0 180.0 92.0 the

7312.0 20548.0 412.0 104.0 Senate.
7892.0 20556.0 664.0 120.0 Heretofore,
8656.0 20568.0 128.0 96.0 he
8884.0 20572.0 200.0 96.0 has
9188.0 20572.0 268.0 100.0 been

7312.0 20712.0 292.0 92.0 listed
7672.0 20720.0 116.0 92.0 in
7856.0 20716.0 176.0 96.0 the
8088.0 20732.0 816.0 96.0 noncommittal
8964.0 20736.0 316.0 100.0 class.

7416.0 20872.0 216.0 96.0 The
7712.0 20880.0 616.0 100.0 Associated
8416.0 20888.0 328.0 100.0 Press
8812.0 20904.0 640.0 96.0 announced

7308.0 21036.0 224.0 96.0 that
7620.0 21040.0 156.0 96.0 its
7864.0 21044.0 228.0 112.0 poll,
8172.0 21044.0 336.0 100.0 based
8600.0 21080.0 136.0 72.0 on
8824.0 21064.0 360.0 108.0 public
9276.0 21092.0 132.0 68.0 an-

7308.0 21208.0 784.0 108.0 nouncements,
8184.0 21212.0 440.0 100.0 showed
8720.0 21220.0 116.0 96.0 39
8936.0 21224.0 516.0 104.0 Senators

7304.0 21364.0 160.0 92.0 for
7516.0 21368.0 188.0 96.0 the
7744.0 21364.0 188.0 96.0 bill
7972.0 21372.0 184.0 92.0 and
8224.0 21372.0 120.0 96.0 39
8408.0 21380.0 512.0 104.0 Senators
8980.0 21392.0 468.0 116.0 against,

7300.0 21528.0 244.0 92.0 with
7612.0 21532.0 200.0 96.0 the
7884.0 21536.0 204.0 88.0 rest
8148.0 21536.0 536.0 104.0 doubtful.
8804.0 21548.0 640.0 116.0 Opposition

7304.0 21692.0 436.0 108.0 leaders,
7860.0 21700.0 496.0 104.0 however,
8472.0 21708.0 600.0 104.0 contended
9192.0 21724.0 252.0 112.0 they

7304.0 21856.0 260.0 96.0 have
7656.0 21860.0 128.0 92.0 46
7884.0 21860.0 272.0 96.0 votes
8244.0 21864.0 224.0 92.0 and
8568.0 21872.0 872.0 104.0 administration

7312.0 22020.0 404.0 96.0 leaders
7816.0 22048.0 188.0 92.0 say
8088.0 22028.0 104.0 92.0 M
8284.0 22028.0 516.0 100.0 Senators
8892.0 22044.0 216.0 96.0 will
9204.0 22072.0 204.0 92.0 gup-

7308.0 22196.0 228.0 104.0 port
7600.0 22192.0 192.0 92.0 the
7864.0 22184.0 200.0 100.0 bill.

7416.0 22348.0 120.0 100.0 In
7664.0 22356.0 456.0 112.0 opening
8236.0 22360.0 188.0 88.0 the
8556.0 22360.0 400.0 96.0 session
9084.0 22372.0 356.0 120.0 today,

7308.0 22508.0 348.0 120.0 Logan
7700.0 22516.0 476.0 96.0 resumed
8240.0 22520.0 168.0 92.0 his
8476.0 22528.0 568.0 108.0 argument
9084.0 22532.0 356.0 100.0 where

7312.0 22676.0 120.0 92.0 he
7488.0 22680.0 204.0 92.0 left
7760.0 22684.0 176.0 96.0 off
7988.0 22684.0 588.0 120.0 yesterday.
8692.0 22688.0 160.0 96.0 He
8912.0 22716.0 224.0 72.0 was
9200.0 22720.0 200.0 72.0 con-

7308.0 22840.0 448.0 116.0 tinually
7816.0 22848.0 508.0 120.0 peppered
8396.0 22852.0 260.0 100.0 with
8716.0 22860.0 552.0 108.0 questions
9304.0 22860.0 136.0 120.0 by

7304.0 23004.0 172.0 92.0 the
7544.0 23012.0 624.0 112.0 opposition,
8240.0 23016.0 224.0 92.0 and
8536.0 23016.0 608.0 120.0 frequently
9216.0 23052.0 220.0 68.0 was

7360.0 23232.0 604.0 104.0 Continued
8028.0 23244.0 156.0 92.0 On
8256.0 23244.0 300.0 116.0 Page
8628.0 23256.0 88.0 108.0 3,
8780.0 23248.0 456.0 104.0 Column
9244.0 23188.0 36.0 28.0 "

7300.0 23668.0 1124.0 288.0 Quintuplets
8484.0 23680.0 364.0 232.0 Are
8904.0 23684.0 480.0 236.0 Born

7384.0 24000.0 236.0 228.0 To
7724.0 24004.0 448.0 232.0 Wife
8264.0 24012.0 264.0 224.0 Of
8612.0 24016.0 748.0 240.0 Farmer

7504.0 24336.0 212.0 228.0 In
7840.0 24336.0 524.0 280.0 Cuba,
8480.0 24344.0 180.0 232.0 Is
8760.0 24352.0 676.0 292.0 Report

7408.0 24872.0 504.0 116.0 Havana,
7996.0 24876.0 236.0 116.0 July
8324.0 24876.0 60.0 100.0 8
8524.0 24884.0 260.0 104.0 (US)
8920.0 24892.0 320.0 100.0 Birth
9332.0 24904.0 116.0 92.0 of

7304.0 25044.0 656.0 120.0 quintuplets
8020.0 25052.0 100.0 92.0 to
8176.0 25076.0 64.0 68.0 a
8312.0 25072.0 260.0 96.0 poor
8632.0 25056.0 500.0 104.0 farmer's
9196.0 25068.0 244.0 92.0 wife

7304.0 25216.0 96.0 96.0 in
7448.0 25220.0 184.0 92.0 the
7688.0 25216.0 432.0 96.0 interior
8164.0 25220.0 116.0 92.0 of
8328.0 25220.0 300.0 96.0 Cuba
8672.0 25248.0 220.0 72.0 was
8944.0 25240.0 492.0 104.0 reported

7300.0 25388.0 104.0 92.0 to
7452.0 25384.0 180.0 100.0 the
7684.0 25384.0 448.0 100.0 Havana
8180.0 25412.0 628.0 96.0 newspaper
8860.0 25392.0 128.0 96.0 El
9040.0 25396.0 404.0 104.0 Pueblo

7308.0 25556.0 200.0 96.0 late
7588.0 25560.0 336.0 116.0 today
7992.0 25560.0 124.0 116.0 by
8192.0 25560.0 144.0 96.0 Its
8412.0 25568.0 840.0 108.0 correspondent
9328.0 25576.0 116.0 92.0 at

7308.0 25732.0 324.0 96.0 Plnar
7692.0 25732.0 200.0 96.0 Del
7948.0 25732.0 212.0 100.0 Rio.

7416.0 25900.0 228.0 96.0 The
7712.0 25904.0 476.0 112.0 dispatch
8256.0 25908.0 240.0 96.0 said
8556.0 25908.0 176.0 92.0 the
8796.0 25904.0 216.0 96.0 five
9076.0 25908.0 364.0 96.0 babies

7420.0 26076.0 256.0 100.0 four
7748.0 26076.0 256.0 112.0 boyt
8072.0 26072.0 204.0 96.0 and
8360.0 26100.0 72.0 68.0 a
8504.0 26076.0 192.0 112.0 girl
8820.0 26096.0 280.0 72.0 were
9176.0 26076.0 264.0 100.0 born

7308.0 26244.0 104.0 92.0 to
7480.0 26244.0 420.0 96.0 Senora
7964.0 26244.0 332.0 96.0 Maria
8372.0 26248.0 300.0 112.0 Vaga
8740.0 26248.0 272.0 96.0 Cruz
9084.0 26248.0 108.0 96.0 in
9264.0 26248.0 180.0 96.0 the

7308.0 26412.0 264.0 96.0 little
7640.0 26416.0 376.0 112.0 village
8076.0 26420.0 108.0 96.0 of
8248.0 26420.0 364.0 96.0 Soroa.

7420.0 26584.0 224.0 92.0 The
7720.0 26584.0 648.0 116.0 quintuplets
8436.0 26616.0 276.0 72.0 were
8776.0 26588.0 496.0 116.0 reported
9336.0 26592.0 108.0 88.0 to

7308.0 26752.0 116.0 96.0 be
7528.0 26760.0 348.0 108.0 living
7972.0 26760.0 308.0 108.0 hours
8392.0 26760.0 284.0 100.0 after
8772.0 26760.0 280.0 96.0 their
9160.0 26756.0 280.0 96.0 birth

7308.0 26920.0 200.0 96.0 and
7616.0 26924.0 624.0 116.0 apparently
8348.0 26928.0 212.0 92.0 had
8664.0 26952.0 60.0 68.0 a
8824.0 26928.0 408.0 92.0 chance
9332.0 26928.0 112.0 92.0 of

7304.0 27096.0 508.0 112.0 survival,
7920.0 27092.0 568.0 116.0 according
8600.0 27096.0 108.0 92.0 to
8816.0 27100.0 184.0 88.0 the
9120.0 27120.0 284.0 68.0 news-

7304.0 27280.0 328.0 92.0 paper
7724.0 27256.0 844.0 116.0 correspondent.

7412.0 27428.0 324.0 96.0 Birth
7808.0 27432.0 196.0 92.0 and
8064.0 27432.0 472.0 92.0 survival
8604.0 27432.0 116.0 92.0 of
8780.0 27440.0 660.0 112.0 quintuplets

7300.0 27592.0 84.0 100.0 is
7444.0 27620.0 208.0 72.0 one
7716.0 27600.0 120.0 96.0 of
7892.0 27604.0 164.0 92.0 the
8116.0 27604.0 352.0 92.0 rarest
8532.0 27600.0 740.0 120.0 phenomenon
9336.0 27604.0 104.0 96.0 in

7304.0 27764.0 460.0 104.0 medical
7828.0 27768.0 420.0 124.0 history.

9664.0 4824.0 2016.0 464.0 STRIKESLOST,

9608.0 5700.0 492.0 260.0 And
10200.0 5708.0 184.0 260.0 C.
10480.0 5712.0 168.0 260.0 1.
10760.0 5712.0 220.0 260.0 0.
11084.0 5712.0 664.0 324.0 Fails,

9624.0 6412.0 520.0 212.0 Green
10256.0 6424.0 500.0 208.0 Avers
10868.0 6428.0 176.0 204.0 In
11152.0 6420.0 596.0 212.0 Attack

9756.0 6752.0 224.0 200.0 On
10060.0 6752.0 636.0 220.0 Violent
10768.0 6756.0 816.0 212.0 Methods.

9608.0 7320.0 336.0 208.0 Jury
10128.0 7324.0 180.0 168.0 At
10484.0 7332.0 560.0 164.0 Warren
11236.0 7332.0 524.0 164.0 Indicts

9724.0 7556.0 416.0 200.0 Eight
10288.0 7560.0 156.0 160.0 In
10600.0 7564.0 680.0 200.0 Bombing
11428.0 7564.0 192.0 164.0 As

10000.0 7800.0 368.0 160.0 More
10436.0 7804.0 424.0 164.0 Enter
10928.0 7804.0 404.0 160.0 Mills.

9968.0 8320.0 192.0 84.0 (BY
10224.0 8324.0 684.0 84.0 ASSOCIATED
10976.0 8324.0 388.0 88.0 PMCBB)

9716.0 8484.0 284.0 100.0 Steel
10084.0 8488.0 328.0 96.0 strike
10492.0 8492.0 480.0 92.0 violence
11052.0 8488.0 468.0 120.0 brought
11600.0 8488.0 108.0 100.0 in-

9600.0 8652.0 576.0 100.0 dictments
10300.0 8660.0 432.0 112.0 against
10856.0 8660.0 304.0 112.0 eight
11284.0 8664.0 460.0 96.0 accused

9600.0 8820.0 496.0 100.0 bombers
10184.0 8828.0 108.0 92.0 at
10384.0 8828.0 484.0 112.0 Warren,
10968.0 8832.0 304.0 112.0 Ohio,
11348.0 8840.0 368.0 108.0 yester-

9600.0 8992.0 232.0 116.0 day.
9712.0 9164.0 872.0 120.0 Coincidentally,
10648.0 9172.0 568.0 100.0 President
11276.0 9172.0 472.0 100.0 William

9600.0 9332.0 348.0 96.0 Green
10040.0 9336.0 116.0 96.0 of
10232.0 9340.0 176.0 100.0 the
10492.0 9344.0 532.0 96.0 Amercan
11100.0 9344.0 648.0 96.0 Federation

9604.0 9504.0 112.0 96.0 of
9780.0 9500.0 360.0 100.0 Labor
10212.0 9512.0 220.0 92.0 said
10504.0 9516.0 184.0 92.0 the
10760.0 9512.0 272.0 100.0 rival
11108.0 9516.0 644.0 96.0 Committee

9604.0 9672.0 208.0 96.0 For
9932.0 9676.0 584.0 100.0 Industrial
10636.0 9680.0 768.0 120.0 Organisation
11532.0 9684.0 212.0 100.0 had

9600.0 9844.0 204.0 96.0 lost
9860.0 9848.0 188.0 100.0 the
10108.0 9848.0 384.0 100.0 strikes
10548.0 9852.0 456.0 104.0 because
11056.0 9856.0 120.0 100.0 of
11224.0 9852.0 524.0 104.0 "violent"

9596.0 10012.0 636.0 100.0 Committee
10320.0 10024.0 208.0 92.0 For
10620.0 10020.0 588.0 100.0 Industrial
11304.0 10024.0 412.0 120.0 Organi-

9608.0 10184.0 352.0 92.0 zation
10032.0 10188.0 424.0 116.0 policies
10516.0 10196.0 212.0 92.0 and
10792.0 10188.0 452.0 104.0 because
11312.0 10192.0 316.0 120.0 "only
11688.0 10220.0 68.0 72.0 a

9608.0 10356.0 512.0 120.0 minority
10184.0 10356.0 108.0 96.0 of
10352.0 10356.0 184.0 96.0 the
10604.0 10364.0 264.0 92.0 steel
10932.0 10364.0 468.0 96.0 workers
11472.0 10392.0 280.0 72.0 were

9604.0 10524.0 660.0 116.0 organized."

9720.0 10696.0 356.0 96.0 Green
10156.0 10700.0 228.0 96.0 said
10464.0 10700.0 184.0 92.0 the
10720.0 10704.0 336.0 96.0 result
11136.0 10704.0 116.0 96.0 of
11320.0 10708.0 432.0 112.0 strikes,

9608.0 10864.0 344.0 96.0 which
10008.0 10872.0 116.0 92.0 at
10176.0 10896.0 192.0 72.0 one
10420.0 10872.0 260.0 92.0 time
10732.0 10872.0 340.0 96.0 called
11128.0 10876.0 184.0 92.0 out
11364.0 10872.0 392.0 116.0 100,000

9604.0 11036.0 552.0 96.0 workmen
10264.0 11044.0 100.0 88.0 in
10472.0 11064.0 324.0 76.0 seven
10904.0 11048.0 340.0 92.0 states
11352.0 11044.0 112.0 92.0 in
11576.0 11048.0 180.0 96.0 the

9604.0 11204.0 636.0 100.0 Committee
10332.0 11212.0 212.0 92.0 For
10632.0 11212.0 592.0 96.0 Industrial
11304.0 11212.0 412.0 120.0 Organi-

9604.0 11376.0 352.0 92.0 zation
10016.0 11380.0 328.0 92.0 effort
10396.0 11384.0 112.0 92.0 to
10560.0 11384.0 212.0 96.0 win
10828.0 11384.0 372.0 112.0 signed
11256.0 11380.0 456.0 120.0 bargain-

9608.0 11544.0 176.0 116.0 ing
9904.0 11556.0 544.0 88.0 contracts
10568.0 11552.0 288.0 96.0 from
10976.0 11552.0 328.0 100.0 "little
11428.0 11556.0 328.0 100.0 steel"

9600.0 11720.0 644.0 112.0 companies,
10352.0 11724.0 368.0 92.0 meant
10828.0 11724.0 180.0 92.0 the
11112.0 11724.0 640.0 100.0 Committee

9604.0 11884.0 208.0 96.0 For
9876.0 11888.0 588.0 96.0 Industrial
10520.0 11896.0 768.0 112.0 Organization
11360.0 11896.0 392.0 100.0 "failed

9604.0 12060.0 104.0 92.0 to
9764.0 12064.0 288.0 92.0 meet
10112.0 12060.0 132.0 96.0 its
10300.0 12060.0 248.0 96.0 first
10604.0 12064.0 356.0 116.0 major
11012.0 12068.0 208.0 92.0 test
11276.0 12088.0 440.0 76.0 success-

9600.0 12224.0 360.0 120.0 fully."
9848.0 12424.0 576.0 104.0 FOLLOW
10488.0 12432.0 400.0 100.0 BOMB
10956.0 12436.0 548.0 100.0 BLASTS.

9708.0 12632.0 232.0 100.0 The
10032.0 12636.0 444.0 96.0 Warren
10576.0 12640.0 716.0 112.0 indictments,
11392.0 12644.0 356.0 96.0 which

9596.0 12800.0 492.0 104.0 followed
10164.0 12808.0 408.0 92.0 similar
10644.0 12812.0 344.0 112.0 grand
11060.0 12812.0 244.0 120.0 Jury
11380.0 12812.0 364.0 96.0 action

9592.0 12976.0 112.0 92.0 at
9760.0 12976.0 408.0 116.0 nearby
10220.0 12976.0 764.0 120.0 Toungstown,
11040.0 13008.0 284.0 92.0 grew
11384.0 12988.0 196.0 96.0 out
11632.0 12988.0 116.0 92.0 of

9592.0 13140.0 324.0 104.0 bomb
9988.0 13144.0 328.0 100.0 blasts
10388.0 13152.0 352.0 92.0 which
10808.0 13156.0 340.0 96.0 shook
11220.0 13156.0 180.0 96.0 the
11480.0 13156.0 264.0 96.0 steel

9592.0 13312.0 220.0 116.0 city
9872.0 13320.0 216.0 92.0 two
10148.0 13320.0 352.0 96.0 weeks
10560.0 13348.0 236.0 84.0 ago.

9704.0 13480.0 348.0 100.0 Seven
10152.0 13508.0 236.0 76.0 men
10484.0 13488.0 444.0 120.0 already
11020.0 13520.0 184.0 72.0 are
11304.0 13496.0 104.0 100.0 In
11512.0 13520.0 196.0 72.0 cus-

9584.0 13644.0 300.0 124.0 tody;
10024.0 13656.0 176.0 92.0 the
10320.0 13656.0 372.0 120.0 eighth
10820.0 13684.0 248.0 72.0 ma"
11200.0 13688.0 228.0 76.0 was
11560.0 13664.0 184.0 96.0 not

9584.0 13820.0 420.0 100.0 named.

9704.0 13984.0 232.0 96.0 One
10048.0 13988.0 108.0 96.0 of
10256.0 13992.0 180.0 96.0 the
10544.0 13992.0 380.0 96.0 bombs
11024.0 14020.0 224.0 72.0 was
11360.0 14000.0 380.0 96.0 hurled

9588.0 14148.0 284.0 96.0 from
9976.0 14176.0 72.0 76.0 a
10140.0 14176.0 180.0 76.0 car
10420.0 14160.0 472.0 112.0 pursued
10992.0 14160.0 136.0 120.0 by
11220.0 14156.0 524.0 108.0 National

9592.0 14316.0 700.0 116.0 Guardsmen,
10372.0 14356.0 136.0 72.0 on
10592.0 14348.0 68.0 72.0 a
10740.0 14324.0 372.0 120.0 bridge
11192.0 14352.0 272.0 80.0 near
11544.0 14336.0 164.0 92.0 Re-

9588.0 14480.0 356.0 116.0 public
10020.0 14488.0 276.0 100.0 Steel
10372.0 14492.0 796.0 116.0 Corporation's
11244.0 14500.0 312.0 112.0 plant
11624.0 14504.0 116.0 96.0 at

9584.0 14644.0 484.0 120.0 Warren,
10216.0 14656.0 312.0 92.0 while
10684.0 14656.0 184.0 96.0 the
11016.0 14684.0 320.0 72.0 seven
11376.0 14668.0 360.0 92.0 -state

9580.0 14812.0 264.0 96.0 steel
9924.0 14816.0 332.0 96.0 strike
10332.0 14840.0 224.0 72.0 was
10632.0 14820.0 108.0 100.0 In
10820.0 14844.0 528.0 96.0 progress.

9696.0 14972.0 320.0 104.0 Chief
10088.0 14980.0 112.0 96.0 of
10268.0 14980.0 356.0 100.0 Police
10700.0 14984.0 432.0 120.0 Barney
11200.0 14992.0 100.0 96.0 J.
11376.0 14992.0 356.0 100.0 allien

9580.0 15144.0 608.0 124.0 previously
10292.0 15156.0 636.0 92.0 announced
11040.0 15160.0 164.0 96.0 six
11316.0 15164.0 120.0 92.0 of
11552.0 15164.0 176.0 92.0 the

9576.0 15320.0 520.0 108.0 suspects,
10172.0 15312.0 468.0 120.0 charged
10716.0 15320.0 260.0 96.0 with
11064.0 15320.0 352.0 120.0 Illegal
11496.0 15352.0 192.0 92.0 pos-

9576.0 15480.0 416.0 92.0 session
10092.0 15480.0 108.0 96.0 of
10300.0 15484.0 540.0 116.0 explosive
10952.0 15488.0 452.0 116.0 devices,
11516.0 15492.0 208.0 100.0 had

9576.0 15644.0 564.0 96.0 confessed
10208.0 15648.0 208.0 96.0 and
10496.0 15648.0 616.0 116.0 Implicated
11180.0 15656.0 544.0 116.0 GusHall,

9580.0 15808.0 236.0 96.0 who
9956.0 15812.0 760.0 124.0 subsequently
10856.0 15844.0 224.0 72.0 was
11220.0 15824.0 504.0 96.0 removed

9576.0 15976.0 288.0 96.0 from
9960.0 15980.0 168.0 100.0 his
10220.0 15992.0 236.0 108.0 post
10556.0 16008.0 124.0 72.0 as
10776.0 15984.0 640.0 104.0 Committee
11520.0 15992.0 204.0 96.0 For

9572.0 16140.0 592.0 100.0 Industrial
10276.0 16144.0 768.0 120.0 Organization
11164.0 16160.0 564.0 116.0 organizer

9580.0 16304.0 104.0 96.0 In
9776.0 16312.0 188.0 92.0 the
10052.0 16312.0 788.0 104.0 Warren-Niles
10932.0 16320.0 452.0 100.0 district
11476.0 16320.0 252.0 100.0 Hall

9580.0 16476.0 704.0 100.0 surrendered
10356.0 16480.0 684.0 120.0 voluntarily.

9876.0 16672.0 192.0 96.0 NO
10128.0 16676.0 460.0 96.0 PEACE
10652.0 16680.0 792.0 100.0 EXPECTED.

9696.0 16876.0 384.0 112.0 Green,
10164.0 16880.0 100.0 92.0 in
10348.0 16908.0 64.0 68.0 a
10492.0 16884.0 592.0 96.0 statement
11160.0 16892.0 112.0 92.0 at
11360.0 16892.0 324.0 92.0 Wash-

9584.0 17044.0 404.0 112.0 ington,
10120.0 17044.0 588.0 120.0 Indicating
10836.0 17056.0 300.0 92.0 there
11268.0 17060.0 88.0 88.0 la
11460.0 17056.0 264.0 92.0 little

9580.0 17212.0 408.0 92.0 chance
10068.0 17212.0 112.0 92.0 of
10248.0 17236.0 140.0 76.0 an
10468.0 17220.0 300.0 112.0 early
10844.0 17240.0 316.0 92.0 peace
11244.0 17220.0 472.0 96.0 between

9580.0 17372.0 180.0 100.0 the
9924.0 17376.0 588.0 100.0 federation
10676.0 17388.0 216.0 92.0 and
11052.0 17388.0 172.0 92.0 the
11384.0 17388.0 340.0 92.0 Lewis

9580.0 17544.0 756.0 112.0 organization,
10412.0 17548.0 392.0 92.0 added:

9696.0 17708.0 232.0 92.0 "No
10000.0 17712.0 368.0 96.0 hostile
10436.0 17716.0 544.0 116.0 employer
11052.0 17720.0 100.0 96.0 In
11224.0 17720.0 496.0 96.0 America

9576.0 17876.0 200.0 96.0 has
9876.0 17876.0 264.0 92.0 done
10236.0 17880.0 180.0 92.0 the
10516.0 17904.0 328.0 72.0 cause
10940.0 17884.0 112.0 92.0 of
11148.0 17888.0 572.0 108.0 organized

9576.0 18040.0 304.0 100.0 labor
9968.0 18068.0 280.0 68.0 more
10336.0 18044.0 312.0 104.0 harm
10736.0 18052.0 268.0 92.0 than
11088.0 18052.0 312.0 96.0 those
11488.0 18056.0 236.0 96.0 who

9576.0 18208.0 676.0 112.0 formulated,
10352.0 18216.0 548.0 108.0 executed,
11000.0 18220.0 208.0 92.0 and
11316.0 18220.0 368.0 92.0 admin-

9580.0 18372.0 400.0 96.0 istered
10048.0 18376.0 172.0 96.0 the
10284.0 18376.0 436.0 120.0 policies
10788.0 18380.0 116.0 100.0 of
10968.0 18380.0 180.0 96.0 the
11216.0 18384.0 468.0 96.0 Commit-

9572.0 18544.0 168.0 88.0 tee
9880.0 18544.0 216.0 92.0 For
10224.0 18544.0 592.0 100.0 Industrial
10956.0 18548.0 760.0 112.0 Organization

9576.0 18708.0 400.0 116.0 during
10044.0 18708.0 176.0 100.0 the
10304.0 18712.0 248.0 124.0 past
10624.0 18716.0 120.0 100.0 18
10820.0 18716.0 520.0 96.0 months."

9696.0 18876.0 168.0 96.0 He
9940.0 18876.0 612.0 104.0 continued:

9680.0 19036.0 288.0 100.0 "The
10028.0 19044.0 508.0 100.0 violation
10600.0 19056.0 116.0 88.0 of
10776.0 19056.0 712.0 104.0 agreements,
11552.0 19052.0 172.0 92.0 the

9560.0 19216.0 416.0 92.0 seizure
10036.0 19216.0 112.0 92.0 of
10208.0 19216.0 352.0 116.0 public
10624.0 19224.0 536.0 112.0 property,
11220.0 19224.0 504.0 112.0 violence,

9564.0 19384.0 296.0 112.0 riots,
9964.0 19388.0 200.0 92.0 and
10268.0 19388.0 548.0 120.0 uprisings
10912.0 19416.0 196.0 72.0 can
11212.0 19392.0 280.0 100.0 have
11592.0 19420.0 132.0 72.0 no

9564.0 19556.0 304.0 116.0 place
9956.0 19560.0 104.0 96.0 in
10140.0 19564.0 184.0 92.0 the
10408.0 19564.0 360.0 112.0 social,
10856.0 19568.0 576.0 112.0 economic,
11516.0 19572.0 204.0 92.0 and

9564.0 19728.0 564.0 96.0 Industrial
10192.0 19732.0 180.0 104.0 life
10436.0 19736.0 116.0 92.0 of
10612.0 19740.0 520.0 96.0 America.

9680.0 19896.0 232.0 104.0 "No
9976.0 19904.0 316.0 96.0 union
10356.0 19904.0 120.0 100.0 of
10532.0 19908.0 480.0 96.0 workers
11076.0 19912.0 236.0 92.0 who
11384.0 19916.0 336.0 92.0 resort

9560.0 20076.0 112.0 92.0 to
9776.0 20076.0 184.0 96.0 the
10060.0 20100.0 180.0 72.0 use
10344.0 20076.0 116.0 96.0 of
10560.0 20084.0 268.0 92.0 such
10924.0 20084.0 500.0 96.0 methods
11524.0 20112.0 196.0 68.0 can

9560.0 20248.0 480.0 96.0 succeed.
10216.0 20248.0 436.0 96.0 Failure
10772.0 20252.0 168.0 96.0 for
11060.0 20256.0 308.0 92.0 those
11496.0 20260.0 224.0 92.0 who

9556.0 20440.0 400.0 92.0 pursue
10032.0 20424.0 256.0 96.0 such
10368.0 20456.0 68.0 72.0 a
10516.0 20424.0 348.0 120.0 policy
10944.0 20428.0 88.0 88.0 Is
11116.0 20428.0 596.0 96.0 inevitable.

9552.0 20588.0 516.0 100.0 Workers
10148.0 20596.0 116.0 92.0 of
10344.0 20596.0 184.0 92.0 the
10612.0 20592.0 392.0 100.0 United
11088.0 20596.0 364.0 104.0 States
11536.0 20624.0 136.0 68.0 un-

9552.0 20760.0 512.0 96.0 derstand
10128.0 20764.0 216.0 92.0 this
10404.0 20768.0 116.0 92.0 to
10588.0 20764.0 124.0 96.0 be
10776.0 20768.0 264.0 96.0 true.
11168.0 20768.0 300.0 120.0 They
11532.0 20796.0 176.0 72.0 are

9552.0 20932.0 408.0 120.0 willing
10088.0 20936.0 108.0 92.0 to
10320.0 20932.0 344.0 100.0 strike
10788.0 20936.0 216.0 96.0 and
11128.0 20940.0 296.0 112.0 fight
11544.0 20940.0 172.0 96.0 for

9548.0 21100.0 388.0 116.0 higher
10012.0 21124.0 344.0 92.0 wages
10436.0 21104.0 212.0 92.0 and
10728.0 21104.0 548.0 116.0 improved
11356.0 21116.0 312.0 88.0 condi-

9544.0 21272.0 292.0 96.0 tions
9908.0 21280.0 116.0 92.0 of
10088.0 21272.0 748.0 120.0 employment,
10908.0 21276.0 188.0 96.0 but
11164.0 21280.0 268.0 120.0 they
11504.0 21284.0 200.0 92.0 will

9544.0 21444.0 136.0 96.0 do
9732.0 21468.0 124.0 68.0 so
9908.0 21468.0 120.0 68.0 as
10080.0 21444.0 688.0 116.0 law-abiding
10824.0 21448.0 364.0 116.0 people
11240.0 21452.0 464.0 116.0 through

9540.0 21608.0 184.0 96.0 the
9808.0 21612.0 460.0 96.0 exercise
10348.0 21616.0 116.0 92.0 of
10544.0 21636.0 324.0 96.0 every
10948.0 21620.0 368.0 108.0 moral,
11404.0 21620.0 300.0 116.0 legal,

9540.0 21776.0 216.0 96.0 and
9840.0 21780.0 536.0 96.0 economic
10460.0 21784.0 292.0 112.0 right
10832.0 21788.0 112.0 92.0 to
11020.0 21792.0 356.0 92.0 which
11456.0 21796.0 252.0 116.0 they

9536.0 21976.0 192.0 68.0 are
9792.0 21952.0 464.0 108.0 entitled,
10324.0 21952.0 112.0 96.0 in
10500.0 21980.0 144.0 72.0 an
10704.0 21960.0 424.0 116.0 orderly
11188.0 21984.0 248.0 96.0 way
11500.0 21972.0 204.0 92.0 and

9540.0 22120.0 108.0 96.0 In
9716.0 22124.0 648.0 116.0 conformity
10432.0 22128.0 260.0 92.0 with
10760.0 22132.0 184.0 92.0 the
11016.0 22132.0 260.0 96.0 laws
11344.0 22136.0 124.0 96.0 of
11532.0 22140.0 176.0 96.0 the

9536.0 22284.0 348.0 100.0 land."

9656.0 22456.0 356.0 100.0 Green
10080.0 22460.0 228.0 96.0 said
10376.0 22464.0 120.0 96.0 at
10568.0 22472.0 184.0 96.0 the
10824.0 22472.0 356.0 100.0 outset
11248.0 22480.0 252.0 96.0 that
11572.0 22480.0 132.0 100.0 "it

9536.0 22652.0 240.0 68.0 now
9912.0 22640.0 484.0 88.0 becomes
10520.0 22640.0 484.0 96.0 certain"
11128.0 22648.0 192.0 96.0 the
11448.0 22652.0 256.0 96.0 steel

9532.0 22800.0 408.0 100.0 strikes
10116.0 22804.0 116.0 92.0 at
10412.0 22800.0 508.0 120.0 Chicago,
11096.0 22816.0 612.0 104.0 Cleveland.

9764.0 22972.0 1048.0 192.0 ntUmedOTpage
10812.0 22984.0 12.0 156.0 i
10892.0 22980.0 808.0 184.0 sTcolunuTir

9728.0 23688.0 1428.0 384.0 Archduke
11260.0 23708.0 620.0 368.0 Otto

10084.0 24196.0 876.0 376.0 Reads
11076.0 24208.0 768.0 368.0 News

9676.0 24876.0 264.0 100.0 This
10048.0 24884.0 100.0 104.0 U
10264.0 24916.0 64.0 72.0 a
10452.0 24900.0 460.0 112.0 glimpse
11024.0 24904.0 108.0 108.0 of
11256.0 24904.0 436.0 92.0 serious-

9536.0 25044.0 440.0 108.0 minded
10056.0 25076.0 352.0 96.0 young
10508.0 25068.0 560.0 92.0 Arehditle
11164.0 25072.0 248.0 92.0 Olio
11500.0 25092.0 184.0 68.0 ton

9536.0 25212.0 604.0 124.0 Hapsburg,
10200.0 25228.0 596.0 96.0 Pretender
10860.0 25240.0 96.0 84.0 In
11024.0 25232.0 180.0 92.0 the
11268.0 25236.0 424.0 88.0 thrones

9540.0 25376.0 116.0 116.0 of
9712.0 25388.0 452.0 96.0 Austria
10228.0 25396.0 212.0 92.0 and
10512.0 25400.0 484.0 92.0 Hunnari
11092.0 25408.0 212.0 88.0 nnd
11372.0 25428.0 64.0 64.0 a
11500.0 25404.0 164.0 108.0 far-

9540.0 25552.0 172.0 92.0 tor
9764.0 25548.0 116.0 100.0 in
9936.0 25552.0 176.0 100.0 the
10152.0 25564.0 436.0 112.0 politics
10640.0 25564.0 108.0 108.0 ol
10796.0 25564.0 396.0 96.0 Middle
11256.0 25568.0 436.0 112.0 Kurnpe.

9536.0 25716.0 108.0 96.0 It
9700.0 25736.0 228.0 84.0 was
9988.0 25724.0 496.0 100.0 obtained
10556.0 25732.0 128.0 116.0 bij
10752.0 25728.0 312.0 96.0 I.nvis
11132.0 25732.0 556.0 104.0 Mntzhnld,

9536.0 25884.0 632.0 100.0 Associated
10240.0 25892.0 312.0 96.0 Press
10624.0 25896.0 268.0 108.0 staff
10964.0 25900.0 400.0 96.0 vriler.
11436.0 25924.0 128.0 64.0 on
11636.0 25920.0 56.0 68.0 a

9540.0 26048.0 268.0 104.0 visit
9892.0 26060.0 100.0 92.0 to
10064.0 26060.0 332.0 100.0 Olio's
10476.0 26064.0 328.0 92.0 ensile
10880.0 26064.0 100.0 88.0 in
11064.0 26064.0 308.0 88.0 enle.

9844.0 26392.0 180.0 96.0 BY
10100.0 26396.0 404.0 96.0 IOl'IS
10580.0 26392.0 796.0 96.0 MATHOLD.

9656.0 26592.0 896.0 108.0 Steenockerzeel,
10660.0 26596.0 508.0 108.0 Belgium,
11276.0 26596.0 252.0 112.0 July
11624.0 26600.0 52.0 88.0 6

9664.0 26764.0 284.0 108.0 (AP)
10080.0 26768.0 616.0 92.0 Handsome
10760.0 26764.0 244.0 88.0 Otto
11068.0 26784.0 204.0 68.0 von
11344.0 26760.0 236.0 112.0 Hap-

9528.0 26932.0 280.0 128.0 burg
9876.0 26940.0 88.0 92.0 Is
10024.0 26940.0 348.0 108.0 ready,
10444.0 26956.0 256.0 68.0 even
10776.0 26936.0 108.0 84.0 to
10948.0 26932.0 176.0 88.0 the
11196.0 26932.0 476.0 96.0 smallest

9528.0 27100.0 340.0 100.0 detail
9936.0 27112.0 108.0 92.0 of
10116.0 27108.0 288.0 108.0 royal
10484.0 27100.0 428.0 92.0 decrees
10984.0 27104.0 208.0 88.0 and
11276.0 27104.0 356.0 112.0 procla-

9528.0 27276.0 500.0 104.0 mations,
10108.0 27276.0 108.0 88.0 to
10300.0 27268.0 252.0 96.0 take
10636.0 27292.0 252.0 72.0 over
10964.0 27272.0 184.0 88.0 the
11236.0 27296.0 392.0 88.0 govern

9532.0 27456.0 304.0 92.0 ment
9912.0 27444.0 108.0 92.0 of
10096.0 27440.0 432.0 96.0 Austria
10604.0 27440.0 308.0 92.0 when
10992.0 27440.0 212.0 96.0 and
11288.0 27444.0 88.0 96.0 if
11448.0 27444.0 216.0 96.0 "his

9528.0 27608.0 276.0 116.0 day"
9872.0 27632.0 368.0 76.0 comes.

9644.0 27776.0 356.0 140.0 Everjr
10096.0 27780.0 392.0 128.0 action,
10580.0 27804.0 324.0 108.0 every
11000.0 27780.0 472.0 124.0 thought
11552.0 27784.0 120.0 100.0 of

12496.0 5040.0 1032.0 312.0 FIGHTS
13664.0 5040.0 552.0 312.0 FOR
14360.0 5040.0 592.0 312.0 HER
15088.0 5032.0 520.0 312.0 JOB

13144.0 6424.0 56.0 92.0 i-
13280.0 6492.0 24.0 28.0 ,
13608.0 6472.0 32.0 60.0 i
14028.0 6504.0 8.0 8.0 .
14676.0 6424.0 80.0 88.0 -i

15184.0 13768.0 608.0 76.0 Imcrnnitniuil
15856.0 13776.0 284.0 72.0 Newf.

11936.0 13868.0 296.0 132.0 Miss
12304.0 13872.0 508.0 132.0 Isabrlle
12884.0 13872.0 444.0 156.0 Uallin,
13420.0 13880.0 164.0 128.0 26
13656.0 13932.0 356.0 104.0 years
14084.0 13880.0 240.0 156.0 old,
14416.0 13884.0 232.0 132.0 will
14728.0 13884.0 372.0 132.0 battle
15184.0 13896.0 188.0 124.0 for
15452.0 13892.0 204.0 132.0 her
15728.0 13892.0 212.0 156.0 job
16020.0 13944.0 144.0 76.0 as

11944.0 14040.0 920.0 132.0 schoolteacher
12932.0 14076.0 128.0 100.0 at
13120.0 14048.0 484.0 148.0 Saugus,
13688.0 14052.0 412.0 140.0 Mass.,
14180.0 14084.0 288.0 96.0 next
14532.0 14052.0 600.0 156.0 Tuesday.
15256.0 14060.0 304.0 128.0 Two
15632.0 14108.0 340.0 108.0 years
16044.0 14072.0 124.0 120.0 in

11944.0 14208.0 216.0 128.0 her
12236.0 14212.0 256.0 152.0 job,
12580.0 14212.0 220.0 128.0 she
12884.0 14216.0 376.0 128.0 needs
13344.0 14220.0 328.0 124.0 three
13764.0 14224.0 200.0 128.0 for
14044.0 14220.0 196.0 132.0 life
14320.0 14252.0 460.0 104.0 tenure.
14908.0 14232.0 200.0 128.0 On
15196.0 14228.0 200.0 128.0 the
15480.0 14224.0 316.0 128.0 basis
15872.0 14232.0 136.0 128.0 of
16092.0 14280.0 80.0 84.0 a

11932.0 14404.0 336.0 124.0 story
12344.0 14380.0 256.0 128.0 that
12676.0 14384.0 216.0 124.0 she
12968.0 14384.0 236.0 128.0 had
13288.0 14384.0 432.0 128.0 served
13800.0 14388.0 584.0 132.0 cocktails
14464.0 14420.0 124.0 104.0 to
14664.0 14448.0 72.0 76.0 a
14812.0 14392.0 280.0 128.0 club
15172.0 14400.0 136.0 128.0 of
15376.0 14396.0 412.0 128.0 school
15868.0 14396.0 240.0 132.0 chil-

11932.0 14540.0 304.0 132.0 dren
12428.0 14548.0 240.0 128.0 and
12780.0 14552.0 388.0 132.0 which
13276.0 14552.0 204.0 128.0 she
13592.0 14552.0 428.0 132.0 denies
14204.0 14560.0 200.0 124.0 the
14512.0 14560.0 412.0 140.0 school
15040.0 14564.0 392.0 128.0 board
15544.0 14568.0 364.0 128.0 voted
16028.0 14600.0 136.0 100.0 to

11928.0 14708.0 164.0 128.0 let
12176.0 14712.0 212.0 128.0 her
12476.0 14728.0 428.0 136.0 resign.
13048.0 14720.0 276.0 128.0 Last
13408.0 14720.0 340.0 128.0 niht
13840.0 14780.0 72.0 72.0 a
14000.0 14724.0 384.0 132.0 board
14476.0 14732.0 544.0 128.0 member
15104.0 14732.0 700.0 132.0 demanded
15892.0 14736.0 260.0 132.0 and

11920.0 14924.0 276.0 84.0 won
12264.0 14932.0 68.0 72.0 a
12396.0 14884.0 452.0 152.0 special
12916.0 14900.0 520.0 140.0 meeting
13504.0 14896.0 196.0 124.0 for
13768.0 14892.0 204.0 128.0 the
14032.0 14944.0 528.0 104.0 purpose
14628.0 14904.0 132.0 124.0 of
14824.0 14900.0 584.0 156.0 planning
15472.0 14956.0 64.0 72.0 a
15608.0 14904.0 528.0 156.0 hearing.

12056.0 15352.0 808.0 376.0 ARABS
13008.0 15360.0 752.0 424.0 SPLIT,

11836.0 16128.0 592.0 260.0 Jews
12576.0 16136.0 452.0 256.0 Are
13184.0 16136.0 804.0 324.0 Bitter,

11848.0 16848.0 412.0 196.0 Over
12424.0 16840.0 612.0 208.0 Drilish
13204.0 16848.0 380.0 204.0 Han
13768.0 16856.0 216.0 200.0 To

12020.0 17172.0 792.0 204.0 Partition
12904.0 17176.0 884.0 212.0 Palestine.

11840.0 17744.0 364.0 164.0 Emir
12296.0 17748.0 180.0 160.0 Of
12520.0 17748.0 1476.0 192.0 TransjordaniaChief

11896.0 17980.0 184.0 160.0 Of
12144.0 17980.0 652.0 164.0 Moslems
12872.0 17984.0 660.0 196.0 Favoring
13608.0 17984.0 136.0 160.0 It

12024.0 18212.0 868.0 192.0 "Betrayal,"
12976.0 18220.0 332.0 192.0 Says
13380.0 18220.0 408.0 160.0 Wise.

11940.0 18712.0 628.0 108.0 Jerusalem,
12736.0 18716.0 256.0 120.0 July
13152.0 18724.0 52.0 88.0 8
13336.0 18720.0 276.0 100.0 (AP)
13756.0 18720.0 220.0 96.0 The

11824.0 18876.0 288.0 92.0 Arab
12172.0 18876.0 416.0 116.0 Higher
12648.0 18880.0 636.0 96.0 Committee
13344.0 18888.0 636.0 96.0 announced

11828.0 19040.0 424.0 116.0 tonight
12328.0 19044.0 288.0 96.0 after
12688.0 19068.0 68.0 72.0 a
12828.0 19052.0 524.0 92.0 two-hour
13416.0 19052.0 416.0 92.0 session
13904.0 19048.0 84.0 96.0 it

11824.0 19232.0 224.0 76.0 was
12144.0 19212.0 388.0 92.0 unablo
12628.0 19212.0 112.0 96.0 to
12836.0 19220.0 368.0 112.0 accept
13296.0 19216.0 180.0 96.0 the
13568.0 19216.0 416.0 92.0 British

11824.0 19372.0 256.0 116.0 plan
12200.0 19376.0 172.0 92.0 for
12496.0 19376.0 484.0 120.0 dividing
13096.0 19380.0 536.0 96.0 Palestine
13760.0 19388.0 224.0 92.0 into

11828.0 19540.0 300.0 92.0 three
12200.0 19548.0 328.0 108.0 parts.

11940.0 19704.0 100.0 92.0 It
12104.0 19708.0 500.0 100.0 attacked
12672.0 19708.0 188.0 92.0 the
12928.0 19712.0 240.0 116.0 plan
13228.0 19740.0 116.0 64.0 as
13404.0 19712.0 580.0 116.0 proposing

11828.0 19868.0 108.0 92.0 to
12012.0 19872.0 236.0 112.0 give
12324.0 19876.0 184.0 88.0 the
12588.0 19872.0 296.0 104.0 Jews
12960.0 19900.0 64.0 68.0 a
13092.0 19884.0 276.0 88.0 state
13444.0 19876.0 100.0 96.0 in
13624.0 19876.0 356.0 92.0 which

11820.0 20036.0 176.0 92.0 the
12056.0 20040.0 276.0 92.0 most
12384.0 20036.0 360.0 96.0 fertile
12800.0 20044.0 456.0 96.0 sections
13312.0 20040.0 112.0 92.0 of
13476.0 20044.0 184.0 88.0 the
13700.0 20040.0 276.0 128.0 Holy

11820.0 20200.0 288.0 96.0 Iand
12172.0 20200.0 160.0 112.0 lie,
12388.0 20200.0 436.0 120.0 leaving
12880.0 20204.0 168.0 96.0 for
13096.0 20208.0 176.0 92.0 the
13324.0 20208.0 348.0 92.0 Arabs
13728.0 20208.0 252.0 120.0 only

11824.0 20368.0 180.0 92.0 the
12076.0 20364.0 332.0 120.0 rocky
12472.0 20376.0 220.0 92.0 and
12772.0 20372.0 260.0 116.0 hilly
13104.0 20376.0 316.0 116.0 parts.

11928.0 20532.0 252.0 92.0 Two
12272.0 20532.0 756.0 100.0 disturbances
13116.0 20560.0 268.0 72.0 were
13476.0 20536.0 496.0 108.0 reported

11808.0 20696.0 548.0 120.0 following
12508.0 20704.0 864.0 92.0 announcement
13520.0 20704.0 120.0 92.0 of
13796.0 20704.0 180.0 92.0 the

11804.0 20860.0 784.0 100.0 commission's
12748.0 20868.0 388.0 116.0 report.
13344.0 20860.0 264.0 96.0 Ite
13772.0 20864.0 204.0 96.0 last

11808.0 21028.0 308.0 112.0 night
12172.0 21032.0 420.0 96.0 several
12652.0 21036.0 312.0 96.0 shots
13016.0 21056.0 268.0 72.0 were
13348.0 21028.0 280.0 96.0 fired
13692.0 21032.0 244.0 92.0 wild-

11804.0 21196.0 108.0 120.0 ly
12032.0 21200.0 420.0 96.0 around
12576.0 21204.0 196.0 92.0 the
12896.0 21208.0 272.0 88.0 town
13292.0 21200.0 116.0 92.0 of
13528.0 21196.0 448.0 112.0 Nablus,

11808.0 21368.0 456.0 96.0 without
12332.0 21368.0 492.0 116.0 injuring
12884.0 21392.0 432.0 92.0 anyone.
13444.0 21364.0 264.0 100.0 This
13772.0 21368.0 168.0 92.0 aft-

11804.0 21560.0 408.0 72.0 ernoon
12312.0 21536.0 292.0 96.0 Arab
12700.0 21540.0 260.0 116.0 boys
13052.0 21532.0 372.0 96.0 stoned
13520.0 21556.0 72.0 72.0 a
13692.0 21536.0 284.0 116.0 lorry

11808.0 21724.0 264.0 72.0 near
12128.0 21708.0 452.0 92.0 Herod's
12636.0 21708.0 280.0 92.0 Gate
12976.0 21708.0 100.0 92.0 in
13132.0 21700.0 636.0 108.0 Jerusalem,
13828.0 21704.0 104.0 92.0 In-

11804.0 21872.0 368.0 116.0 juring
12240.0 21876.0 184.0 96.0 the
12492.0 21876.0 444.0 92.0 driver's
13000.0 21868.0 544.0 96.0 assistant.

11932.0 22040.0 444.0 116.0 Despite
12528.0 22064.0 140.0 72.0 an
12828.0 22040.0 856.0 92.0 announcement
13844.0 22032.0 132.0 120.0 by

11800.0 22204.0 644.0 96.0 Lieutenant
12484.0 22204.0 460.0 96.0 General
12996.0 22204.0 164.0 96.0 Sir
13192.0 22204.0 408.0 96.0 Arthur
13656.0 22204.0 272.0 92.0 Wau-

11808.0 22372.0 364.0 120.0 chope,
12240.0 22372.0 292.0 116.0 High
12600.0 22368.0 828.0 96.0 Commissioner
13496.0 22368.0 176.0 92.0 for
13732.0 22364.0 196.0 96.0 Pal-

11808.0 22540.0 372.0 108.0 estine,
12244.0 22540.0 240.0 92.0 that
12552.0 22540.0 184.0 88.0 the
12804.0 22540.0 276.0 88.0 state
13148.0 22536.0 112.0 92.0 of
13324.0 22540.0 476.0 108.0 security
13868.0 22536.0 96.0 88.0 In

11808.0 22708.0 184.0 88.0 the
12056.0 22708.0 452.0 108.0 country
12572.0 22728.0 224.0 64.0 was
12864.0 22700.0 292.0 116.0 good,
13224.0 22704.0 404.0 92.0 British
13700.0 22700.0 224.0 92.0 rein-

11812.0 22840.0 648.0 100.0 forcements
12524.0 22836.0 432.0 96.0 arrived
13016.0 22840.0 276.0 92.0 from
13356.0 22832.0 356.0 116.0 Egypt
13752.0 22832.0 208.0 96.0 and

11852.0 23072.0 596.0 96.0 Continued
12520.0 23072.0 172.0 92.0 On
12764.0 23072.0 288.0 112.0 Page
13120.0 23072.0 88.0 112.0 2,
13280.0 23072.0 452.0 92.0 Column
13812.0 23068.0 84.0 96.0 1.

11976.0 23716.0 744.0 364.0 Lives
12812.0 23708.0 588.0 364.0 And
13488.0 23708.0 884.0 372.0 Works
14440.0 23712.0 612.0 368.0 Like
15116.0 23716.0 748.0 456.0 King;

11928.0 24208.0 344.0 368.0 Of
12344.0 24208.0 812.0 372.0 World
13228.0 24212.0 276.0 360.0 In
13580.0 24212.0 832.0 368.0 Seven
14484.0 24212.0 1512.0 452.0 Languages

11788.0 24912.0 176.0 84.0 the
12088.0 24908.0 664.0 96.0 Industrious
12868.0 24932.0 344.0 96.0 young
13320.0 24900.0 608.0 112.0 Archduke,

11788.0 25076.0 584.0 92.0 Pretender
12432.0 25076.0 112.0 92.0 to
12612.0 25080.0 188.0 88.0 the
12868.0 25072.0 564.0 112.0 Hapsburg
13496.0 25072.0 444.0 88.0 thrones

11788.0 25248.0 116.0 88.0 of
11960.0 25244.0 428.0 92.0 Austria
12440.0 25248.0 216.0 92.0 and
12712.0 25240.0 540.0 112.0 Hungary,
13308.0 25236.0 84.0 92.0 is
13448.0 25232.0 476.0 100.0 directed

11788.0 25408.0 660.0 116.0 confidently
12548.0 25412.0 404.0 92.0 toward
13056.0 25408.0 232.0 88.0 that
13388.0 25400.0 240.0 116.0 day.
13760.0 25404.0 168.0 92.0 He

11736.0 25588.0 8.0 136.0 j
11788.0 25580.0 192.0 92.0 has
12044.0 25576.0 260.0 92.0 been
12368.0 25580.0 424.0 96.0 trained
12860.0 25580.0 160.0 88.0 for
13080.0 25584.0 268.0 88.0 most
13408.0 25576.0 120.0 96.0 of
13588.0 25572.0 172.0 96.0 his
13816.0 25572.0 108.0 96.0 24

11736.0 25708.0 8.0 120.0 I
11784.0 25772.0 308.0 88.0 years
12160.0 25748.0 108.0 88.0 to
12328.0 25752.0 376.0 104.0 expect
12772.0 25752.0 104.0 84.0 it.

11732.0 25844.0 12.0 216.0 j
11904.0 25916.0 296.0 92.0 Close
12280.0 25916.0 588.0 88.0 associates
12944.0 25916.0 240.0 88.0 here
13264.0 25912.0 104.0 92.0 In
13448.0 25912.0 176.0 96.0 his
13700.0 25912.0 188.0 96.0 Bel-

11732.0 26048.0 12.0 112.0 !
11784.0 26088.0 240.0 108.0 gian
12140.0 26084.0 332.0 92.0 rastle
12580.0 26112.0 196.0 92.0 sny
12888.0 26084.0 232.0 92.0 that
13228.0 26084.0 256.0 92.0 Otto
13604.0 26088.0 324.0 92.0 needs

11732.0 26272.0 8.0 108.0 ;
11784.0 26256.0 240.0 112.0 only
12100.0 26256.0 108.0 88.0 to
12292.0 26252.0 148.0 88.0 fill
12532.0 26256.0 100.0 84.0 in
12720.0 26252.0 176.0 88.0 the
12972.0 26252.0 328.0 104.0 dates,
13376.0 26252.0 292.0 96.0 affix
13748.0 26260.0 176.0 92.0 the

11728.0 26392.0 12.0 132.0 I
11784.0 26420.0 568.0 112.0 Hnpslnirg
12448.0 26424.0 224.0 88.0 seal
12772.0 26420.0 204.0 88.0 and
13080.0 26428.0 176.0 84.0 the
13356.0 26424.0 304.0 112.0 royal
13760.0 26428.0 168.0 92.0 dc-

11780.0 26612.0 288.0 68.0 crees
12156.0 26588.0 200.0 88.0 will
12452.0 26592.0 124.0 84.0 be
12676.0 26588.0 316.0 116.0 ready
13080.0 26596.0 104.0 80.0 to
13268.0 26588.0 120.0 88.0 be
13480.0 26592.0 436.0 120.0 slapped

11780.0 26780.0 124.0 64.0 on
12000.0 26760.0 168.0 84.0 the
12260.0 26760.0 316.0 88.0 doors
12660.0 26764.0 116.0 88.0 of
12864.0 26756.0 484.0 92.0 Vienna's
13436.0 26760.0 488.0 100.0 chancel-

11724.0 26864.0 12.0 48.0 i

11780.0 26928.0 208.0 112.0 lery
12048.0 26928.0 524.0 112.0 ir:toring
12632.0 26932.0 180.0 88.0 the
12872.0 26932.0 416.0 88.0 ancient
13344.0 26928.0 580.0 124.0 Hapsburg

11780.0 27092.0 604.0 112.0 monarchy.

11892.0 27264.0 512.0 92.0 Austrian
12488.0 27264.0 608.0 104.0 legitimists
13176.0 27264.0 396.0 100.0 believe
13656.0 27272.0 268.0 112.0 loyal

11768.0 27392.0 548.0 100.0 Viennese,
12500.0 27400.0 504.0 104.0 shouting
13180.0 27400.0 356.0 92.0 "Hell"
13728.0 27408.0 256.0 112.0 and;

11768.0 27524.0 452.0 104.0 "Horn,"
12312.0 27528.0 252.0 92.0 then
12656.0 27536.0 208.0 88.0 will
12948.0 27536.0 308.0 84.0 make
13344.0 27540.0 336.0 92.0 readv
13772.0 27528.0 208.0 104.0 for1

11776.0 27664.0 456.0 92.0 another
12336.0 27668.0 384.0 108.0 golden
12828.0 27668.0 572.0 116.0 Hapsburg
13508.0 27696.0 204.0 84.0 age
13824.0 27680.0 96.0 88.0 in
13968.0 27644.0 16.0 124.0 I

11768.0 27792.0 188.0 100.0 the
12012.0 27788.0 348.0 132.0 valley
12428.0 27804.0 128.0 96.0 of.
12616.0 27800.0 192.0 96.0 the
12872.0 27800.0 264.0 100.0 Blue
13196.0 27800.0 504.0 104.0 Danube.

14344.0 15376.0 888.0 376.0 PLAINS
15368.0 15384.0 616.0 368.0 BAKE

14096.0 16156.0 440.0 256.0 For
14700.0 16156.0 840.0 260.0 Fourth
15704.0 16164.0 532.0 320.0 Day.

14112.0 16868.0 1156.0 264.0 Temperature
15384.0 16876.0 416.0 200.0 Near
15932.0 16880.0 300.0 200.0 100

14404.0 17204.0 164.0 200.0 In
14656.0 17204.0 484.0 204.0 South
15228.0 17204.0 668.0 232.0 Dakota,

14104.0 17776.0 524.0 160.0 Illinois
14784.0 17784.0 260.0 152.0 and
15212.0 17784.0 324.0 156.0 New
15688.0 17780.0 360.0 160.0 York-

14160.0 18012.0 372.0 160.0 Heat
14644.0 18012.0 524.0 160.0 Deaths
15292.0 18016.0 388.0 160.0 Total
15792.0 18016.0 176.0 156.0 33

14360.0 18244.0 616.0 196.0 Mercury
15056.0 18244.0 304.0 160.0 Still
15440.0 18244.0 504.0 192.0 Rising.

14464.0 18736.0 180.0 84.0 (BV
14712.0 18740.0 688.0 80.0 ARHOCIATKn
15468.0 18740.0 372.0 84.0 TRUSS)

14208.0 18872.0 448.0 112.0 Willing
14744.0 18872.0 256.0 96.0 heat
15092.0 18876.0 512.0 100.0 harassed
15704.0 18872.0 528.0 96.0 residents

14092.0 19040.0 112.0 96.0 of
14260.0 19040.0 284.0 92.0 moat
14604.0 19040.0 116.0 96.0 of
14776.0 19040.0 176.0 96.0 the
15016.0 19040.0 512.0 100.0 northern
15588.0 19040.0 224.0 96.0 half
15872.0 19044.0 116.0 96.0 of
16048.0 19040.0 180.0 92.0 the

14096.0 19208.0 364.0 96.0 nation
14524.0 19208.0 592.0 116.0 Thursday.

14212.0 19368.0 412.0 100.0 Deaths
14736.0 19376.0 588.0 96.0 attributed
15440.0 19376.0 104.0 96.0 to
15656.0 19376.0 172.0 96.0 the
15948.0 19404.0 236.0 68.0 sum-

14092.0 19540.0 316.0 96.0 mer's
14548.0 19544.0 276.0 88.0 most
14968.0 19544.0 544.0 96.0 extensive
15644.0 19548.0 284.0 108.0 siego
16080.0 19548.0 100.0 92.0 in-

14080.0 19708.0 432.0 92.0 creased
14580.0 19712.0 104.0 84.0 to
14744.0 19708.0 140.0 96.0 33.
14980.0 19708.0 756.0 112.0 Temperature
15792.0 19712.0 440.0 92.0 records

14092.0 19880.0 168.0 88.0 for
14352.0 19880.0 180.0 92.0 the
14624.0 19904.0 380.0 72.0 season
15100.0 19908.0 276.0 64.0 were
15472.0 19880.0 540.0 96.0 shattered
16112.0 19884.0 116.0 92.0 at

14088.0 20044.0 408.0 92.0 several
14636.0 20048.0 356.0 112.0 points
15132.0 20048.0 104.0 92.0 In
15380.0 20048.0 172.0 92.0 the
15688.0 20044.0 184.0 100.0 hot
16004.0 20044.0 224.0 100.0 belt

14088.0 20212.0 596.0 108.0 stretching
14740.0 20216.0 280.0 92.0 from
15076.0 20216.0 180.0 88.0 the.
15316.0 20212.0 476.0 100.0 Western
15852.0 20216.0 376.0 100.0 Plains

14084.0 20380.0 108.0 88.0 to
14252.0 20376.0 268.0 96.0 New
14580.0 20376.0 524.0 116.0 England.

14204.0 20544.0 172.0 96.0 An
14448.0 20548.0 408.0 92.0 official
14928.0 20552.0 448.0 108.0 reading
15444.0 20552.0 112.0 92.0 of
15624.0 20548.0 228.0 112.0 93.4,
15924.0 20552.0 260.0 116.0 high-

14080.0 20708.0 160.0 88.0 est
14340.0 20708.0 116.0 92.0 of
14556.0 20712.0 176.0 92.0 the
14828.0 20736.0 284.0 92.0 year,
15208.0 20736.0 220.0 72.0 was
15512.0 20716.0 508.0 96.0 recorded
16124.0 20716.0 112.0 96.0 at

14088.0 20876.0 224.0 96.0 2:05
14384.0 20880.0 392.0 100.0 o'clock
14844.0 20880.0 564.0 120.0 Thursday
15472.0 20884.0 568.0 96.0 afternoon
16124.0 20880.0 104.0 100.0 In

14084.0 21044.0 264.0 92.0 New
14424.0 21044.0 292.0 104.0 Tork
14792.0 21048.0 240.0 120.0 City
15108.0 21052.0 312.0 92.0 while
15500.0 21052.0 112.0 96.0 at
15684.0 21048.0 56.0 96.0 3
15820.0 21048.0 408.0 100.0 o'clock

14084.0 21212.0 180.0 96.0 the
14320.0 21216.0 508.0 96.0 Weather
14880.0 21216.0 428.0 96.0 Bureau
15364.0 21220.0 696.0 120.0 observatory
16124.0 21220.0 104.0 104.0 In

14084.0 21376.0 436.0 100.0 Central
14584.0 21380.0 288.0 96.0 Park
14940.0 21388.0 492.0 112.0 reported
15492.0 21388.0 140.0 92.0 98.
15700.0 21392.0 224.0 96.0 The
15996.0 21416.0 232.0 72.0 new

14088.0 21544.0 364.0 100.0 marks
14516.0 21556.0 416.0 112.0 greatly
14988.0 21556.0 516.0 96.0 exceeded
15568.0 21556.0 176.0 96.0 the
15808.0 21564.0 420.0 88.0 normal

14080.0 21736.0 460.0 88.0 average
14636.0 21724.0 168.0 88.0 for
14892.0 21720.0 184.0 96.0 the
15172.0 21724.0 284.0 112.0 date,
15548.0 21720.0 112.0 96.0 73
15748.0 21728.0 476.0 116.0 degrees,

14084.0 21884.0 212.0 96.0 and
14408.0 21888.0 568.0 104.0 surpassed
15092.0 21888.0 184.0 92.0 the
15392.0 21892.0 484.0 116.0 previous
15992.0 21892.0 236.0 92.0 1937

14080.0 22020.0 308.0 112.0 peak,
14492.0 22020.0 228.0 96.0 91.4,
14828.0 22028.0 584.0 104.0 registered
15524.0 22028.0 696.0 112.0 Wednesdny.

14180.0 22148.0 352.0 112.0 Elgin,
14640.0 22156.0 192.0 112.0 III.,
14940.0 22164.0 492.0 104.0 reported
15540.0 22184.0 64.0 68.0 a
15708.0 22164.0 496.0 92.0 seasonal

14068.0 22288.0 184.0 112.0 top
14320.0 22296.0 116.0 92.0 of
14492.0 22292.0 140.0 92.0 99.

14184.0 22428.0 708.0 112.0 Washington
15040.0 22432.0 548.0 96.0 sweltered
15744.0 22436.0 472.0 112.0 through

14072.0 22560.0 136.0 92.0 its
14296.0 22564.0 388.0 92.0 hottest
14776.0 22568.0 212.0 112.0 day
15060.0 22568.0 116.0 92.0 of
15256.0 22568.0 256.0 100.0 1937.
15648.0 22572.0 216.0 92.0 The
15952.0 22576.0 220.0 92.0 tem

14064.0 22704.0 504.0 104.0 perature
14624.0 22704.0 296.0 96.0 there
14980.0 22704.0 156.0 92.0 hit
15192.0 22700.0 228.0 96.0 94.3.

14176.0 22836.0 820.0 116.0 Temperatures
15088.0 22844.0 492.0 92.0 mounted
15672.0 22868.0 108.0 72.0 to
15872.0 22848.0 120.0 92.0 95
16080.0 22856.0 112.0 92.0 at

14116.0 23068.0 596.0 100.0 Continued
14776.0 23076.0 164.0 92.0 On
15008.0 23080.0 288.0 104.0 Page
15360.0 23084.0 136.0 104.0 26,
15556.0 23080.0 444.0 92.0 Column
16060.0 23084.0 92.0 92.0 5.

14152.0 24908.0 128.0 100.0 In
14344.0 24912.0 176.0 88.0 the
14588.0 24912.0 600.0 104.0 meantime.
15248.0 24912.0 252.0 92.0 Otto
15560.0 24912.0 284.0 88.0 must
15912.0 24908.0 256.0 92.0 wait

14036.0 25076.0 212.0 92.0 and
14312.0 25076.0 264.0 112.0 keep
14640.0 25072.0 292.0 112.0 busy.
15048.0 25072.0 164.0 96.0 He
15276.0 25072.0 244.0 92.0 does
15580.0 25072.0 248.0 92.0 both
15896.0 25072.0 268.0 108.0 well,

14036.0 25236.0 652.0 92.0 surrounded
14772.0 25232.0 132.0 116.0 by
14980.0 25236.0 160.0 92.0 his
15216.0 25232.0 556.0 92.0 miniature
15852.0 25244.0 308.0 88.0 court

14040.0 25400.0 104.0 96.0 In
14216.0 25400.0 296.0 96.0 exile.

14152.0 25560.0 856.0 96.0 Steenockerzeel
15116.0 25560.0 432.0 92.0 Castle's
15644.0 25560.0 160.0 92.0 six
15908.0 25564.0 216.0 92.0 tow-

14036.0 25748.0 168.0 72.0 ers
14284.0 25728.0 208.0 88.0 rise
14564.0 25724.0 392.0 116.0 regally
15036.0 25724.0 324.0 92.0 above
15436.0 25724.0 172.0 88.0 the
15676.0 25724.0 200.0 92.0 tall
15952.0 25728.0 208.0 92.0 elm

14028.0 25896.0 280.0 84.0 trees
14372.0 25888.0 200.0 92.0 and
14640.0 25892.0 228.0 88.0 cast
14928.0 25888.0 280.0 88.0 their
15264.0 25884.0 480.0 96.0 shadows
15808.0 25888.0 112.0 88.0 in
15984.0 25892.0 180.0 88.0 the

14036.0 26052.0 300.0 108.0 dark,
14444.0 26052.0 508.0 92.0 medieval
15056.0 26052.0 288.0 88.0 moat
15440.0 26052.0 724.0 116.0 surrounding

14036.0 26216.0 180.0 96.0 the
14292.0 26216.0 164.0 92.0 old
14532.0 26212.0 644.0 112.0 stronghold.

14140.0 26376.0 348.0 92.0 Inside
14528.0 26376.0 900.0 92.0 Steenockerzee's
15468.0 26372.0 688.0 120.0 tree-fringed

14032.0 26548.0 116.0 92.0 30
14228.0 26568.0 324.0 80.0 acres,
14636.0 26544.0 176.0 92.0 the
14896.0 26544.0 564.0 92.0 Archduke
15540.0 26544.0 80.0 92.0 is
15704.0 26540.0 452.0 96.0 "Kaiser

14032.0 26708.0 340.0 100.0 Otto."
14448.0 26708.0 272.0 96.0 ruler
14796.0 26732.0 248.0 72.0 over
15112.0 26732.0 60.0 64.0 a
15244.0 26708.0 292.0 92.0 court
15604.0 26732.0 120.0 68.0 as
15800.0 26712.0 304.0 88.0 exact-

14036.0 26876.0 176.0 108.0 ing
14280.0 26876.0 96.0 88.0 in
14444.0 26872.0 128.0 88.0 its
14640.0 26868.0 508.0 112.0 etiquette
15212.0 26872.0 204.0 92.0 and
15480.0 26896.0 112.0 68.0 as
15652.0 26868.0 500.0 96.0 obedient

14036.0 27040.0 92.0 88.0 in
14224.0 27040.0 128.0 88.0 its
14436.0 27032.0 576.0 100.0 allegiance
15092.0 27068.0 116.0 64.0 as
15296.0 27064.0 208.0 60.0 was
15584.0 27036.0 176.0 88.0 the
15844.0 27036.0 260.0 92.0 Vien-

14032.0 27192.0 248.0 68.0 nese
14356.0 27172.0 288.0 80.0 court
14728.0 27168.0 104.0 88.0 in
14920.0 27168.0 176.0 92.0 the
15176.0 27168.0 168.0 88.0 old
15424.0 27168.0 276.0 108.0 days.

14148.0 27304.0 332.0 84.0 Ottos
14576.0 27296.0 440.0 96.0 mother,
15112.0 27300.0 732.0 92.0 raven-haired
15944.0 27300.0 208.0 92.0 and

14024.0 27432.0 256.0 92.0 nlile.
14360.0 27432.0 248.0 100.0 Zita,
14688.0 27432.0 88.0 84.0 is
14844.0 27456.0 120.0 64.0 as
15040.0 27432.0 312.0 88.0 much
15436.0 27452.0 128.0 68.0 an
15640.0 27432.0 516.0 112.0 Empress

14024.0 27576.0 316.0 100.0 today
14436.0 27588.0 108.0 64.0 ss
14660.0 27568.0 180.0 84.0 she
14940.0 27588.0 220.0 64.0 was
15256.0 27572.0 296.0 84.0 when
15648.0 27568.0 188.0 88.0 she
15936.0 27568.0 208.0 92.0 and

14088.0 27800.0 588.0 104.0 Continued
14748.0 27800.0 168.0 96.0 On
14980.0 27796.0 300.0 120.0 Page
15344.0 27804.0 92.0 116.0 t,
15496.0 27800.0 456.0 104.0 Column
16012.0 27800.0 92.0 104.0 X.

16496.0 4816.0 976.0 456.0 THIRST
17592.0 4816.0 760.0 456.0 PERIL

16352.0 5688.0 724.0 264.0 Faced
17244.0 5688.0 308.0 324.0 By
17736.0 5684.0 776.0 328.0 Couple

16364.0 6400.0 436.0 216.0 With
16884.0 6408.0 304.0 204.0 Hut
17256.0 6400.0 532.0 208.0 Three
17860.0 6392.0 672.0 212.0 Gallons

16544.0 6740.0 196.0 208.0 Of
16808.0 6732.0 564.0 216.0 Water
17444.0 6732.0 224.0 204.0 To
17752.0 6724.0 572.0 216.0 Drink.

16356.0 7312.0 448.0 168.0 Radio
16892.0 7304.0 660.0 164.0 Amateur
17640.0 7304.0 592.0 204.0 Reports
18324.0 7304.0 224.0 168.0 Ha

16492.0 7540.0 472.0 176.0 Heard
17088.0 7544.0 408.0 160.0 "All's
17612.0 7540.0 436.0 164.0 Well"
18172.0 7540.0 224.0 164.0 On

16628.0 7780.0 604.0 164.0 Earhart
17292.0 7772.0 944.0 204.0 Wavelength.

16496.0 8284.0 580.0 116.0 Honolulu,
17112.0 8284.0 240.0 120.0 July
17388.0 8284.0 56.0 96.0 8
17580.0 8284.0 288.0 104.0 (AP)
18000.0 8284.0 528.0 124.0 Flghtlnf

16352.0 8448.0 372.0 124.0 planes
16832.0 8452.0 216.0 96.0 and
17160.0 8452.0 288.0 116.0 ships
17556.0 8448.0 388.0 124.0 spread
18056.0 8452.0 464.0 96.0 fanwlse

16352.0 8616.0 468.0 120.0 through
16896.0 8624.0 184.0 96.0 the
17152.0 8616.0 476.0 96.0 Phoenix
17704.0 8616.0 356.0 100.0 Island
18136.0 8616.0 384.0 116.0 region

16352.0 8780.0 320.0 116.0 today
16760.0 8780.0 112.0 96.0 in
16964.0 8808.0 68.0 68.0 a
17116.0 8780.0 672.0 100.0 determined
17876.0 8784.0 376.0 100.0 search
18348.0 8784.0 180.0 96.0 for

16352.0 8940.0 416.0 100.0 Amelia
16864.0 8940.0 496.0 120.0 Earhart,
17460.0 8968.0 248.0 72.0 now
17804.0 8948.0 448.0 116.0 missing
18352.0 8948.0 184.0 92.0 for

16356.0 9104.0 156.0 96.0 six
16592.0 9104.0 192.0 100.0 full
16864.0 9108.0 296.0 116.0 days.

16472.0 9264.0 348.0 100.0 Three
16940.0 9272.0 372.0 120.0 planes
17428.0 9296.0 292.0 72.0 were
17840.0 9272.0 704.0 120.0 catapaulted

16364.0 9424.0 224.0 100.0 Into
16692.0 9432.0 188.0 92.0 the
16988.0 9432.0 168.0 96.0 air
17260.0 9436.0 280.0 92.0 from
17660.0 9440.0 184.0 96.0 the
17948.0 9432.0 604.0 120.0 battleship

16360.0 9588.0 528.0 100.0 Colorado
17000.0 9600.0 180.0 88.0 for
17280.0 9596.0 288.0 96.0 their
17680.0 9600.0 388.0 92.0 second
18180.0 9624.0 376.0 92.0 sweep

16368.0 9776.0 248.0 76.0 over
16716.0 9752.0 524.0 100.0 Winslow
17340.0 9760.0 316.0 112.0 Beef,
17764.0 9764.0 564.0 96.0 southeast
18432.0 9764.0 124.0 100.0 of

16368.0 9912.0 528.0 104.0 Itowland
17004.0 9920.0 392.0 124.0 Island,
17500.0 9924.0 260.0 96.0 land
17864.0 9928.0 172.0 92.0 dot
18144.0 9928.0 112.0 100.0 In
18368.0 9932.0 188.0 96.0 the

16372.0 10076.0 416.0 104.0 Pacific
16880.0 10084.0 248.0 96.0 that
17212.0 10084.0 264.0 96.0 Miss
17572.0 10088.0 480.0 100.0 Earhart
18136.0 10092.0 416.0 104.0 missed

16368.0 10264.0 140.0 76.0 on
16568.0 10240.0 200.0 100.0 her
16832.0 10248.0 592.0 116.0 attempted
17496.0 10252.0 340.0 100.0 world
17904.0 10256.0 352.0 116.0 flight.
18328.0 10264.0 228.0 100.0 Ths

16372.0 10404.0 324.0 96.0 Coast
16756.0 10408.0 372.0 100.0 Guard
17188.0 10416.0 356.0 96.0 cutter
17604.0 10420.0 364.0 100.0 Itasca
18020.0 10424.0 532.0 104.0 searched

16376.0 10564.0 328.0 112.0 Islets,
16816.0 10576.0 292.0 92.0 reefs
17208.0 10576.0 208.0 96.0 and
17528.0 10584.0 372.0 96.0 shoals
18000.0 10596.0 328.0 96.0 south
18436.0 10596.0 124.0 96.0 of

16376.0 10728.0 528.0 104.0 Howland
17052.0 10740.0 204.0 96.0 and
17396.0 10752.0 572.0 96.0 westward
18104.0 10756.0 128.0 96.0 of
18372.0 10760.0 180.0 96.0 ths

16376.0 10880.0 488.0 112.0 Phoenix
16968.0 10924.0 360.0 96.0 group.
17496.0 10904.0 236.0 100.0 The
17840.0 10936.0 268.0 100.0 navy
18216.0 10920.0 296.0 96.0 mine-

16372.0 11080.0 484.0 92.0 sweeper
16984.0 11068.0 308.0 96.0 Swan
17416.0 11076.0 532.0 100.0 searched
18064.0 11092.0 252.0 96.0 east
18440.0 11088.0 116.0 100.0 of

16372.0 11216.0 532.0 100.0 Howland
16984.0 11228.0 384.0 104.0 Island,

16484.0 11376.0 560.0 128.0 Although
17148.0 11396.0 176.0 96.0 the
17424.0 11424.0 296.0 104.0 navy
17820.0 11416.0 500.0 112.0 reported
18416.0 11440.0 144.0 80.0 no

16376.0 11548.0 816.0 132.0 developments
17284.0 11568.0 104.0 104.0 In
17484.0 11576.0 196.0 100.0 the
17776.0 11580.0 288.0 120.0 day's
18156.0 11596.0 396.0 96.0 search

16380.0 11728.0 112.0 96.0 at
16616.0 11724.0 60.0 100.0 3
16804.0 11728.0 404.0 104.0 o'clock
17344.0 11740.0 528.0 104.0 (Eastern
17996.0 11752.0 552.0 108.0 Standard

16376.0 11892.0 348.0 108.0 Time)
16872.0 11904.0 220.0 100.0 this
17220.0 11912.0 612.0 116.0 afternoon,
17960.0 11912.0 340.0 128.0 hopes
18436.0 11928.0 116.0 96.0 of

16380.0 12056.0 412.0 100.0 friends
16868.0 12072.0 216.0 100.0 and
17168.0 12080.0 512.0 96.0 relatives
17768.0 12088.0 524.0 112.0 persisted
18376.0 12092.0 128.0 100.0 de-

16376.0 12228.0 276.0 116.0 spite
16748.0 12232.0 188.0 104.0 the
17032.0 12240.0 224.0 100.0 fact
17352.0 12248.0 248.0 100.0 that
17700.0 12252.0 260.0 100.0 Miss
18052.0 12256.0 496.0 104.0 Earhart

16376.0 12396.0 212.0 100.0 and
16708.0 12400.0 196.0 100.0 her
17020.0 12412.0 600.0 120.0 navigator,
17744.0 12416.0 584.0 112.0 Frederick
18448.0 12428.0 100.0 100.0 J.

16376.0 12560.0 484.0 120.0 Noonan,
16948.0 12572.0 268.0 104.0 have
17296.0 12576.0 264.0 100.0 been
17652.0 12584.0 204.0 100.0 lost
17932.0 12588.0 304.0 100.0 since
18320.0 12592.0 228.0 100.0 Frl.

16376.0 12732.0 208.0 116.0 day

16432.0 12900.0 828.0 112.0 REFUKLINO.
17356.0 12920.0 132.0 96.0 IS
17592.0 12924.0 892.0 104.0 SCHEDULED.

16492.0 13064.0 224.0 104.0 The
16832.0 13076.0 452.0 100.0 aircraft
17400.0 13092.0 420.0 96.0 carrier
17932.0 13088.0 612.0 124.0 Lexington

16376.0 13244.0 460.0 96.0 reached
16904.0 13244.0 476.0 104.0 Lahalna
17444.0 13256.0 408.0 120.0 Itoads,
17916.0 13284.0 268.0 76.0 near
18248.0 13264.0 292.0 116.0 here,

16372.0 13408.0 112.0 96.0 at
16568.0 13412.0 236.0 100.0 4:40
16884.0 13416.0 396.0 104.0 o'clock
17376.0 13424.0 524.0 100.0 (Eastern
17984.0 13428.0 552.0 104.0 Standard

16372.0 13572.0 348.0 116.0 Time)
16844.0 13584.0 220.0 104.0 this
17164.0 13588.0 612.0 120.0 afternoon,
17876.0 13592.0 664.0 124.0 completing

16372.0 13768.0 68.0 72.0 a
16496.0 13748.0 568.0 104.0 2,550-mile
17124.0 13780.0 196.0 76.0 run
17384.0 13760.0 296.0 96.0 from
17748.0 13760.0 204.0 100.0 San
18016.0 13764.0 352.0 120.0 Diego
18432.0 13768.0 108.0 100.0 in

16364.0 13912.0 116.0 92.0 92
16600.0 13916.0 340.0 96.0 hours
17064.0 13924.0 116.0 92.0 40
17292.0 13924.0 508.0 100.0 minutes.
17976.0 13928.0 216.0 96.0 She
18320.0 13956.0 192.0 96.0 pre-

16384.0 14084.0 328.0 116.0 pared
16816.0 14088.0 120.0 96.0 fo
17096.0 14116.0 60.0 68.0 a
17260.0 14096.0 328.0 112.0 quick
17696.0 14096.0 536.0 120.0 refueling
18336.0 14096.0 216.0 100.0 and

16384.0 14252.0 464.0 92.0 another
16964.0 14252.0 560.0 112.0 1,500-mile
17644.0 14284.0 252.0 72.0 race
18004.0 14264.0 116.0 100.0 to
18240.0 14264.0 280.0 96.0 How-

16388.0 14416.0 244.0 96.0 land
16744.0 14424.0 116.0 92.0 to
16972.0 14424.0 532.0 96.0 reinforce
17616.0 14428.0 184.0 92.0 the
17904.0 14424.0 276.0 104.0 hunt
18288.0 14428.0 264.0 100.0 with

16384.0 14580.0 184.0 96.0 her
16640.0 14588.0 320.0 112.0 great
17032.0 14588.0 160.0 100.0 air
17260.0 14588.0 296.0 100.0 fleet

16492.0 14752.0 332.0 104.0 From
16896.0 14752.0 316.0 104.0 Pearl
17280.0 14756.0 472.0 120.0 Harbor,
17828.0 14760.0 176.0 100.0 the
18076.0 14764.0 468.0 96.0 aircraft

16372.0 14916.0 380.0 96.0 lender
16820.0 14924.0 404.0 96.0 Avocet
17292.0 14928.0 388.0 96.0 moved
17756.0 14928.0 216.0 96.0 into
18036.0 14924.0 504.0 104.0 Lahalna

16364.0 15084.0 368.0 96.0 Bonds
16796.0 15088.0 112.0 92.0 to
16968.0 15088.0 380.0 116.0 supply
17404.0 15088.0 192.0 96.0 the
17636.0 15088.0 600.0 120.0 Lexington
18276.0 15096.0 260.0 96.0 with

16360.0 15248.0 480.0 96.0 aviation
16912.0 15256.0 508.0 116.0 gasoline.

16468.0 15412.0 224.0 96.0 The
16760.0 15416.0 516.0 96.0 Colorado
17312.0 15448.0 52.0 68.0 s
17432.0 15416.0 384.0 124.0 planes
17852.0 15424.0 248.0 100.0 first
18136.0 15428.0 408.0 116.0 sought

16344.0 15604.0 68.0 76.0 a
16528.0 15588.0 580.0 96.0 sandbank
17220.0 15592.0 656.0 116.0 supposedly
17992.0 15592.0 308.0 128.0 lying
18416.0 15596.0 120.0 96.0 43

16352.0 15752.0 304.0 96.0 miles
16720.0 15756.0 320.0 96.0 north
17100.0 15756.0 112.0 96.0 of
17272.0 15756.0 520.0 100.0 Winslow
17852.0 15764.0 304.0 96.0 Reef.
18292.0 15768.0 200.0 92.0 Sev-

16348.0 15924.0 224.0 92.0 eral
16660.0 15928.0 556.0 96.0 searchers
17296.0 15928.0 552.0 100.0 theorized
17928.0 15928.0 224.0 100.0 this
18240.0 15928.0 300.0 100.0 bank

16356.0 16092.0 344.0 112.0 might
16760.0 16092.0 272.0 100.0 have
17092.0 16096.0 416.0 96.0 offered
17572.0 16124.0 72.0 72.0 a
17704.0 16100.0 344.0 100.0 haven
18108.0 16100.0 188.0 100.0 for
18352.0 16104.0 184.0 96.0 the

16352.0 16260.0 300.0 100.0 filers
16748.0 16264.0 308.0 96.0 when
17148.0 16268.0 256.0 112.0 they
17500.0 16292.0 316.0 72.0 came
17904.0 16272.0 324.0 96.0 down
18324.0 16268.0 212.0 100.0 last

16356.0 16428.0 388.0 124.0 Friday
16832.0 16436.0 664.0 96.0 somewhere
17592.0 16436.0 328.0 96.0 afield
18004.0 16440.0 128.0 96.0 of
18220.0 16440.0 276.0 96.0 How-

16352.0 16596.0 272.0 108.0 land,
16696.0 16600.0 288.0 96.0 their
17048.0 16600.0 240.0 116.0 goal
17356.0 16628.0 144.0 72.0 on
17576.0 16604.0 560.0 108.0 2,570-mile
18208.0 16604.0 324.0 120.0 flight

16352.0 16768.0 272.0 92.0 from
16688.0 16772.0 272.0 96.0 New
17016.0 16772.0 444.0 96.0 Guinea.

16512.0 16968.0 340.0 96.0 FAIL
16908.0 16968.0 180.0 96.0 TO
17144.0 16972.0 352.0 96.0 FIND
17556.0 16976.0 820.0 100.0 SANDBANK.

16456.0 17168.0 120.0 92.0 In
16736.0 17196.0 68.0 72.0 a
16964.0 17172.0 532.0 100.0 two-hour
17660.0 17176.0 864.0 116.0 twenty-mlnuta

16340.0 17336.0 320.0 112.0 flight
16824.0 17340.0 564.0 120.0 yesterday
17556.0 17344.0 188.0 100.0 the
17904.0 17344.0 624.0 96.0 Colorado's

16340.0 17508.0 368.0 120.0 planes
16780.0 17508.0 328.0 100.0 failed
17180.0 17512.0 108.0 96.0 to
17352.0 17512.0 248.0 96.0 find
17672.0 17516.0 180.0 92.0 the
17912.0 17512.0 612.0 112.0 sandbank,

16340.0 17676.0 308.0 96.0 listed
16724.0 17700.0 120.0 72.0 as
16912.0 17676.0 116.0 96.0 of
17088.0 17676.0 564.0 100.0 "doubtful
17720.0 17676.0 568.0 132.0 position."

16460.0 17844.0 220.0 100.0 The
16816.0 17848.0 616.0 96.0 Immediate
17560.0 17848.0 588.0 116.0 searching
18276.0 17872.0 256.0 76.0 area

16348.0 18016.0 452.0 92.0 reached
16896.0 18040.0 120.0 72.0 as
17100.0 18016.0 172.0 92.0 far
17360.0 18040.0 128.0 68.0 as
17588.0 18016.0 648.0 120.0 Enderbury
18316.0 18020.0 212.0 96.0 and

16340.0 18180.0 424.0 96.0 Canton
16904.0 18184.0 412.0 96.0 Islands
17456.0 18184.0 124.0 92.0 of
17720.0 18188.0 176.0 92.0 the
18032.0 18184.0 496.0 96.0 Phoenix

16340.0 18372.0 368.0 96.0 group,
16896.0 18352.0 336.0 92.0 which
17416.0 18352.0 436.0 96.0 renters
18028.0 18344.0 464.0 128.0 approxi-

16344.0 18520.0 404.0 116.0 mately
16892.0 18524.0 172.0 92.0 280
17204.0 18520.0 312.0 96.0 miles
17660.0 18524.0 604.0 96.0 southwest
18412.0 18524.0 112.0 92.0 of

16340.0 18684.0 564.0 100.0 Howland.

16460.0 18852.0 220.0 100.0 The
16768.0 18856.0 516.0 104.0 Colorado
17372.0 18860.0 192.0 96.0 did
17656.0 18864.0 184.0 92.0 not
17928.0 18868.0 376.0 112.0 report
18384.0 18864.0 136.0 96.0 Its

16336.0 19048.0 236.0 72.0 own
16660.0 19048.0 528.0 92.0 progress,
17264.0 19024.0 196.0 100.0 but
17540.0 19052.0 232.0 72.0 was
17844.0 19024.0 488.0 104.0 believed
18412.0 19032.0 112.0 92.0 to

16332.0 19188.0 128.0 96.0 be
16556.0 19196.0 860.0 116.0 approximately
17516.0 19200.0 188.0 96.0 150
17792.0 19196.0 308.0 100.0 miles
18200.0 19200.0 320.0 96.0 south

16336.0 19360.0 116.0 92.0 of
16516.0 19360.0 188.0 96.0 the
16784.0 19364.0 476.0 120.0 equator.

16452.0 19528.0 140.0 96.0 At
16648.0 19536.0 56.0 96.0 4
16764.0 19532.0 340.0 104.0 (10:30
17152.0 19532.0 412.0 96.0 o'clock
17624.0 19540.0 460.0 96.0 Eastern
18144.0 19536.0 336.0 96.0 Stand-

16332.0 19696.0 192.0 96.0 ard
16600.0 19700.0 356.0 108.0 Time)
17044.0 19704.0 212.0 92.0 this
17328.0 19704.0 512.0 116.0 morning
17900.0 19704.0 192.0 96.0 the
18164.0 19708.0 360.0 96.0 Itasra

16336.0 19872.0 504.0 108.0 reported
16952.0 19868.0 136.0 96.0 Its
17188.0 19872.0 480.0 120.0 position
17772.0 19900.0 116.0 68.0 as
17992.0 19880.0 128.0 92.0 90
18224.0 19876.0 300.0 92.0 miles

16332.0 20036.0 324.0 92.0 south
16756.0 20044.0 592.0 92.0 southwest
17452.0 20044.0 128.0 92.0 of
17672.0 20036.0 536.0 100.0 Howland
18308.0 20044.0 204.0 96.0 and

16336.0 20204.0 476.0 128.0 heading
16876.0 20208.0 564.0 96.0 westward
17528.0 20212.0 112.0 92.0 in
17712.0 20212.0 356.0 120.0 partly
18136.0 20208.0 384.0 128.0 cloudy

16332.0 20376.0 488.0 92.0 weather
16960.0 20376.0 252.0 92.0 with
17368.0 20376.0 516.0 116.0 visibility
18024.0 20380.0 444.0 112.0 approxi-

16340.0 20544.0 404.0 116.0 mately
16808.0 20544.0 268.0 108.0 1,000
17132.0 20548.0 360.0 120.0 yards.

16460.0 20708.0 328.0 96.0 From
16880.0 20712.0 180.0 96.0 the
17144.0 20712.0 528.0 120.0 positions
17752.0 20708.0 112.0 96.0 of
17940.0 20712.0 188.0 96.0 the
18212.0 20712.0 300.0 92.0 three

16336.0 20880.0 332.0 120.0 ships,
16744.0 20884.0 80.0 92.0 It
16892.0 20880.0 532.0 120.0 appeared
17500.0 20884.0 252.0 112.0 they
17808.0 20876.0 212.0 96.0 had
18088.0 20880.0 416.0 96.0 started

16336.0 21048.0 112.0 96.0 to
16544.0 21052.0 440.0 112.0 diverge
17084.0 21052.0 656.0 92.0 somewhere
17832.0 21068.0 264.0 72.0 near
18196.0 21048.0 268.0 92.0 How-

16340.0 21216.0 252.0 100.0 land
16676.0 21220.0 220.0 96.0 and
16980.0 21220.0 512.0 116.0 deployed
17584.0 21212.0 260.0 100.0 until
17928.0 21216.0 268.0 124.0 they
18280.0 21240.0 180.0 88.0 rep-

16336.0 21392.0 496.0 92.0 resented
16920.0 21392.0 172.0 88.0 the
17176.0 21392.0 360.0 112.0 points
17612.0 21384.0 112.0 96.0 of
17792.0 21412.0 60.0 68.0 a
17928.0 21388.0 320.0 108.0 great
18320.0 21388.0 136.0 92.0 tri-

16332.0 21560.0 340.0 112.0 angle.
16448.0 21728.0 352.0 92.0 Naval
16868.0 21728.0 632.0 92.0 authorities
17568.0 21720.0 224.0 100.0 said
17856.0 21720.0 184.0 96.0 the
18108.0 21728.0 388.0 92.0 search

16332.0 21896.0 344.0 92.0 would
16776.0 21896.0 132.0 92.0 be
17004.0 21896.0 516.0 92.0 extended
17620.0 21892.0 628.0 100.0 southward
18348.0 21896.0 112.0 96.0 to-

16320.0 22092.0 464.0 64.0 morrow
16844.0 22064.0 260.0 96.0 until
17160.0 22068.0 180.0 88.0 the
17396.0 22064.0 348.0 92.0 entire
17796.0 22084.0 260.0 68.0 area
18112.0 22064.0 124.0 92.0 of
18272.0 22088.0 188.0 92.0 pos-

16320.0 22208.0 408.0 108.0 sibility
16804.0 22204.0 204.0 88.0 hsd
17092.0 22204.0 256.0 88.0 been
17432.0 22196.0 480.0 96.0 covered.
17992.0 22200.0 344.0 116.0 Then,
18412.0 22204.0 88.0 96.0 if

16320.0 22340.0 184.0 88.0 the
16592.0 22340.0 376.0 88.0 search
17060.0 22336.0 400.0 112.0 proved
17556.0 22340.0 112.0 92.0 to
17752.0 22336.0 124.0 92.0 be
17968.0 22340.0 524.0 112.0 fruitless,

16316.0 22480.0 180.0 92.0 the
16560.0 22476.0 672.0 108.0 Lexington's
17300.0 22476.0 388.0 112.0 planes
17720.0 22476.0 348.0 92.0 would
18108.0 22488.0 384.0 88.0 search

16316.0 22616.0 180.0 88.0 the
16572.0 22636.0 252.0 68.0 area
16904.0 22612.0 340.0 104.0 again.

16428.0 22752.0 296.0 92.0 Rear
16776.0 22748.0 472.0 96.0 Admiral
17304.0 22752.0 124.0 96.0 O.
17488.0 22752.0 124.0 100.0 G.
17668.0 22752.0 444.0 116.0 Murfin,
18168.0 22756.0 284.0 100.0 Four-

16304.0 22892.0 368.0 88.0 teenth
16744.0 22888.0 448.0 92.0 District
17256.0 22888.0 368.0 96.0 Naval
17688.0 22892.0 800.0 104.0 Commandant

16300.0 23028.0 208.0 88.0 and
16576.0 23028.0 384.0 88.0 search
17016.0 23024.0 512.0 116.0 director,
17580.0 23032.0 620.0 116.0 previously
18256.0 23040.0 228.0 92.0 said

16360.0 23260.0 612.0 96.0 Continued
17048.0 23264.0 164.0 92.0 On
17288.0 23268.0 312.0 112.0 Page
17668.0 23276.0 84.0 104.0 S,
17820.0 23268.0 468.0 100.0 Column
18352.0 23280.0 84.0 92.0 8.

16296.0 23680.0 1092.0 104.0 QlMlllftltltlllMIMMlH,,,,,,,,
17404.0 23740.0 412.0 44.0 ,,

17856.0 23728.0 584.0 60.0 MlltllKfllltlfir.

16836.0 23952.0 328.0 140.0 This
17260.0 23960.0 684.0 172.0 Morning

17296.0 24252.0 148.0 84.0 in

16556.0 24424.0 420.0 160.0 THE
17100.0 24432.0 1056.0 208.0 ENQL'IKKK

16296.0 24972.0 36.0 60.0 :
17984.0 24920.0 304.0 112.0 "age

16296.0 25104.0 36.0 60.0 :
16464.0 25068.0 440.0 92.0 Review
16960.0 25072.0 112.0 88.0 of
17136.0 25072.0 328.0 92.0 News
18228.0 25084.0 56.0 96.0 t

16296.0 25204.0 32.0 120.0 I
16460.0 25236.0 584.0 96.0 Editorials
18228.0 25256.0 60.0 88.0 4
18408.0 25220.0 36.0 120.0 i

16292.0 25436.0 36.0 56.0 :
16460.0 25404.0 372.0 96.0 Frank
16892.0 25408.0 120.0 92.0 R.
17076.0 25404.0 284.0 96.0 Kent
18224.0 25428.0 60.0 88.0 4
18404.0 25388.0 40.0 120.0 I

16288.0 25568.0 40.0 120.0 j
16460.0 25572.0 428.0 96.0 Fashioi
16984.0 25576.0 324.0 96.0 News
18224.0 25596.0 56.0 88.0 6

16284.0 25728.0 40.0 128.0 I
16452.0 25744.0 428.0 112.0 Society
16936.0 25744.0 312.0 92.0 News
18220.0 25760.0 56.0 96.0 7

16456.0 25912.0 288.0 96.0 Food
16816.0 25912.0 424.0 96.0 Market
17308.0 25916.0 328.0 100.0 News
18160.0 25928.0 120.0 92.0 1(1

16284.0 26060.0 36.0 124.0 !
16452.0 26084.0 348.0 96.0 Home
16856.0 26084.0 388.0 96.0 Forum
17304.0 26088.0 300.0 112.0 Tnge
18160.0 26096.0 116.0 96.0 10

16444.0 26248.0 344.0 96.0 Serial
16860.0 26252.0 400.0 92.0 Stories
17976.0 26264.0 292.0 92.0 10-11

16280.0 26452.0 36.0 56.0 :
16452.0 26420.0 348.0 92.0 Radio
16868.0 26420.0 584.0 112.0 Programs
18160.0 26432.0 112.0 96.0 11

16448.0 26588.0 540.0 96.0 Woman's
17056.0 26592.0 296.0 116.0 Pnge
18152.0 26600.0 116.0 96.0 11

16276.0 26752.0 36.0 152.0 j
16444.0 26756.0 320.0 92.0 News
16824.0 26768.0 116.0 92.0 of
16992.0 26760.0 180.0 96.0 the
17232.0 26764.0 396.0 92.0 Courts
18152.0 26772.0 116.0 96.0 1?

16276.0 26952.0 32.0 52.0 :
16440.0 26932.0 380.0 104.0 Sports
16944.0 26932.0 384.0 112.0 Danny
17408.0 26936.0 524.0 88.0 Diimin...
18156.0 26940.0 112.0 96.0 14

16276.0 27080.0 36.0 120.0 I
16448.0 27092.0 476.0 100.0 Markets
17052.0 27100.0 484.0 92.0 Finance
18148.0 27104.0 116.0 92.0 20

16272.0 27244.0 36.0 152.0 j
16444.0 27264.0 348.0 92.0 Death
16860.0 27268.0 364.0 92.0 Notice
18144.0 27272.0 116.0 92.0 2S

16272.0 27472.0 32.0 56.0 :
16444.0 27432.0 264.0 92.0 Real
16772.0 27432.0 368.0 92.0 Fstate
17204.0 27432.0 328.0 92.0 News
18140.0 27440.0 116.0 92.0 23

16272.0 27572.0 36.0 120.0 I
16432.0 27596.0 424.0 92.0 Comics
18136.0 27608.0 120.0 92.0 U

16304.0 27856.0 752.0 64.0 UIHMUHHMIIIUIUH

13068.0 28176.0 84.0 76.0 s
