19240 28968
1136.0 1084.0 224.0 164.0 12

6036.0 1092.0 472.0 164.0 THE
6684.0 1072.0 1300.0 200.0 ENQUIRER,
8172.0 1072.0 1524.0 200.0 CINCINNATI,
9920.0 1076.0 972.0 200.0 FRIDAY,
11064.0 1080.0 616.0 168.0 JULY
11852.0 1092.0 160.0 184.0 9,
12220.0 1096.0 556.0 172.0 1937

1440.0 1600.0 912.0 376.0 BUDGET

832.0 2300.0 864.0 236.0 Itemized
1840.0 2308.0 336.0 216.0 For
2328.0 2304.0 608.0 276.0 Board,

832.0 2896.0 688.0 184.0 Including
1772.0 2900.0 680.0 160.0 Provision
2700.0 2912.0 244.0 152.0 For

1072.0 3140.0 1248.0 196.0 Superintendent's
2388.0 3136.0 292.0 160.0 Aid.

812.0 3624.0 272.0 148.0 Hew
1220.0 3636.0 396.0 156.0 Salary
1760.0 3636.0 528.0 132.0 Schedule
2440.0 3640.0 236.0 132.0 Still
2812.0 3632.0 116.0 136.0 In

944.0 3836.0 460.0 164.0 Making
1648.0 3844.0 556.0 132.0 Assistant
2280.0 3840.0 504.0 132.0 Director

1148.0 4044.0 148.0 136.0 Of
1360.0 4040.0 560.0 132.0 Research
1992.0 4044.0 592.0 156.0 Proposed.

900.0 4536.0 180.0 108.0 Dr.
1152.0 4544.0 116.0 100.0 E.
1344.0 4548.0 120.0 96.0 D.
1508.0 4548.0 488.0 108.0 Roberts,
2032.0 4548.0 884.0 116.0 Superintendent

864.0 4712.0 44.0 100.0 f
1040.0 4716.0 460.0 112.0 School,
1640.0 4712.0 208.0 100.0 late
1964.0 4716.0 564.0 116.0 yeeterdsy
2656.0 4736.0 220.0 68.0 com-

784.0 4884.0 356.0 120.0 pleted
1216.0 4888.0 176.0 92.0 the
1476.0 4888.0 672.0 116.0 preparation
2232.0 4884.0 112.0 96.0 of
2424.0 4916.0 136.0 64.0 a,i
2632.0 4888.0 244.0 88.0 item-

780.0 5044.0 232.0 104.0 Ued
1080.0 5048.0 396.0 120.0 budget
1556.0 5056.0 176.0 92.0 for
1804.0 5056.0 164.0 92.0 the
2040.0 5048.0 348.0 96.0 Hoard
2460.0 5048.0 116.0 88.0 of
2652.0 5048.0 220.0 92.0 Edu-

772.0 5220.0 396.0 112.0 cation,
1256.0 5224.0 104.0 96.0 In
1448.0 5224.0 644.0 92.0 accordance
2184.0 5220.0 264.0 92.0 with
2552.0 5216.0 132.0 92.0 iti
2768.0 5212.0 100.0 92.0 In-

772.0 5392.0 516.0 96.0 struction
1404.0 5388.0 124.0 96.0 of
1588.0 5392.0 200.0 92.0 last
1856.0 5388.0 412.0 112.0 Friday.
2440.0 5388.0 152.0 96.0 Id
2648.0 5380.0 252.0 96.0 total

772.0 5552.0 100.0 100.0 la
952.0 5560.0 176.0 92.0 the
1204.0 5580.0 296.0 72.0 tame
1588.0 5580.0 120.0 76.0 ai
1792.0 5556.0 168.0 88.0 the
2044.0 5556.0 520.0 88.0 tentative
2648.0 5548.0 248.0 96.0 total

772.0 5728.0 348.0 92.0 which
1204.0 5728.0 176.0 88.0 the
1464.0 5724.0 332.0 92.0 board
1880.0 5728.0 148.0 84.0 net
2108.0 5728.0 112.0 84.0 at
2312.0 5720.0 232.0 92.0 that
2628.0 5720.0 272.0 100.0 time,

776.0 5888.0 552.0 124.0 $7,519,630.

900.0 6060.0 216.0 100.0 The
1248.0 6060.0 400.0 112.0 budget
1784.0 6056.0 272.0 92.0 Itself
2188.0 6056.0 88.0 96.0 Is
2416.0 6048.0 480.0 112.0 virtually

772.0 6232.0 748.0 112.0 meaningless,
1604.0 6228.0 168.0 92.0 for
1840.0 6224.0 168.0 92.0 the
2076.0 6220.0 332.0 100.0 board
2484.0 6224.0 408.0 108.0 eipecls

780.0 6400.0 120.0 96.0 to
988.0 6404.0 176.0 88.0 cut
1252.0 6404.0 180.0 88.0 the
1536.0 6392.0 264.0 96.0 total
1884.0 6392.0 460.0 112.0 sharply,
2444.0 6388.0 200.0 92.0 and
2736.0 6384.0 120.0 88.0 be-

776.0 6592.0 320.0 72.0 cause
1196.0 6576.0 180.0 84.0 the
1484.0 6564.0 368.0 112.0 Salary
1948.0 6556.0 628.0 96.0 Committee
2704.0 6552.0 120.0 88.0 lm

780.0 6736.0 508.0 124.0 prepared
1400.0 6760.0 60.0 64.0 a
1576.0 6756.0 220.0 68.0 new
1904.0 6728.0 344.0 108.0 salary
2384.0 6716.0 500.0 104.0 achedule,

776.0 6908.0 672.0 116.0 presumably
1520.0 6908.0 112.0 80.0 to
1704.0 6896.0 444.0 112.0 displace
2220.0 6896.0 176.0 84.0 the
2468.0 6884.0 156.0 92.0 old
2692.0 6904.0 184.0 64.0 one

776.0 7072.0 112.0 100.0 In
960.0 7072.0 168.0 92.0 Pr.
1192.0 7068.0 548.0 92.0 Roberta's
1800.0 7064.0 396.0 104.0 budget.

900.0 7244.0 536.0 104.0 However,
1516.0 7240.0 104.0 88.0 in
1692.0 7236.0 76.0 92.0 It
1836.0 7232.0 76.0 88.0 is
1976.0 7252.0 192.0 64.0 one
2244.0 7232.0 584.0 100.0 lnronsplcu-

848.0 7440.0 116.0 68.0 iis
1036.0 7412.0 244.0 96.0 Item
1348.0 7404.0 352.0 92.0 which
1772.0 7404.0 80.0 96.0 is
1916.0 7396.0 312.0 116.0 likely
2308.0 7396.0 108.0 88.0 to
2480.0 7392.0 388.0 84.0 shatter

764.0 7584.0 188.0 88.0 the
1024.0 7596.0 304.0 96.0 peace
1404.0 7576.0 212.0 92.0 and
1696.0 7568.0 272.0 112.0 quiet
2036.0 7560.0 116.0 96.0 of
2224.0 7564.0 176.0 84.0 the
2480.0 7548.0 392.0 96.0 hoard's

760.0 7744.0 388.0 108.0 budget
1248.0 7740.0 452.0 112.0 hearing
1804.0 7728.0 480.0 108.0 Monday.
2452.0 7720.0 236.0 96.0 This
2792.0 7724.0 72.0 76.0 H

752.0 7936.0 144.0 72.0 an
984.0 7932.0 468.0 68.0 increase
1544.0 7900.0 120.0 92.0 of
1748.0 7896.0 352.0 100.0 $18,411
2204.0 7892.0 104.0 88.0 In
2400.0 7892.0 172.0 88.0 the
2656.0 7904.0 168.0 92.0 per-

744.0 8044.0 372.0 92.0 sonnel
1196.0 8040.0 400.0 112.0 budget
1676.0 8036.0 108.0 92.0 of
1860.0 8032.0 164.0 92.0 the
2108.0 8028.0 324.0 88.0 office
2512.0 8024.0 104.0 88.0 of
2696.0 8020.0 128.0 88.0 Su-

736.0 8180.0 756.0 120.0 perintendent
1556.0 8172.0 120.0 92.0 of
1732.0 8168.0 452.0 92.0 Schools.

868.0 8316.0 236.0 108.0 May
1168.0 8312.0 112.0 92.0 10
1340.0 8316.0 184.0 88.0 the
1592.0 8308.0 312.0 88.0 board
1972.0 8320.0 268.0 88.0 gave
2312.0 8304.0 108.0 84.0 to
2480.0 8320.0 56.0 64.0 a
2596.0 8316.0 220.0 64.0 com-

728.0 8456.0 368.0 88.0 tnlttee
1172.0 8448.0 172.0 88.0 the
1424.0 8440.0 252.0 96.0 task
1756.0 8436.0 104.0 96.0 of
1924.0 8432.0 620.0 112.0 conferring
2612.0 8424.0 240.0 88.0 with

724.0 8580.0 192.0 104.0 Dr.
980.0 8584.0 480.0 100.0 Roberts,
1528.0 8576.0 240.0 96.0 who
1828.0 8572.0 84.0 92.0 Is
1984.0 8568.0 448.0 108.0 retiring
2500.0 8588.0 108.0 64.0 as
2680.0 8556.0 132.0 92.0 Su-

728.0 8720.0 748.0 124.0 perintendent
1556.0 8716.0 108.0 88.0 at
1744.0 8732.0 60.0 68.0 a
1872.0 8708.0 352.0 108.0 salary
2300.0 8704.0 116.0 92.0 of
2492.0 8692.0 360.0 112.0 JI2.000

848.0 8884.0 276.0 92.0 year,
1176.0 8856.0 200.0 92.0 leas
1568.0 8852.0 204.0 88.0 cut.
1888.0 8844.0 300.0 88.0 Since
2248.0 8836.0 252.0 92.0 then
2564.0 8832.0 240.0 96.0 noth-

728.0 8996.0 188.0 116.0 ing
972.0 9000.0 184.0 92.0 has
1212.0 8996.0 328.0 92.0 beeen
1608.0 8980.0 308.0 96.0 heard
1980.0 8980.0 112.0 88.0 of
2152.0 8976.0 184.0 88.0 the
2400.0 8964.0 404.0 124.0 proposi-

732.0 9140.0 256.0 88.0 tion.
1100.0 9136.0 300.0 88.0 Soma
1456.0 9124.0 276.0 92.0 have
1784.0 9112.0 456.0 100.0 believed
2300.0 9112.0 172.0 84.0 the
2536.0 9096.0 308.0 100.0 board

740.0 9268.0 488.0 100.0 Intended
1308.0 9276.0 112.0 84.0 to
1508.0 9260.0 340.0 108.0 forget
1924.0 9252.0 108.0 92.0 It.

992.0 9432.0 280.0 100.0 AND
1340.0 9420.0 392.0 100.0 "Yf'.S"
1800.0 9420.0 116.0 92.0 IS
1988.0 9408.0 624.0 104.0 ANSWKK.

872.0 9604.0 176.0 96.0 Dr.
1108.0 9600.0 456.0 100.0 Roberts
1632.0 9612.0 204.0 68.0 was
1900.0 9580.0 324.0 96.0 asked
2296.0 9580.0 196.0 92.0 last
2564.0 9568.0 284.0 112.0 night

752.0 9740.0 92.0 100.0 If
924.0 9744.0 168.0 96.0 the
1168.0 9736.0 480.0 96.0 Increase
1728.0 9728.0 92.0 92.0 In
1896.0 9724.0 208.0 96.0 this
2184.0 9720.0 252.0 92.0 Item
2516.0 9712.0 96.0 92.0 In
2696.0 9704.0 160.0 92.0 his

748.0 9880.0 380.0 116.0 budget
1192.0 9896.0 216.0 72.0 was
1460.0 9860.0 484.0 124.0 partially
2000.0 9868.0 104.0 80.0 to
2160.0 9848.0 248.0 96.0 take
2464.0 9860.0 228.0 76.0 rare
2744.0 9836.0 112.0 96.0 of

752.0 10020.0 184.0 92.0 the
1024.0 10012.0 344.0 108.0 salary
1468.0 10004.0 116.0 92.0 of
1672.0 10028.0 56.0 72.0 a
1816.0 9992.0 440.0 116.0 possible
2352.0 9980.0 504.0 96.0 associate

752.0 10140.0 904.0 128.0 superintendent.
1820.0 10132.0 176.0 92.0 Hn
2108.0 10144.0 408.0 68.0 answer
2648.0 10132.0 208.0 68.0 was

752.0 10284.0 324.0 124.0 "yes."

884.0 10424.0 96.0 92.0 If
1052.0 10424.0 172.0 88.0 the
1300.0 10412.0 336.0 92.0 board
1712.0 10396.0 352.0 100.0 should
2152.0 10392.0 248.0 92.0 take
2488.0 10408.0 124.0 88.0 up
2696.0 10380.0 168.0 92.0 Dr.

752.0 10560.0 396.0 104.0 Robert
1188.0 10580.0 52.0 68.0 s
1304.0 10548.0 396.0 116.0 budget
1764.0 10548.0 236.0 88.0 Item
2068.0 10532.0 132.0 112.0 by
2276.0 10532.0 248.0 84.0 item
2600.0 10520.0 224.0 92.0 Mon-

752.0 10708.0 236.0 108.0 day,
1056.0 10700.0 64.0 88.0 it
1204.0 10708.0 464.0 96.0 appears
1740.0 10684.0 208.0 92.0 that
2028.0 10676.0 184.0 84.0 the
2292.0 10668.0 176.0 88.0 hot
2544.0 10664.0 276.0 88.0 chest-

752.0 10848.0 192.0 84.0 nut
1020.0 10832.0 204.0 92.0 will
1304.0 10832.0 120.0 88.0 he
1508.0 10820.0 364.0 96.0 hauled
1944.0 10820.0 180.0 80.0 out
2208.0 10808.0 112.0 88.0 of
2400.0 10804.0 168.0 88.0 the
2644.0 10800.0 220.0 92.0 fue.

744.0 10976.0 224.0 100.0 The
1028.0 10968.0 320.0 96.0 board
1424.0 10988.0 244.0 88.0 may
1732.0 10964.0 248.0 88.0 have
2056.0 10960.0 108.0 76.0 to
2236.0 10968.0 56.0 84.0 R
2436.0 10948.0 208.0 88.0 I"'0

812.0 11120.0 336.0 84.0 eutlve
1208.0 11112.0 416.0 88.0 aeselon
1688.0 11096.0 324.0 112.0 again.

864.0 11256.0 216.0 92.0 The
1144.0 11248.0 400.0 108.0 budget
1616.0 11240.0 208.0 88.0 alio
1888.0 11228.0 260.0 96.0 rails
2228.0 11228.0 156.0 88.0 for
2456.0 11224.0 164.0 88.0 the
2692.0 11216.0 120.0 92.0 ad-

740.0 11392.0 332.0 96.0 dition
1172.0 11388.0 108.0 88.0 of
1376.0 11404.0 136.0 72.0 an
1616.0 11380.0 500.0 88.0 assistant
2216.0 11364.0 448.0 88.0 director
2756.0 11360.0 96.0 84.0 in

736.0 11536.0 184.0 88.0 tha
980.0 11532.0 416.0 88.0 Bureau
1460.0 11520.0 120.0 88.0 of
1636.0 11512.0 356.0 96.0 School
2068.0 11504.0 524.0 96.0 Research
2652.0 11496.0 196.0 88.0 and

736.0 11676.0 172.0 88.0 for
1052.0 11664.0 828.0 112.0 approximately
2036.0 11664.0 104.0 72.0 li
2288.0 11664.0 564.0 64.0 aniiiuonni

732.0 11808.0 508.0 92.0 teachers.

852.0 11944.0 208.0 92.0 The
1172.0 11940.0 352.0 108.0 figure
1632.0 11932.0 104.0 88.0 of
1836.0 11916.0 524.0 112.0 $T,M.630
2464.0 11940.0 112.0 64.0 as
2676.0 11916.0 172.0 84.0 the

724.0 12084.0 512.0 92.0 tentative
1332.0 12068.0 280.0 96.0 total
1708.0 12088.0 200.0 68.0 was
2000.0 12052.0 420.0 96.0 arrived
2524.0 12060.0 104.0 84.0 at
2720.0 12048.0 128.0 108.0 by

716.0 12224.0 184.0 92.0 tha
992.0 12212.0 316.0 96.0 board
1408.0 12212.0 376.0 104.0 taking
1872.0 12204.0 172.0 88.0 the
2144.0 12192.0 232.0 96.0 1937
2468.0 12188.0 368.0 108.0 budget

708.0 12364.0 124.0 88.0 of
936.0 12348.0 552.0 112.0 $7,148,630,
1600.0 12352.0 240.0 88.0 then
1944.0 12336.0 396.0 108.0 adding
2448.0 12332.0 392.0 88.0 certain

716.0 12500.0 552.0 92.0 Increases,
1392.0 12488.0 388.0 104.0 largest
1892.0 12480.0 112.0 88.0 of
2116.0 12472.0 344.0 92.0 which
2576.0 12488.0 264.0 68.0 were

716.0 12640.0 304.0 92.0 Items
1108.0 12632.0 112.0 92.0 of
1312.0 12624.0 440.0 108.0 $270,000
1840.0 12620.0 160.0 88.0 for
2096.0 12608.0 508.0 120.0 mythical
2696.0 12612.0 96.0 88.0 In-

704.0 12780.0 528.0 88.0 crements
1376.0 12772.0 112.0 84.0 in
1640.0 12756.0 500.0 100.0 tescheis'
2292.0 12772.0 200.0 88.0 pay
2632.0 12744.0 200.0 92.0 and

708.0 12912.0 372.0 104.0 J68.000
1152.0 12920.0 108.0 80.0 to
1336.0 12916.0 408.0 80.0 restore
1816.0 12900.0 232.0 88.0 cuts
2128.0 12892.0 116.0 88.0 of
2316.0 12884.0 236.0 92.0 civil
2632.0 12912.0 156.0 64.0 ser-

700.0 13060.0 228.0 84.0 vice
988.0 13044.0 628.0 116.0 employers.

820.0 13188.0 212.0 96.0 The
1132.0 13180.0 324.0 92.0 hoard
1564.0 13184.0 236.0 88.0 thus
1892.0 13168.0 684.0 104.0 deltbeiately
2672.0 13172.0 144.0 80.0 set

856.0 13324.0 464.0 108.0 too-high
1432.0 13320.0 372.0 112.0 figure,
1900.0 13312.0 168.0 88.0 for
2176.0 13308.0 184.0 88.0 tha
2464.0 13324.0 356.0 68.0 reason

684.0 13476.0 236.0 84.0 that
980.0 13472.0 72.0 84.0 it
1116.0 13488.0 240.0 84.0 may
1412.0 13468.0 184.0 84.0 cut
1652.0 13460.0 168.0 88.0 the
1872.0 13452.0 392.0 108.0 budget
2332.0 13448.0 72.0 88.0 It
2468.0 13444.0 404.0 116.0 finally;

684.0 13612.0 324.0 108.0 adopt
1140.0 13604.0 184.0 92.0 but
1408.0 13608.0 388.0 84.0 cannot
1872.0 13616.0 284.0 68.0 raise
2236.0 13592.0 108.0 84.0 it.
2424.0 13588.0 76.0 84.0 A
2584.0 13584.0 196.0 88.0 bud-

688.0 13760.0 172.0 100.0 get
936.0 13752.0 272.0 84.0 must
1288.0 13740.0 128.0 88.0 be
1492.0 13736.0 364.0 116.0 passed
1932.0 13736.0 132.0 104.0 by
2136.0 13728.0 248.0 108.0 July
2464.0 13728.0 32.0 84.0 1

820.0 13884.0 172.0 92.0 Dr.
1088.0 13880.0 556.0 92.0 Robertas
1732.0 13872.0 196.0 112.0 Joh,
2024.0 13872.0 292.0 96.0 then,
2416.0 13888.0 212.0 68.0 was
2720.0 13872.0 108.0 80.0 to

692.0 14032.0 252.0 84.0 take
1008.0 14024.0 172.0 88.0 the
1244.0 14028.0 532.0 80.0 increases
1832.0 14008.0 204.0 92.0 and
2104.0 14004.0 380.0 112.0 spread
2548.0 14012.0 280.0 80.0 them

776.0 14176.0 108.0 72.0 ut
948.0 14180.0 384.0 84.0 among
1408.0 14160.0 180.0 84.0 the
1664.0 14156.0 416.0 84.0 various
2148.0 14152.0 336.0 80.0 items.

764.0 14324.0 564.0 100.0 Hr.rORT
1404.0 14320.0 384.0 96.0 MILL
1852.0 14320.0 208.0 100.0 1M
2096.0 14312.0 352.0 96.0 OMH
2500.0 14312.0 280.0 88.0 r.TK.
2880.0 14288.0 20.0 36.0 '
3224.0 14284.0 904.0 216.0 SCvBURJT,
4212.0 14400.0 556.0 100.0 CFVTRF

832.0 14500.0 360.0 92.0 Edwin
1292.0 14492.0 124.0 92.0 G.
1524.0 14492.0 420.0 100.0 Becker,
2036.0 14484.0 256.0 112.0 only
2388.0 14484.0 508.0 104.0 member;
3224.0 14412.0 688.0 104.0 51M51RN
4000.0 14412.0 128.0 104.0 IS
4212.0 14412.0 592.0 112.0 SEVERE,

772.0 14644.0 44.0 88.0 f
932.0 14644.0 172.0 84.0 the
1228.0 14636.0 424.0 88.0 boards
1760.0 14632.0 356.0 84.0 salarv
2240.0 14636.0 592.0 76.0 committee
2876.0 14660.0 20.0 60.0 r
3076.0 14596.0 564.0 92.0 Columbus
3764.0 14604.0 296.0 96.0 Ohio.
4148.0 14604.0 252.0 108.0 July
4616.0 14660.0 12.0 8.0 -
4684.0 14608.0 268.0 92.0 lAPt

696.0 14796.0 236.0 72.0 now
1016.0 14776.0 96.0 84.0 in
1200.0 14784.0 328.0 84.0 town,
1612.0 14772.0 216.0 84.0 said
1920.0 14768.0 200.0 84.0 last
2212.0 14764.0 304.0 100.0 n'ght
2600.0 14760.0 232.0 92.0 thst
2872.0 14728.0 20.0 128.0 I
2948.0 14736.0 204.0 92.0 Mis
3252.0 14732.0 316.0 96.0 Janet
3632.0 14736.0 376.0 108.0 Psum.
4060.0 14744.0 44.0 88.0 1
4220.0 14764.0 320.0 96.0 yeaia
4592.0 14748.0 196.0 100.0 eld.
4840.0 14744.0 188.0 100.0 Cm-

688.0 14912.0 132.0 80.0 ha
876.0 14920.0 444.0 72.0 fhourht
1388.0 14924.0 76.0 68.0 it
1532.0 14904.0 448.0 88.0 unlikely
2044.0 14916.0 232.0 72.0 mat
2348.0 14900.0 152.0 88.0 his
2556.0 14920.0 224.0 72.0 com
2864.0 14928.0 16.0 44.0 i
2932.0 14892.0 428.0 80.0 cmnati.
3520.0 14896.0 220.0 64.0 was
3892.0 14880.0 316.0 88.0 taken
4372.0 14900.0 692.0 72.0 unconscious

680.0 15068.0 240.0 76.0 mitt
1124.0 15052.0 352.0 88.0 would
1556.0 15052.0 256.0 84.0 have
1884.0 15056.0 136.0 76.0 tta
2096.0 15036.0 268.0 92.0 final
2444.0 15040.0 372.0 104.0 report.

680.0 15212.0 560.0 96.0 proixsng
1360.0 15212.0 60.0 60.0 a
1528.0 15184.0 508.0 108.0 complete

668.0 15340.0 184.0 80.0 the
912.0 15336.0 352.0 96.0 salary
1324.0 15324.0 524.0 96.0 schedule,
1912.0 15348.0 136.0 64.0 rei

2148.0 15184.0 448.0 84.0 revision
2704.0 15176.0 116.0 88.0 of
2860.0 15168.0 12.0 104.0 ;

2132.0 15320.0 104.0 88.0 )v
2308.0 15324.0 156.0 84.0 for
2528.0 15340.0 280.0 68.0 rear-

672.0 15472.0 180.0 104.0 tng
912.0 15472.0 488.0 104.0 Monday.
1468.0 15468.0 344.0 92.0 Hence
1880.0 15468.0 180.0 84.0 the
2124.0 15460.0 324.0 84.0 board
2512.0 15476.0 84.0 72.0 is
2648.0 15476.0 120.0 64.0 ex-

680.0 15612.0 356.0 108.0 pected
1128.0 15620.0 108.0 76.0 to
1324.0 15608.0 324.0 108.0 adopt
1736.0 15600.0 172.0 96.0 Dr.
1996.0 15600.0 400.0 88.0 Robert
2564.0 15596.0 204.0 88.0 bud-

1172.0 15760.0 104.0 80.0 at
1376.0 15748.0 264.0 84.0 least
1724.0 15752.0 264.0 80.0 most
2080.0 15736.0 120.0 92.0 of
2280.0 15748.0 72.0 76.0 it
2484.0 15748.0 284.0 76.0 tenta

672.0 15892.0 348.0 108.0 tively.
1096.0 15888.0 92.0 92.0 It
1264.0 15908.0 208.0 68.0 can
1552.0 15888.0 296.0 84.0 make
1928.0 15880.0 420.0 104.0 change
2480.0 15884.0 288.0 80.0 theie-

672.0 16032.0 280.0 88.0 af'er
1020.0 16044.0 108.0 76.0 to
1188.0 16028.0 496.0 88.0 conform
1740.0 16032.0 108.0 80.0 to
1912.0 16024.0 184.0 88.0 the
2172.0 16036.0 228.0 72.0 new
2472.0 16016.0 340.0 108.0 salary
2860.0 16032.0 12.0 52.0 ;

676.0 16168.0 520.0 88.0 schedule,
1320.0 16168.0 84.0 88.0 if
1536.0 16180.0 72.0 72.0 it
1732.0 16164.0 372.0 84.0 wishes
2264.0 16156.0 352.0 92.0 before
2740.0 16160.0 76.0 88.0 it
2860.0 16152.0 16.0 76.0 i

680.0 16308.0 372.0 108.0 finally
1156.0 16304.0 424.0 88.0 decides
1676.0 16324.0 124.0 68.0 on
1892.0 16304.0 184.0 84.0 the
2180.0 16304.0 428.0 84.0 amount
2708.0 16296.0 168.0 108.0 of;

684.0 16464.0 372.0 88.0 money
1128.0 16452.0 68.0 80.0 it
1268.0 16456.0 428.0 92.0 expects
1752.0 16452.0 104.0 76.0 to
1916.0 16464.0 120.0 64.0 us
2164.0 16440.0 104.0 84.0 In
2336.0 16436.0 220.0 88.0 19JS
2860.0 16436.0 20.0 76.0 i

808.0 16576.0 248.0 92.0 This
1128.0 16580.0 272.0 88.0 final
1476.0 16584.0 440.0 84.0 decision
2000.0 16596.0 240.0 68.0 mv
2320.0 16572.0 120.0 88.0 be
2512.0 16536.0 368.0 128.0 made!

688.0 16732.0 116.0 76.0 at
944.0 16740.0 128.0 84.0 ny
1140.0 16728.0 260.0 76.0 time
1476.0 16740.0 272.0 64.0 more
1816.0 16716.0 256.0 88.0 thsn
2144.0 16716.0 116.0 76.0 M
2328.0 16712.0 252.0 88.0 dss
2648.0 16708.0 164.0 88.0 be-
2864.0 16740.0 16.0 48.0 i

696.0 16856.0 228.0 88.0 tore
1016.0 16860.0 176.0 80.0 the
1288.0 16856.0 196.0 84.0 fall
1576.0 16856.0 456.0 80.0 election.
2192.0 16848.0 208.0 88.0 The
2496.0 16844.0 312.0 88.0 boaid

700.0 17008.0 276.0 68.0 must
1060.0 17012.0 232.0 88.0 give
1380.0 17004.0 328.0 72.0 notice
1784.0 16992.0 108.0 84.0 of
1968.0 16992.0 180.0 80.0 the
2228.0 17004.0 284.0 68.0 ex'.ia
2592.0 16952.0 288.0 140.0 levy'

700.0 17124.0 84.0 92.0 It
856.0 17128.0 200.0 88.0 will
1128.0 17128.0 248.0 84.0 seek
1456.0 17136.0 100.0 76.0 at
1632.0 17124.0 240.0 88.0 least
1952.0 17128.0 116.0 76.0 SO
2140.0 17124.0 200.0 104.0 dy
2464.0 17120.0 344.0 88.0 befoie

700.0 17264.0 184.0 92.0 the
940.0 17276.0 260.0 76.0 vote.
2860.0 17220.0 20.0 132.0 !

828.0 17392.0 212.0 96.0 The
1128.0 17400.0 272.0 88.0 final
1500.0 17404.0 448.0 88.0 amount,
2044.0 17400.0 284.0 84.0 then,
2412.0 17416.0 184.0 60.0 csu
2696.0 17412.0 116.0 68.0 M
2864.0 17416.0 16.0 116.0 j

704.0 17528.0 208.0 100.0 less
1000.0 17536.0 256.0 84.0 than
1368.0 17532.0 516.0 104.0 V.M9.630
1972.0 17532.0 176.0 88.0 but
2248.0 17544.0 176.0 76.0 nt
2512.0 17552.0 188.0 64.0 mo:
2868.0 17540.0 16.0 120.0 j

708.0 17668.0 96.0 96.0 It
932.0 17668.0 508.0 116.0 prohably
1564.0 17672.0 188.0 84.0 will
1872.0 17668.0 120.0 84.0 be
2116.0 17664.0 404.0 88.0 corside
2540.0 17668.0 280.0 88.0 rthiv
2868.0 17672.0 16.0 108.0 j

712.0 17804.0 228.0 92.0 less.
1092.0 17804.0 272.0 96.0 That
1472.0 17816.0 420.0 80.0 amount
1996.0 17804.0 340.0 88.0 would
2436.0 17820.0 388.0 88.0 requne

788.0 17968.0 56.0 68.0 n
936.0 17956.0 300.0 80.0 extra
1340.0 17948.0 232.0 108.0 levy
1664.0 17944.0 104.0 92.0 of
1856.0 17940.0 208.0 92.0 2.55
2160.0 17940.0 296.0 92.0 mills,
2548.0 17964.0 252.0 60.0 sinci

708.0 18100.0 448.0 76.0 revenue
1224.0 18108.0 232.0 64.0 now
1524.0 18092.0 96.0 80.0 In
1676.0 18084.0 276.0 108.0 sight
2016.0 18080.0 168.0 88.0 for
2244.0 18076.0 220.0 88.0 1938
2520.0 18080.0 308.0 80.0 totals

704.0 18220.0 244.0 112.0 only
1048.0 18220.0 556.0 100.0 $5,404,665.
1772.0 18228.0 76.0 80.0 A
1960.0 18216.0 476.0 88.0 two-mill
2540.0 18224.0 292.0 72.0 extia

708.0 18356.0 232.0 112.0 levy
1008.0 18380.0 220.0 64.0 was
1304.0 18352.0 480.0 92.0 defeated
1860.0 18360.0 112.0 84.0 in
2056.0 18356.0 180.0 88.0 the
2316.0 18352.0 196.0 88.0 lajt
2580.0 18352.0 208.0 84.0 elec

704.0 18496.0 252.0 84.0 tion.

716.0 18792.0 544.0 280.0 Early
1324.0 18788.0 624.0 228.0 Parole
2020.0 18788.0 588.0 284.0 Urged

812.0 19128.0 336.0 220.0 For
1252.0 19128.0 976.0 224.0 Cincinnati
2324.0 19128.0 420.0 220.0 Man

988.0 19460.0 440.0 220.0 Who
1512.0 19464.0 736.0 220.0 Rescues
2340.0 19460.0 496.0 224.0 Child

864.0 19896.0 596.0 108.0 SnndusUy.
1552.0 19900.0 280.0 88.0 Ohio.
1928.0 19900.0 240.0 104.0 July
2272.0 19900.0 52.0 72.0 H
2448.0 19896.0 260.0 84.0 1AP1
2756.0 19948.0 76.0 12.0 ...

736.0 20028.0 420.0 96.0 Colonel
1212.0 20032.0 280.0 96.0 John
1548.0 20032.0 96.0 88.0 C.
1688.0 20028.0 352.0 96.0 Vnlka,
2084.0 20032.0 748.0 84.0 Commandant

752.0 20172.0 108.0 88.0 of
932.0 20172.0 172.0 88.0 the
1184.0 20168.0 480.0 88.0 Soldiers'
1740.0 20172.0 200.0 84.0 and
2032.0 20172.0 380.0 84.0 Ssilois
2520.0 20172.0 328.0 84.0 Home

748.0 20304.0 276.0 100.0 here,
1096.0 20312.0 412.0 100.0 tonight
1592.0 20312.0 208.0 88.0 said
1880.0 20312.0 124.0 80.0 he
2084.0 20308.0 324.0 88.0 would
2484.0 20312.0 364.0 104.0 sppenl

752.0 20456.0 108.0 84.0 to
920.0 20448.0 868.0 104.0 Superintendent
1864.0 20448.0 396.0 84.0 Arthur
2324.0 20444.0 92.0 84.0 1..
2476.0 20444.0 376.0 88.0 tllatke

756.0 20584.0 112.0 88.0 of
948.0 20584.0 172.0 84.0 the
1208.0 20584.0 276.0 88.0 Ohio
1564.0 20588.0 276.0 84.0 State
1936.0 20580.0 720.0 108.0 Reformatory
2748.0 20600.0 104.0 72.0 at

760.0 20716.0 572.0 96.0 Mansfield
1428.0 20724.0 160.0 88.0 for
1672.0 20744.0 124.0 64.0 an
1896.0 20724.0 280.0 108.0 rally
2276.0 20724.0 328.0 100.0 parole
2692.0 20724.0 168.0 84.0 fur

764.0 20856.0 356.0 92.0 James
1192.0 20860.0 396.0 104.0 Cuyna,
1656.0 20856.0 108.0 88.0 SO
1828.0 20880.0 304.0 88.0 years
2204.0 20860.0 188.0 84.0 old.
2460.0 20860.0 104.0 80.0 of
2628.0 20860.0 192.0 80.0 Cin-

760.0 20996.0 432.0 88.0 cinnati.
1320.0 20992.0 388.0 108.0 Cuyns,
1768.0 21020.0 132.0 64.0 an
1976.0 21000.0 308.0 84.0 honor
2364.0 21016.0 292.0 84.0 camp
2728.0 21000.0 96.0 80.0 In-

764.0 21148.0 276.0 72.0 mate
1096.0 21132.0 528.0 88.0 stationed
1680.0 21144.0 92.0 80.0 at
1836.0 21140.0 180.0 80.0 the
2072.0 21136.0 324.0 92.0 home,
2440.0 21136.0 420.0 84.0 rescued

768.0 21292.0 132.0 68.0 an
984.0 21272.0 688.0 88.0 unidentified
1748.0 21268.0 276.0 92.0 child
2116.0 21272.0 264.0 84.0 fiom
2460.0 21288.0 48.0 60.0 a
2600.0 21272.0 272.0 100.0 pond

768.0 21420.0 108.0 76.0 at
952.0 21412.0 168.0 84.0 the
1200.0 21412.0 308.0 88.0 home
1576.0 21412.0 336.0 104.0 today.
2052.0 21404.0 412.0 92.0 Colonel
2544.0 21400.0 328.0 92.0 Vnlkn

764.0 21548.0 224.0 84.0 asid
1092.0 21544.0 372.0 112.0 Cuyna
1572.0 21548.0 416.0 108.0 Jumped
2108.0 21548.0 248.0 104.0 fully
2464.0 21540.0 408.0 92.0 rlothe.l

772.0 21684.0 216.0 88.0 Into
1060.0 21680.0 208.0 92.0 five
1348.0 21688.0 192.0 84.0 feet
1624.0 21692.0 100.0 84.0 of
1800.0 21692.0 332.0 76.0 water
2208.0 21692.0 100.0 76.0 to
2384.0 21700.0 232.0 64.0 snve
2696.0 21684.0 180.0 84.0 the

768.0 21820.0 304.0 84.0 child.

772.0 22108.0 616.0 156.0 SWEETS
1460.0 22112.0 172.0 144.0 TO
1704.0 22112.0 180.0 144.0 BE
1964.0 22112.0 760.0 148.0 PRESENTS

876.0 22340.0 176.0 148.0 OF
1128.0 22344.0 476.0 148.0 CANDY
1672.0 22344.0 652.0 152.0 JOBBERS
2396.0 22344.0 484.0 148.0 PICNIC

900.0 22680.0 280.0 92.0 More
1264.0 22688.0 256.0 80.0 than
1592.0 22684.0 248.0 88.0 5.0tO
1904.0 22684.0 472.0 88.0 children
2448.0 22684.0 196.0 88.0 will
2728.0 22708.0 112.0 68.0 re-

768.0 22832.0 288.0 72.0 ceive
1112.0 22820.0 268.0 100.0 bags
1436.0 22820.0 100.0 88.0 of
1592.0 22824.0 320.0 104.0 candy
1976.0 22836.0 96.0 72.0 at
2140.0 22820.0 336.0 108.0 Coney
2516.0 22820.0 360.0 92.0 Island

780.0 22952.0 668.0 116.0 Wednesday
1524.0 22976.0 108.0 64.0 as
1708.0 22980.0 192.0 64.0 one
1980.0 22964.0 104.0 80.0 of
2164.0 22964.0 172.0 88.0 the
2416.0 22960.0 468.0 88.0 features

680.0 23148.0 16.0 28.0 .
776.0 23092.0 116.0 88.0 of
972.0 23092.0 184.0 84.0 the
1244.0 23096.0 544.0 84.0 twentieth
1864.0 23104.0 392.0 84.0 annuRl
2332.0 23100.0 352.0 104.0 outing
2768.0 23100.0 116.0 84.0 of

676.0 23216.0 24.0 48.0 '
776.0 23224.0 180.0 88.0 the
1032.0 23228.0 600.0 88.0 Cinclnnsti
1708.0 23228.0 364.0 104.0 Candy
2160.0 23228.0 444.0 92.0 Jobbers'
2692.0 23236.0 152.0 88.0 As-

780.0 23364.0 552.0 88.0 sociation.
908.0 23492.0 528.0 96.0 Contests,
1548.0 23492.0 380.0 108.0 special
2044.0 23504.0 848.0 100.0 enteitainment,

780.0 23636.0 208.0 88.0 and
1076.0 23656.0 60.0 68.0 a
1232.0 23632.0 428.0 92.0 reunion
1752.0 23640.0 308.0 104.0 party
2152.0 23640.0 156.0 84.0 for
2388.0 23644.0 284.0 84.0 those
2780.0 23652.0 108.0 80.0 in

784.0 23768.0 176.0 88.0 the
1012.0 23772.0 348.0 108.0 candy
1416.0 23772.0 464.0 88.0 business
1936.0 23772.0 208.0 84.0 will
2200.0 23776.0 116.0 84.0 be
2368.0 23780.0 520.0 104.0 provided.

784.0 23896.0 324.0 100.0 Ernie
1168.0 23904.0 468.0 92.0 Wichert
1692.0 23904.0 204.0 88.0 will
1968.0 23904.0 124.0 88.0 be
2160.0 23908.0 548.0 96.0 Chairman
2780.0 23920.0 112.0 84.0 of

784.0 24036.0 440.0 92.0 athletic
1304.0 24048.0 380.0 80.0 events.

904.0 24172.0 216.0 92.0 The
1232.0 24172.0 856.0 92.0 Enteitainment
2252.0 24176.0 644.0 100.0 Committee,

780.0 24312.0 580.0 108.0 appointed
1520.0 24312.0 552.0 116.0 yesterday
2224.0 24312.0 124.0 120.0 by
2500.0 24320.0 396.0 88.0 Walter

784.0 24440.0 332.0 108.0 Dietz,
1312.0 24448.0 572.0 100.0 President,
2060.0 24452.0 452.0 88.0 includes
2696.0 24452.0 200.0 92.0 Ix-e

784.0 24580.0 740.0 108.0 Riestenbeig,
1644.0 24580.0 624.0 104.0 Chairman;
2400.0 24592.0 112.0 84.0 (J.
2640.0 24592.0 260.0 92.0 Otto

792.0 24712.0 584.0 108.0 Ehrhardt,
1432.0 24720.0 348.0 92.0 Alfred
1840.0 24720.0 380.0 100.0 Wicse,
2276.0 24716.0 304.0 96.0 Einie
2636.0 24728.0 228.0 88.0 Wie-

784.0 24848.0 264.0 104.0 hert,
1152.0 24856.0 364.0 112.0 Byron
1596.0 24852.0 244.0 104.0 Ebr,
1928.0 24856.0 452.0 96.0 William
2468.0 24864.0 432.0 100.0 Becker,

788.0 24984.0 476.0 100.0 Richard
1368.0 24992.0 392.0 104.0 Menke,
1860.0 24988.0 236.0 116.0 Ray
2188.0 24996.0 400.0 104.0 Bigner,
2688.0 25008.0 212.0 84.0 and

784.0 25116.0 372.0 104.0 Lester
1232.0 25124.0 480.0 96.0 Buerkel.

912.0 25260.0 728.0 116.0 Riestenberg.
1776.0 25264.0 316.0 96.0 Peter
2224.0 25268.0 420.0 108.0 Minges,
2788.0 25276.0 124.0 100.0 R,

784.0 25388.0 528.0 112.0 Johnson,
1404.0 25396.0 472.0 100.0 Buerkel.
1972.0 25404.0 204.0 88.0 and
2268.0 25408.0 424.0 92.0 Charles
2792.0 25412.0 116.0 88.0 E.

796.0 25524.0 588.0 96.0 Schneider
1420.0 25552.0 168.0 68.0 are
1620.0 25552.0 132.0 68.0 on
1792.0 25536.0 180.0 84.0 the
2048.0 25536.0 500.0 112.0 Publicity
2612.0 25544.0 260.0 88.0 Com-

796.0 25668.0 400.0 92.0 mittee.
796.0 25960.0 724.0 120.0 SHOOTING
1620.0 25964.0 364.0 116.0 ENDS
2084.0 25964.0 840.0 128.0 ARGUMENT.

924.0 26164.0 164.0 100.0 An
1184.0 26176.0 556.0 96.0 argument
1832.0 26188.0 256.0 68.0 over
2180.0 26176.0 380.0 84.0 service
2656.0 26176.0 108.0 88.0 in
2868.0 26196.0 56.0 68.0 a

804.0 26308.0 632.0 88.0 restaurant
1516.0 26308.0 104.0 84.0 at
1708.0 26304.0 176.0 92.0 409
1976.0 26304.0 424.0 96.0 Carlisle
2488.0 26312.0 436.0 92.0 Avenue

804.0 26444.0 580.0 112.0 yesterday
1440.0 26440.0 448.0 92.0 resulted
1948.0 26444.0 100.0 88.0 in
2104.0 26444.0 280.0 92.0 Effie
2436.0 26448.0 468.0 92.0 Thomas

804.0 26580.0 120.0 92.0 39
1000.0 26604.0 324.0 88.0 years
1408.0 26580.0 188.0 108.0 old,
1680.0 26580.0 388.0 112.0 Negro,
2152.0 26588.0 224.0 88.0 that
2460.0 26588.0 444.0 88.0 address

804.0 26720.0 324.0 116.0 being
1196.0 26724.0 240.0 84.0 shot
1500.0 26724.0 96.0 92.0 In
1660.0 26720.0 184.0 92.0 the
1916.0 26720.0 192.0 88.0 left
2172.0 26724.0 480.0 88.0 shoulder
2720.0 26728.0 212.0 84.0 and

808.0 26856.0 308.0 96.0 knee.
1216.0 26860.0 536.0 92.0 Detective
1852.0 26856.0 372.0 92.0 Alfred
2308.0 26860.0 368.0 88.0 Kaiser
2780.0 26884.0 120.0 68.0 ar-

804.0 26996.0 360.0 96.0 reated
1288.0 26996.0 360.0 92.0 Erthel
1760.0 26996.0 444.0 104.0 Rollins,
2312.0 27000.0 132.0 100.0 2,
2552.0 26996.0 384.0 112.0 Negro,

800.0 27136.0 184.0 92.0 425
1040.0 27132.0 456.0 100.0 Carlisle
1552.0 27140.0 464.0 100.0 Avenue,
2080.0 27156.0 60.0 68.0 a
2208.0 27140.0 496.0 96.0 waitress,
2776.0 27140.0 164.0 88.0 for

804.0 27276.0 796.0 108.0 Investigation.
1676.0 27276.0 392.0 88.0 Kaiser
2148.0 27276.0 468.0 108.0 reported
2700.0 27280.0 236.0 84.0 that

800.0 27420.0 188.0 92.0 the
1060.0 27424.0 492.0 80.0 waitress
1608.0 27416.0 244.0 88.0 shot
1924.0 27412.0 184.0 92.0 the
2176.0 27436.0 400.0 68.0 woman
2652.0 27416.0 292.0 88.0 afler

808.0 27556.0 180.0 92.0 the
1076.0 27556.0 284.0 92.0 later
1444.0 27552.0 416.0 92.0 refused
1952.0 27556.0 112.0 88.0 to
2148.0 27552.0 120.0 92.0 be
2348.0 27552.0 368.0 88.0 served
2812.0 27548.0 128.0 112.0 by

816.0 27688.0 184.0 92.0 her
1076.0 27692.0 220.0 92.0 and
1372.0 27688.0 244.0 96.0 used
1688.0 27692.0 208.0 88.0 vile
1980.0 27712.0 384.0 76.0 names.
2440.0 27688.0 220.0 96.0 The
2736.0 27688.0 172.0 88.0 vic

812.0 27832.0 200.0 104.0 tim
1208.0 27852.0 136.0 76.0 m
1424.0 27836.0 408.0 100.0 b-eaiad
1912.0 27836.0 128.0 96.0 M
2124.0 27828.0 452.0 120.0 Pan!
2668.0 27824.0 280.0 112.0 Boa-

812.0 27968.0 344.0 120.0 tfta.

3260.0 1616.0 532.0 212.0 Heads
3920.0 1620.0 1064.0 212.0 Prosecutors

5036.0 3200.0 48.0 132.0 i

3116.0 6304.0 152.0 96.0 Il
3320.0 6300.0 352.0 92.0 DI.KV
3748.0 6300.0 148.0 88.0 Ml
3924.0 6296.0 244.0 96.0 1.1,1s
4196.0 6304.0 88.0 92.0 K
4348.0 6300.0 656.0 100.0 OlTC'AtX

3244.0 6504.0 440.0 100.0 Ontnilt,
3868.0 6496.0 544.0 100.0 Hamilton
4600.0 6500.0 404.0 108.0 ('utility

3120.0 6644.0 644.0 104.0 I'roseciitor,
3864.0 6668.0 144.0 64.0 hb
4168.0 6644.0 404.0 92.0 Hrrlrd
4684.0 6644.0 276.0 88.0 Presi-

3108.0 6784.0 244.0 88.0 dent
3412.0 6788.0 104.0 88.0 of
3584.0 6780.0 180.0 88.0 till'
3832.0 6780.0 264.0 92.0 Ohio
4164.0 6780.0 480.0 92.0 Asoi-lnt
4704.0 6812.0 128.0 68.0 mi
4896.0 6772.0 112.0 100.0 of

3132.0 6916.0 672.0 108.0 Prosecuting
3928.0 6912.0 572.0 112.0 Attorneys
4624.0 6928.0 340.0 96.0 y,ler-

3136.0 7060.0 164.0 108.0 Iy
3384.0 7060.0 104.0 84.0 at
3580.0 7056.0 184.0 88.0 the
3852.0 7056.0 332.0 92.0 Cedar
4288.0 7056.0 336.0 104.0 Point,
4712.0 7056.0 292.0 104.0 Ohl...

3104.0 7192.0 656.0 92.0 contention.
3932.0 7196.0 432.0 92.0 Nlthnlu
4580.0 7228.0 112.0 60.0 ,i
4740.0 7188.0 268.0 104.0 hinil,

3112.0 7340.0 28.0 84.0 I
3164.0 7344.0 96.0 80.0 In
3340.0 7344.0 200.0 96.0 tun,
3684.0 7360.0 148.0 64.0 m
3892.0 7332.0 388.0 92.0 (lumen
4448.0 7336.0 156.0 84.0 lie
4680.0 7332.0 276.0 92.0 Presi-

3100.0 7476.0 276.0 104.0 dent,
3520.0 7476.0 216.0 88.0 Mini
3900.0 7476.0 376.0 88.0 Ni'liim
4432.0 7468.0 572.0 112.0 Campbell,

3100.0 7612.0 348.0 88.0 Miiiint
3544.0 7608.0 404.0 108.0 (illcad,
4036.0 7616.0 588.0 104.0 Secretary.

3184.0 8008.0 440.0 376.0 ZOO
3784.0 8008.0 1112.0 376.0 GARDENS

2964.0 8712.0 160.0 132.0 To

3260.0 8712.0 64.0 124.0 II
3348.0 8752.0 156.0 84.0 ('III
3528.0 8756.0 52.0 80.0 It
3600.0 8716.0 104.0 120.0 ill

3844.0 8712.0 76.0 124.0 II
3948.0 8752.0 236.0 84.0 mm'
4312.0 8716.0 152.0 116.0 Of
4588.0 8712.0 512.0 132.0 "Susie,"

3108.0 8908.0 452.0 136.0 Triiini-il
3640.0 8916.0 400.0 128.0 (Lirilla

4284.0 8908.0 72.0 128.0 V
4456.0 8920.0 20.0 120.0 l
4500.0 8952.0 124.0 92.0 lie
4780.0 8916.0 28.0 124.0 1
4832.0 8920.0 128.0 116.0 00

3288.0 9120.0 108.0 128.0 In
3472.0 9128.0 592.0 120.0 liMcnliirv
4136.0 9124.0 144.0 120.0 (if
4352.0 9120.0 424.0 124.0 KsUlr.

3100.0 9628.0 516.0 108.0 Although
3772.0 9624.0 440.0 104.0 "Susie,"
4364.0 9632.0 176.0 84.0 tha
4692.0 9624.0 392.0 96.0 trained

2980.0 9772.0 368.0 112.0 gorilla
3412.0 9776.0 108.0 76.0 at
3600.0 9764.0 180.0 92.0 the
3856.0 9760.0 220.0 108.0 Zoo,
4152.0 9768.0 248.0 88.0 does
4480.0 9768.0 168.0 84.0 not
4736.0 9760.0 352.0 108.0 belong

2980.0 9912.0 116.0 88.0 to
3188.0 9908.0 168.0 88.0 the
3440.0 9896.0 240.0 112.0 Zoo,
3772.0 9904.0 180.0 88.0 she
4048.0 9896.0 508.0 120.0 probably
4656.0 9900.0 196.0 92.0 will
4952.0 9920.0 108.0 68.0 re-

2984.0 10052.0 288.0 84.0 main
3344.0 10040.0 320.0 92.0 there.

3096.0 10176.0 244.0 92.0 This
3412.0 10200.0 216.0 68.0 was
3704.0 10172.0 304.0 96.0 made
4084.0 10172.0 384.0 96.0 known
4536.0 10172.0 548.0 116.0 yesterday

2972.0 10312.0 284.0 96.0 after
3360.0 10336.0 124.0 64.0 an
3600.0 10316.0 548.0 112.0 Inventory
4256.0 10312.0 104.0 88.0 of
4476.0 10316.0 176.0 88.0 the
4760.0 10316.0 324.0 84.0 estate

2984.0 10452.0 116.0 88.0 of
3184.0 10448.0 380.0 96.0 Rnheri
3640.0 10452.0 96.0 88.0 J.
3812.0 10448.0 492.0 108.0 Sullivan,
4384.0 10448.0 212.0 88.0 lata
4680.0 10472.0 92.0 88.0 pi
4808.0 10452.0 288.0 96.0 Inter,

2980.0 10608.0 220.0 68.0 was
3292.0 10588.0 236.0 92.0 filed
3632.0 10592.0 248.0 84.0 with
3980.0 10584.0 332.0 108.0 Judge
4412.0 10584.0 452.0 88.0 Wllltnm
4968.0 10580.0 112.0 96.0 K.

2980.0 10716.0 452.0 96.0 l.urdeis
3504.0 10724.0 100.0 88.0 In
3688.0 10720.0 444.0 92.0 Probate
4200.0 10720.0 352.0 92.0 Court.
4628.0 10720.0 456.0 92.0 Sullivan

2980.0 10880.0 220.0 68.0 was
3284.0 10864.0 164.0 84.0 the
3540.0 10880.0 356.0 68.0 owner
3980.0 10860.0 104.0 88.0 of
4168.0 10852.0 444.0 100.0 'Susie,"
4712.0 10856.0 376.0 108.0 having

2976.0 10992.0 576.0 112.0 purchased
3672.0 10996.0 184.0 88.0 her
3952.0 10992.0 396.0 92.0 aeveial
4456.0 11016.0 308.0 88.0 years
4860.0 11012.0 220.0 84.0 sgo.

2984.0 11124.0 164.0 92.0 lie
3236.0 11132.0 360.0 88.0 tumid
3688.0 11128.0 180.0 92.0 her
3944.0 11152.0 240.0 68.0 over
4268.0 11140.0 104.0 80.0 to
4456.0 11128.0 172.0 88.0 the
4712.0 11128.0 196.0 88.0 Zoo
4988.0 11144.0 108.0 76.0 to

2976.0 11264.0 128.0 88.0 be
3172.0 11272.0 296.0 84.0 csied
3560.0 11272.0 164.0 88.0 for
3796.0 11272.0 312.0 84.0 tlieie.

3096.0 11400.0 516.0 112.0 Although
3676.0 11404.0 400.0 92.0 offeied
4136.0 11428.0 136.0 84.0 up
4328.0 11408.0 112.0 88.0 to
4496.0 11404.0 372.0 92.0 S.Vi.OOO
4924.0 11404.0 140.0 92.0 foi

2968.0 11540.0 184.0 84.0 the
3228.0 11540.0 420.0 104.0 animal,
3736.0 11544.0 68.0 84.0 It
3892.0 11540.0 84.0 88.0 la
4052.0 11540.0 260.0 100.0 stud,
4396.0 11540.0 468.0 92.0 Sullivan
4944.0 11544.0 96.0 88.0 al-

2968.0 11700.0 284.0 68.0 wuvs
3328.0 11680.0 416.0 88.0 irfused
3824.0 11688.0 104.0 80.0 to
4000.0 11688.0 228.0 96.0 part
4312.0 11684.0 260.0 84.0 with
4648.0 11680.0 204.0 84.0 her.
4928.0 11676.0 152.0 88.0 He

2964.0 11812.0 204.0 88.0 had
3256.0 11812.0 372.0 92.0 turned
3712.0 11812.0 296.0 92.0 down
4088.0 11836.0 64.0 64.0 a
4232.0 11820.0 448.0 84.0 number
4756.0 11820.0 108.0 88.0 of
4932.0 11816.0 112.0 88.0 of-

2968.0 11948.0 224.0 88.0 fers
3296.0 11952.0 264.0 88.0 fiom
3676.0 11956.0 456.0 84.0 circuses
4244.0 11956.0 212.0 92.0 and
4576.0 11948.0 504.0 112.0 liavellng

2956.0 12088.0 564.0 88.0 showmen.

3088.0 12220.0 136.0 88.0 As
3300.0 12244.0 60.0 68.0 a
3444.0 12228.0 240.0 104.0 pail
3768.0 12220.0 108.0 92.0 of
3964.0 12220.0 156.0 88.0 his
4204.0 12232.0 376.0 96.0 rstate,
4664.0 12228.0 168.0 84.0 the
4912.0 12248.0 132.0 80.0 ap-

2956.0 12376.0 456.0 88.0 praiser
3492.0 12380.0 148.0 60.0 we
3664.0 12380.0 96.0 60.0 if
3832.0 12360.0 332.0 88.0 tailed
4252.0 12380.0 280.0 88.0 upon
4612.0 12372.0 108.0 80.0 to
4796.0 12364.0 280.0 108.0 place

2956.0 12520.0 64.0 68.0 a
3080.0 12492.0 292.0 88.0 value
3432.0 12516.0 280.0 84.0 upon
3772.0 12500.0 172.0 84.0 the
4000.0 12496.0 404.0 108.0 gorilla.
4496.0 12504.0 32.0 80.0 1
4568.0 12500.0 188.0 112.0 hey
4816.0 12524.0 264.0 68.0 were

2952.0 12632.0 512.0 88.0 Informed
3548.0 12636.0 232.0 84.0 that
3860.0 12632.0 172.0 84.0 the
4108.0 12636.0 284.0 88.0 liens
4468.0 12636.0 132.0 88.0 do
4680.0 12648.0 168.0 76.0 not
4932.0 12660.0 96.0 64.0 in-

2944.0 12768.0 252.0 84.0 tend
3284.0 12776.0 104.0 76.0 to
3476.0 12776.0 244.0 100.0 pail
3812.0 12768.0 244.0 88.0 with
4156.0 12768.0 212.0 104.0 her,
4468.0 12772.0 180.0 88.0 but
4740.0 12776.0 332.0 88.0 desiie

2948.0 12904.0 116.0 84.0 to
3168.0 12900.0 256.0 92.0 have
3536.0 12904.0 192.0 88.0 her
3832.0 12912.0 400.0 84.0 lemain
4340.0 12920.0 108.0 80.0 at
4568.0 12908.0 176.0 84.0 the
4848.0 12904.0 224.0 100.0 Zoo.

2940.0 13040.0 344.0 84.0 wheie
3364.0 13040.0 192.0 88.0 she
3648.0 13060.0 236.0 88.0 may
3972.0 13040.0 116.0 88.0 be
4176.0 13044.0 228.0 88.0 well
4488.0 13044.0 308.0 92.0 raied
4884.0 13044.0 152.0 96.0 for

2940.0 13168.0 140.0 92.0 So
3144.0 13172.0 164.0 84.0 the
3372.0 13184.0 608.0 104.0 appraiceis
4052.0 13180.0 304.0 88.0 listed
4428.0 13180.0 236.0 88.0 her:

3076.0 13308.0 272.0 88.0 "One
3460.0 13312.0 408.0 104.0 goiilla,
3984.0 13312.0 388.0 96.0 known
4488.0 13340.0 124.0 68.0 as
4732.0 13316.0 340.0 96.0 'Susie'

2940.0 13452.0 208.0 84.0 and
3216.0 13448.0 232.0 104.0 kept
3524.0 13464.0 112.0 76.0 at
3708.0 13456.0 172.0 84.0 the
3944.0 13452.0 616.0 92.0 Cincinnati
4624.0 13452.0 404.0 112.0 Zoologi-

2936.0 13588.0 168.0 84.0 cal
3152.0 13584.0 512.0 96.0 Caiden.
3712.0 13584.0 640.0 104.0 Cincinnati.
4408.0 13592.0 300.0 100.0 Ohm,
4768.0 13588.0 244.0 100.0 $100.
5052.0 13600.0 24.0 32.0 '

3060.0 13720.0 212.0 88.0 The
3352.0 13728.0 264.0 84.0 total
3700.0 13728.0 300.0 88.0 value
4084.0 13724.0 112.0 88.0 of
4284.0 13724.0 556.0 96.0 Sulhvan's
4920.0 13760.0 144.0 60.0 es-

2940.0 13860.0 252.0 80.0 tate.
3508.0 13860.0 364.0 88.0 shown

3980.0 13864.0 128.0 104.0 by
4212.0 13868.0 176.0 84.0 the
4500.0 13876.0 572.0 100.0 inventory.

2948.0 14012.0 88.0 64.0 is
3148.0 13980.0 212.0 104.0 iV.i
3408.0 13996.0 160.0 84.0 1M

2948.0 14140.0 464.0 76.0 seCiititu
3456.0 14160.0 64.0 56.0 s.

3860.0 14000.0 392.0 120.0 chielly
4368.0 14024.0 104.0 64.0 in
4584.0 14012.0 548.0 108.0 gilt-eo.ge'

2936.0 15016.0 276.0 88.0 from
3288.0 15036.0 60.0 64.0 a
3436.0 15012.0 196.0 92.0 bus
3712.0 15028.0 108.0 76.0 to
3904.0 15036.0 60.0 68.0 a
4048.0 15016.0 464.0 108.0 hospital
4604.0 15024.0 236.0 88.0 here
4924.0 15036.0 140.0 76.0 to

2932.0 15152.0 292.0 100.0 siiRht
3300.0 15148.0 540.0 116.0 suffering
3920.0 15148.0 272.0 100.0 from
4280.0 15156.0 252.0 88.0 heat
4612.0 15168.0 444.0 100.0 proetra-

2924.0 15300.0 228.0 76.0 "rB
3316.0 15312.0 52.0 64.0 "
3612.0 15312.0 220.0 68.0 evi
4012.0 15292.0 484.0 92.0 sunburn
4592.0 15300.0 464.0 88.0 lerehed

2924.0 15440.0 116.0 72.0 at
3204.0 15424.0 592.0 108.0 Sandusky.
3956.0 15424.0 220.0 92.0 The
4344.0 15440.0 712.0 100.0 temperature

2928.0 15564.0 436.0 84.0 res'-hrd
3436.0 15560.0 116.0 88.0 93
3660.0 15588.0 100.0 60.0 or
3828.0 15588.0 56.0 68.0 a
3944.0 15588.0 380.0 68.0 sesson
4392.0 15572.0 356.0 88.0 record
4816.0 15572.0 240.0 84.0 here

2980.0 15700.0 260.0 76.0 fvtv
3340.0 15700.0 172.0 84.0 h.t
3620.0 15700.0 252.0 84.0 Istet
3972.0 15704.0 468.0 92.0 dropped
4536.0 15716.0 108.0 64.0 tn
4728.0 15704.0 96.0 84.0 81

3584.0 16352.0 1072.0 944.0 T'S

3664.0 17696.0 416.0 544.0 To
4320.0 17696.0 1088.0 656.0 guard
5632.0 17840.0 848.0 528.0 your
6720.0 17712.0 1136.0 544.0 health
8112.0 17696.0 1472.0 560.0 demand

4032.0 23364.0 212.0 204.0 r
5636.0 23416.0 160.0 128.0 v

3916.0 23688.0 208.0 380.0 J
5324.0 23804.0 184.0 336.0 f
8248.0 24032.0 36.0 28.0 .
8468.0 23764.0 536.0 376.0 J0

3904.0 27544.0 840.0 168.0 ,.,.:..,..
5832.0 27528.0 48.0 72.0 '
7912.0 27504.0 440.0 192.0 -y
8824.0 27512.0 1216.0 152.0 aVvMVHl..
14352.0 27472.0 72.0 216.0 l

5532.0 1804.0 1280.0 240.0 county
6868.0 1820.0 316.0 184.0 and
7280.0 1816.0 948.0 296.0 pnT
8368.0 1824.0 464.0 288.0 TR
8912.0 1820.0 612.0 292.0 TQ

5720.0 2108.0 868.0 172.0 FFDFR
6648.0 2096.0 360.0 184.0 AT.
7280.0 2024.0 2244.0 236.0 VVUiVlO

5796.0 2308.0 16.0 20.0 .
5896.0 2280.0 348.0 56.0 M.w
6280.0 2280.0 144.0 52.0 aW

5256.0 2664.0 720.0 184.0 Relatives
6120.0 2668.0 216.0 172.0 On
6488.0 2652.0 436.0 176.0 Other
7068.0 2644.0 336.0 184.0 Side

5704.0 2932.0 152.0 180.0 In
5956.0 2936.0 596.0 176.0 Divorce
6648.0 2916.0 312.0 180.0 Suit

5380.0 3404.0 320.0 92.0 After
5784.0 3400.0 500.0 116.0 listening
6368.0 3392.0 292.0 96.0 while
6744.0 3384.0 168.0 92.0 hli
7000.0 3380.0 388.0 108.0 father,

5256.0 3568.0 476.0 116.0 brother,
5808.0 3576.0 208.0 96.0 and
6112.0 3560.0 452.0 100.0 sister-ln
6584.0 3556.0 232.0 92.0 -law
6912.0 3548.0 472.0 96.0 testified

5252.0 3744.0 440.0 108.0 against
5760.0 3740.0 248.0 104.0 him,
6084.0 3736.0 448.0 96.0 William
6600.0 3724.0 108.0 96.0 C.
6780.0 3720.0 424.0 112.0 Jacobs,
7272.0 3720.0 120.0 96.0 40

5248.0 3932.0 264.0 96.0 year
5652.0 3908.0 196.0 108.0 old,
5928.0 3908.0 236.0 96.0 3339
6248.0 3900.0 304.0 96.0 Wood
6572.0 3892.0 264.0 92.0 hum
6920.0 3892.0 464.0 104.0 Avenue,

5252.0 4080.0 340.0 92.0 heard
5668.0 4080.0 340.0 108.0 Judge
6092.0 4076.0 508.0 92.0 Hoffman
6676.0 4068.0 324.0 108.0 grant
7216.0 4060.0 128.0 92.0 de

5244.0 4272.0 248.0 68.0 cree
5580.0 4252.0 108.0 92.0 to
5756.0 4248.0 400.0 92.0 Norma
6244.0 4240.0 44.0 96.0 I
6428.0 4232.0 412.0 108.0 Jacoba,
6924.0 4224.0 144.0 116.0 43,
7148.0 4228.0 236.0 96.0 1515

5244.0 4416.0 512.0 96.0 Carolina
5824.0 4420.0 456.0 104.0 Avenue,
6348.0 4436.0 140.0 72.0 on
6544.0 4408.0 172.0 88.0 the
6788.0 4400.0 412.0 116.0 ground
7268.0 4400.0 116.0 96.0 of

5244.0 4588.0 456.0 108.0 neglect.
5812.0 4584.0 200.0 96.0 She
6128.0 4608.0 220.0 68.0 was
6444.0 4576.0 304.0 116.0 given
6864.0 4572.0 180.0 88.0 tha
7152.0 4592.0 188.0 72.0 cus-

5244.0 4756.0 256.0 112.0 tody
5572.0 4756.0 112.0 92.0 of
5748.0 4760.0 272.0 88.0 their
6092.0 4776.0 224.0 68.0 son.

5372.0 4928.0 472.0 88.0 Another
5960.0 4944.0 408.0 72.0 woman
6488.0 4916.0 192.0 92.0 had
6800.0 4936.0 300.0 72.0 coma
7216.0 4908.0 124.0 92.0 be-

5244.0 5104.0 344.0 84.0 tween
5740.0 5096.0 312.0 92.0 them.
6208.0 5088.0 212.0 96.0 The
6564.0 5088.0 268.0 104.0 wife,
6988.0 5080.0 388.0 108.0 father,

5240.0 5264.0 472.0 108.0 brothfr,
5800.0 5268.0 200.0 88.0 and
6096.0 5260.0 708.0 92.0 sister-in-law
6900.0 5248.0 472.0 96.0 testified

5240.0 5448.0 108.0 80.0 to
5424.0 5440.0 184.0 92.0 the
5692.0 5440.0 304.0 88.0 facts.
6088.0 5432.0 388.0 96.0 Jacoba
6564.0 5452.0 212.0 64.0 was
6868.0 5424.0 180.0 88.0 not
7132.0 5444.0 196.0 68.0 con-

5232.0 5612.0 432.0 104.0 testing,
5804.0 5608.0 308.0 108.0 being
6260.0 5608.0 404.0 112.0 present
6816.0 5592.0 248.0 88.0 with
7204.0 5588.0 168.0 96.0 hla

5236.0 5776.0 436.0 96.0 counsel
5752.0 5780.0 392.0 108.0 merely
6232.0 5788.0 432.0 88.0 because
6744.0 5764.0 112.0 92.0 of
6936.0 5768.0 176.0 84.0 the
7192.0 5760.0 140.0 96.0 ali-

5240.0 5972.0 320.0 88.0 mony
5636.0 5948.0 356.0 116.0 phase.
6068.0 5952.0 80.0 88.0 It
6228.0 5968.0 212.0 64.0 was
6512.0 5940.0 252.0 96.0 said.
6848.0 5936.0 160.0 92.0 Ho
7084.0 5928.0 248.0 96.0 testi-

5232.0 6120.0 216.0 92.0 fied
5536.0 6120.0 240.0 112.0 only
5856.0 6144.0 124.0 68.0 aa
6068.0 6128.0 108.0 84.0 to
6248.0 6116.0 164.0 92.0 his
6492.0 6104.0 508.0 100.0 financial
7084.0 6100.0 240.0 96.0 hold-

5236.0 6300.0 268.0 104.0 ings.
5576.0 6292.0 156.0 88.0 He
5800.0 6292.0 84.0 92.0 Is
5948.0 6312.0 64.0 68.0 a
6080.0 6280.0 664.0 100.0 commercial
6816.0 6280.0 324.0 104.0 agent
7208.0 6272.0 168.0 96.0 for

5232.0 6468.0 180.0 84.0 the
5480.0 6464.0 492.0 88.0 Missouri
6040.0 6452.0 404.0 100.0 Pacific
6508.0 6452.0 500.0 92.0 Railroad
7064.0 6444.0 260.0 92.0 Com-

5232.0 6656.0 304.0 92.0 pany.
5360.0 6800.0 244.0 92.0 Mrs.
5724.0 6796.0 392.0 96.0 Jacobs
6244.0 6792.0 452.0 92.0 testified
6824.0 6788.0 228.0 88.0 that
7180.0 6784.0 188.0 92.0 her

5236.0 6972.0 484.0 92.0 husband
5792.0 6968.0 524.0 92.0 admitted
6396.0 6964.0 152.0 96.0 bis
6624.0 6964.0 228.0 84.0 love
6932.0 6960.0 164.0 88.0 for
7168.0 6976.0 200.0 72.0 one

5228.0 7148.0 228.0 104.0 Cay
5588.0 7140.0 336.0 100.0 Kiaft,
6024.0 7140.0 448.0 108.0 Dayton.
6580.0 7132.0 308.0 96.0 Ohio,
7000.0 7124.0 364.0 112.0 telling

5232.0 7320.0 184.0 84.0 her
5480.0 7316.0 224.0 84.0 that
5780.0 7312.0 304.0 88.0 when
6156.0 7320.0 248.0 80.0 "one
6464.0 7304.0 240.0 92.0 falls
6772.0 7304.0 100.0 88.0 In
6944.0 7296.0 224.0 92.0 love
7236.0 7296.0 124.0 88.0 he

5228.0 7488.0 196.0 92.0 has
5492.0 7508.0 128.0 64.0 no
5680.0 7484.0 344.0 88.0 desire
6092.0 7480.0 168.0 92.0 for
6320.0 7500.0 400.0 68.0 anone
6788.0 7464.0 300.0 112.0 else,"
7152.0 7464.0 208.0 92.0 and

5224.0 7628.0 236.0 84.0 that
5592.0 7628.0 72.0 84.0 if
5772.0 7624.0 156.0 84.0 hia
6060.0 7624.0 240.0 84.0 wife
6424.0 7608.0 280.0 96.0 loved
6840.0 7608.0 212.0 88.0 him
7176.0 7608.0 184.0 84.0 she.

5224.0 7764.0 344.0 88.0 would
5644.0 7764.0 364.0 88.0 "make
6084.0 7760.0 176.0 88.0 the
6328.0 7748.0 548.0 96.0 sacrifice"
6944.0 7744.0 204.0 96.0 and
7220.0 7744.0 132.0 92.0 let

5228.0 7908.0 220.0 84.0 him
5556.0 7900.0 332.0 112.0 "rnjoy
5964.0 7892.0 516.0 96.0 himself."
6552.0 7892.0 156.0 92.0 He
6784.0 7888.0 228.0 92.0 also
7076.0 7884.0 280.0 92.0 said:

5220.0 8044.0 400.0 88.0 "When
5696.0 8068.0 196.0 88.0 you
5980.0 8040.0 192.0 88.0 fall
6260.0 8040.0 92.0 88.0 in
6440.0 8036.0 216.0 88.0 love
6736.0 8028.0 248.0 88.0 with
7064.0 8048.0 288.0 64.0 some

5220.0 8208.0 200.0 64.0 one
5524.0 8180.0 160.0 92.0 it's
5780.0 8180.0 216.0 112.0 Just
6100.0 8200.0 196.0 68.0 one
6392.0 8172.0 108.0 88.0 of
6596.0 8172.0 304.0 88.0 those
6996.0 8160.0 364.0 116.0 things

5208.0 8348.0 204.0 80.0 you
5496.0 8332.0 380.0 76.0 cannot
5956.0 8312.0 336.0 116.0 help."
6368.0 8312.0 196.0 88.0 She
6644.0 8308.0 232.0 92.0 said
6956.0 8304.0 392.0 92.0 Jacoba

5212.0 8460.0 392.0 112.0 bought
5692.0 8456.0 172.0 92.0 the
5952.0 8456.0 316.0 92.0 other
6356.0 8468.0 404.0 76.0 woman
6852.0 8468.0 60.0 64.0 a
7004.0 8448.0 344.0 112.0 piano,

5216.0 8600.0 216.0 88.0 and
5544.0 8600.0 220.0 88.0 that
5880.0 8592.0 188.0 92.0 she
6188.0 8612.0 224.0 68.0 now
6516.0 8592.0 84.0 84.0 is
6712.0 8588.0 432.0 112.0 staying
7252.0 8580.0 100.0 96.0 in

5212.0 8736.0 632.0 96.0 Cincinnati.

5324.0 8876.0 440.0 92.0 Charles
5824.0 8868.0 424.0 104.0 Jacobs,
6324.0 8864.0 484.0 108.0 Maiding
6884.0 8864.0 456.0 108.0 Avenue,

5204.0 9020.0 472.0 92.0 Cheviot,
5800.0 9012.0 392.0 104.0 father,
6288.0 9008.0 512.0 92.0 Clarence
6924.0 9000.0 416.0 112.0 Jacobs,

5216.0 9156.0 236.0 92.0 1442
5584.0 9152.0 584.0 92.0 Yarmouth
6300.0 9152.0 464.0 100.0 Avenue,
6892.0 9140.0 464.0 112.0 brother,

5204.0 9296.0 212.0 92.0 and
5500.0 9296.0 172.0 92.0 the
5748.0 9288.0 344.0 96.0 latter'
6232.0 9288.0 236.0 92.0 wife
6536.0 9284.0 228.0 92.0 told
6840.0 9284.0 116.0 92.0 of
7028.0 9284.0 320.0 108.0 going

5208.0 9448.0 112.0 76.0 to
5392.0 9432.0 412.0 108.0 Dayton
5876.0 9432.0 260.0 88.0 with
6208.0 9424.0 244.0 96.0 Mia.
6512.0 9420.0 408.0 100.0 Jacoba
6984.0 9428.0 108.0 88.0 to
7148.0 9420.0 200.0 92.0 ask

5208.0 9572.0 184.0 92.0 the
5452.0 9572.0 296.0 92.0 other
5804.0 9592.0 416.0 68.0 woman
6280.0 9572.0 108.0 84.0 to
6436.0 9568.0 236.0 112.0 give
6736.0 9588.0 140.0 88.0 up
6932.0 9560.0 420.0 96.0 Jacobs.

5340.0 9708.0 448.0 96.0 Married
5888.0 9704.0 596.0 96.0 November
6576.0 9700.0 144.0 100.0 28.
6824.0 9700.0 252.0 100.0 1917,
7172.0 9704.0 180.0 88.0 th.i

5212.0 9852.0 368.0 108.0 couple
5652.0 9852.0 564.0 108.0 separated
6304.0 9844.0 280.0 112.0 April
6672.0 9840.0 144.0 104.0 28,
6904.0 9840.0 248.0 92.0 1936.

5400.0 10132.0 436.0 116.0 Admiti
5920.0 10124.0 576.0 120.0 "Another
6572.0 10120.0 592.0 124.0 Woman."

5320.0 10328.0 412.0 112.0 Taking
5836.0 10328.0 180.0 92.0 the
6124.0 10324.0 300.0 92.0 stand
6536.0 10324.0 100.0 92.0 In
6752.0 10328.0 164.0 92.0 his
7016.0 10320.0 332.0 96.0 wife's

5188.0 10464.0 424.0 96.0 divorce
5672.0 10488.0 272.0 76.0 case,
6008.0 10464.0 456.0 92.0 William
6528.0 10460.0 440.0 96.0 Weston
7036.0 10460.0 312.0 112.0 Bray,

5188.0 10604.0 116.0 92.0 36
5376.0 10628.0 308.0 92.0 yeais
5756.0 10600.0 204.0 104.0 old,
6028.0 10600.0 180.0 88.0 34H
6276.0 10596.0 536.0 96.0 Probasco
6892.0 10600.0 452.0 100.0 Avenue,

5184.0 10736.0 520.0 92.0 chemical
5764.0 10740.0 532.0 104.0 engineer,
6356.0 10732.0 552.0 112.0 employed
6976.0 10740.0 124.0 108.0 by
7160.0 10736.0 184.0 88.0 the

5192.0 10876.0 440.0 96.0 Procter
5692.0 10876.0 200.0 88.0 and
5968.0 10872.0 440.0 96.0 Gambia
6472.0 10872.0 584.0 112.0 Company,
7116.0 10896.0 188.0 92.0 yes-

5184.0 11008.0 376.0 120.0 terday
5652.0 11012.0 328.0 104.0 freely
6068.0 11008.0 512.0 88.0 admitted
6676.0 11008.0 188.0 104.0 Hit
6948.0 11008.0 396.0 108.0 charge

5184.0 11152.0 240.0 84.0 that
5576.0 11148.0 444.0 88.0 another
6180.0 11168.0 404.0 68.0 woman
6752.0 11144.0 196.0 92.0 had
7100.0 11168.0 204.0 88.0 sup-

5188.0 11288.0 428.0 104.0 planted
5696.0 11284.0 180.0 84.0 her
5952.0 11288.0 100.0 84.0 in
6132.0 11284.0 160.0 88.0 his
6364.0 11280.0 604.0 92.0 affections.

5312.0 11416.0 280.0 108.0 Lucy
5684.0 11420.0 344.0 88.0 Grant
6128.0 11420.0 308.0 108.0 Bray,
6528.0 11416.0 140.0 100.0 38,
6768.0 11420.0 172.0 84.0 443
7036.0 11416.0 264.0 88.0 Raw-

5184.0 11580.0 192.0 64.0 son
5488.0 11552.0 376.0 88.0 Woods
5976.0 11552.0 316.0 108.0 Lane,
6392.0 11552.0 476.0 92.0 testified
6976.0 11548.0 364.0 92.0 before

5176.0 11692.0 356.0 104.0 Judge
5596.0 11684.0 440.0 100.0 Chailea
6116.0 11692.0 144.0 104.0 W,
6336.0 11684.0 552.0 100.0 Hoffman,
6964.0 11692.0 96.0 92.0 in
7136.0 11688.0 168.0 92.0 Do-

5184.0 11832.0 372.0 84.0 mestic
5676.0 11824.0 552.0 92.0 Relations
6332.0 11828.0 356.0 100.0 Court,
6800.0 11828.0 228.0 88.0 that
7152.0 11828.0 192.0 88.0 her

5180.0 11960.0 484.0 92.0 husband
5808.0 11960.0 204.0 92.0 had
6164.0 11960.0 416.0 92.0 become
6728.0 11960.0 604.0 92.0 Infatuated

5180.0 12100.0 260.0 88.0 with
5516.0 12124.0 56.0 64.0 a
5656.0 12100.0 768.0 108.0 stenographer
6508.0 12100.0 104.0 88.0 In
6700.0 12092.0 260.0 96.0 New
7044.0 12092.0 288.0 96.0 York

5172.0 12236.0 272.0 100.0 City,
5536.0 12232.0 620.0 108.0 designated
6244.0 12232.0 236.0 108.0 only
6564.0 12256.0 124.0 64.0 as
6776.0 12228.0 436.0 116.0 "Sally."

5312.0 12372.0 240.0 92.0 Mis.
5664.0 12368.0 276.0 120.0 Hiay
6052.0 12368.0 224.0 88.0 said
6380.0 12372.0 188.0 88.0 she
6684.0 12364.0 372.0 116.0 finally
7164.0 12368.0 132.0 92.0 de-

5172.0 12504.0 308.0 92.0 cided
5568.0 12512.0 108.0 80.0 to
5760.0 12504.0 248.0 92.0 seek
6104.0 12528.0 60.0 68.0 a
6248.0 12504.0 452.0 100.0 divorce,
6792.0 12508.0 208.0 92.0 and
7088.0 12508.0 244.0 88.0 that

5176.0 12640.0 188.0 92.0 her
5440.0 12640.0 476.0 92.0 husband
5996.0 12640.0 204.0 92.0 had
6272.0 12640.0 364.0 112.0 signed
6708.0 12668.0 60.0 64.0 a
6840.0 12648.0 488.0 88.0 contract

5172.0 12784.0 116.0 84.0 to
5392.0 12800.0 196.0 88.0 pay
5688.0 12776.0 184.0 92.0 her
5976.0 12776.0 232.0 100.0 $400
6300.0 12800.0 64.0 68.0 a
6456.0 12780.0 376.0 88.0 month
6928.0 12788.0 184.0 80.0 out
7216.0 12780.0 116.0 92.0 of

5176.0 12912.0 168.0 88.0 his
5408.0 12912.0 372.0 96.0 $10,000
5836.0 12936.0 68.0 64.0 a
5964.0 12936.0 256.0 92.0 year
6276.0 12912.0 384.0 116.0 salary,
6720.0 12920.0 112.0 84.0 to
6896.0 12916.0 432.0 116.0 provide

5176.0 13052.0 168.0 88.0 for
5428.0 13052.0 184.0 88.0 her
5688.0 13048.0 204.0 92.0 and
5984.0 13052.0 276.0 92.0 their
6340.0 13060.0 200.0 80.0 two
6616.0 13052.0 512.0 96.0 chlldien.

5300.0 13184.0 280.0 116.0 Bray
5640.0 13184.0 244.0 92.0 took
5952.0 13192.0 184.0 84.0 the
6196.0 13184.0 336.0 100.0 stand,
6600.0 13184.0 392.0 124.0 having
7060.0 13188.0 264.0 92.0 been

5172.0 13320.0 676.0 112.0 subpoenaed
5984.0 13324.0 128.0 108.0 by
6232.0 13324.0 172.0 88.0 the
6520.0 13324.0 284.0 88.0 wife.
6988.0 13324.0 340.0 92.0 When

5168.0 13456.0 224.0 92.0 told
5512.0 13460.0 124.0 108.0 by
5744.0 13456.0 352.0 112.0 Judge
6208.0 13456.0 524.0 92.0 Hoffman
6848.0 13460.0 236.0 96.0 that
7204.0 13464.0 128.0 92.0 he

5172.0 13596.0 340.0 104.0 might
5608.0 13620.0 180.0 88.0 say
5884.0 13596.0 516.0 108.0 anything
6500.0 13600.0 128.0 84.0 he
6728.0 13596.0 396.0 96.0 wished
7220.0 13608.0 116.0 84.0 to

5172.0 13724.0 284.0 116.0 Hiay
5544.0 13732.0 392.0 88.0 staled:
6032.0 13732.0 108.0 88.0 "1
6224.0 13732.0 324.0 92.0 admit
6636.0 13732.0 48.0 92.0 I
6776.0 13736.0 228.0 88.0 love
7088.0 13736.0 244.0 92.0 that

5184.0 13888.0 448.0 76.0 woman,
5720.0 13868.0 204.0 92.0 and
6028.0 13868.0 104.0 88.0 In
6224.0 13872.0 252.0 84.0 view
6568.0 13872.0 116.0 88.0 of
6776.0 13876.0 244.0 100.0 this,
7104.0 13896.0 204.0 64.0 con-

5168.0 14000.0 400.0 88.0 ditions
5636.0 14008.0 432.0 88.0 became
6132.0 14004.0 620.0 88.0 intolerable
6816.0 14012.0 108.0 84.0 at
6992.0 14012.0 344.0 96.0 home,

5172.0 14144.0 212.0 84.0 and
5460.0 14144.0 68.0 84.0 It
5612.0 14144.0 416.0 84.0 seemed
6104.0 14144.0 352.0 88.0 unfair
6532.0 14152.0 112.0 80.0 to
6724.0 14140.0 248.0 96.0 Mrs.
7048.0 14144.0 288.0 108.0 Bray

5180.0 14276.0 208.0 80.0 and
5488.0 14276.0 172.0 84.0 the
5752.0 14276.0 476.0 88.0 children
6324.0 14276.0 196.0 92.0 and
6624.0 14280.0 172.0 88.0 for
6888.0 14300.0 188.0 68.0 me.
7236.0 14280.0 100.0 92.0 It

5184.0 14412.0 308.0 80.0 made
5604.0 14416.0 60.0 80.0 It
5780.0 14412.0 620.0 108.0 practically
6508.0 14416.0 608.0 108.0 impossible
7224.0 14428.0 116.0 80.0 to

5188.0 14552.0 520.0 80.0 maintain
5788.0 14572.0 192.0 64.0 our
6076.0 14544.0 360.0 112.0 family
6512.0 14552.0 580.0 108.0 together."

5292.0 14680.0 344.0 100.0 Judge
5708.0 14684.0 524.0 92.0 Hoffman
6300.0 14684.0 452.0 108.0 granted
6828.0 14708.0 56.0 68.0 a
6952.0 14688.0 376.0 88.0 decree
7388.0 14672.0 16.0 140.0 j

5172.0 14828.0 112.0 72.0 to
5416.0 14824.0 172.0 80.0 the
5724.0 14820.0 236.0 84.0 wife
6092.0 14840.0 132.0 68.0 on
6360.0 14824.0 172.0 84.0 the
6668.0 14824.0 408.0 112.0 ground
7208.0 14828.0 124.0 88.0 of
7388.0 14820.0 12.0 92.0 !

5164.0 14952.0 440.0 100.0 neglect.
7380.0 14980.0 16.0 84.0 ;

5740.0 15224.0 300.0 96.0 Trr:,
6608.0 15228.0 144.0 72.0 iii

5300.0 15428.0 156.0 28.0 ....
5732.0 15428.0 116.0 28.0 ...
6500.0 15432.0 136.0 40.0 ,,,
6908.0 15440.0 60.0 32.0 ,.
7096.0 15440.0 84.0 16.0 ..

5300.0 15428.0 328.0 92.0 When
5732.0 15428.0 468.0 92.0 Wallace
6292.0 15432.0 108.0 104.0 T.
6500.0 15432.0 836.0 112.0 Kllngelhoffer,
7376.0 15460.0 12.0 40.0 1

5168.0 15564.0 192.0 108.0 Jr.,
5440.0 15568.0 216.0 92.0 1115
5728.0 15572.0 604.0 92.0 Gioesbeek
6412.0 15572.0 340.0 100.0 Road,
6828.0 15580.0 504.0 96.0 returned

5176.0 15700.0 312.0 88.0 home
5608.0 15708.0 96.0 80.0 in
5824.0 15704.0 568.0 108.0 February.
6508.0 15708.0 268.0 92.0 1935.
6892.0 15712.0 124.0 88.0 he
7128.0 15712.0 264.0 88.0 dis-1

5568.0 16320.0 1984.0 992.0 WELL

6524.0 27768.0 160.0 136.0 Ts$
6792.0 27776.0 252.0 136.0 BOTH
7104.0 27780.0 196.0 140.0 fill

7508.0 2652.0 440.0 96.0 covered
8032.0 2652.0 240.0 92.0 that
8360.0 2640.0 564.0 120.0 Magdalen
9016.0 2648.0 96.0 92.0 8.
9196.0 2644.0 412.0 112.0 Klingel-

7512.0 2784.0 380.0 120.0 hoffer,
7976.0 2788.0 348.0 88.0 whom
8412.0 2784.0 124.0 92.0 he
8624.0 2772.0 472.0 108.0 married
9188.0 2780.0 244.0 116.0 May
9516.0 2780.0 140.0 104.0 30,

7512.0 2916.0 260.0 116.0 1933,
7884.0 2920.0 204.0 96.0 had
8204.0 2920.0 376.0 92.0 moved
8696.0 2916.0 188.0 88.0 out
9008.0 2916.0 260.0 96.0 with
9380.0 2916.0 276.0 92.0 their

7508.0 3052.0 524.0 96.0 furniture
8120.0 3052.0 264.0 92.0 with
8472.0 3052.0 176.0 88.0 the
8732.0 3044.0 184.0 96.0 aid
9008.0 3048.0 116.0 96.0 of
9204.0 3052.0 448.0 92.0 another

7500.0 3208.0 288.0 72.0 man.
7932.0 3188.0 132.0 92.0 So
8152.0 3188.0 132.0 88.0 he
8380.0 3184.0 212.0 96.0 told
8680.0 3176.0 360.0 116.0 Judge
9132.0 3180.0 516.0 96.0 Hoffman

7500.0 3320.0 560.0 116.0 yesterday
8176.0 3328.0 116.0 84.0 at
8404.0 3316.0 180.0 92.0 the
8692.0 3316.0 460.0 120.0 hearing
9260.0 3316.0 116.0 96.0 of
9488.0 3316.0 164.0 92.0 hli

7500.0 3464.0 424.0 88.0 divorce
8036.0 3464.0 476.0 112.0 petition.
8684.0 3464.0 100.0 80.0 It
8900.0 3472.0 244.0 80.0 won
9260.0 3464.0 216.0 88.0 him
9584.0 3464.0 116.0 80.0 aJ

7496.0 3592.0 376.0 92.0 decree
7964.0 3616.0 128.0 72.0 on
8200.0 3592.0 184.0 92.0 the
8480.0 3584.0 416.0 112.0 ground
8992.0 3588.0 120.0 96.0 of
9208.0 3588.0 436.0 112.0 neglect.

7624.0 3728.0 328.0 92.0 Other
8072.0 3724.0 432.0 96.0 divorce
8628.0 3720.0 444.0 92.0 decreet
9200.0 3716.0 444.0 120.0 granted

7492.0 3864.0 600.0 112.0 yesterday:

7620.0 3996.0 348.0 96.0 Birdie
8052.0 4000.0 440.0 104.0 Sroupe,
8580.0 3988.0 172.0 96.0 814
8840.0 3988.0 344.0 104.0 Wade
9272.0 3992.0 372.0 108.0 Street,

7496.0 4132.0 284.0 104.0 from
7908.0 4132.0 308.0 92.0 Jesse
8356.0 4128.0 104.0 92.0 U
8600.0 4124.0 444.0 116.0 Sroupe,
9184.0 4128.0 452.0 116.0 neglect;

7496.0 4268.0 364.0 96.0 Victor
7920.0 4268.0 316.0 100.0 Beck,
8304.0 4264.0 168.0 92.0 804
8532.0 4256.0 316.0 100.0 Plum
8916.0 4264.0 384.0 116.0 Street,
9364.0 4264.0 276.0 92.0 from

7496.0 4404.0 244.0 92.0 Mae
7804.0 4404.0 224.0 96.0 Ball
8092.0 4400.0 324.0 100.0 Beck,
8476.0 4420.0 132.0 80.0 on
8668.0 4396.0 192.0 96.0 the
8928.0 4404.0 416.0 104.0 ground
9408.0 4400.0 232.0 92.0 that

7492.0 4540.0 196.0 88.0 she
7780.0 4560.0 208.0 76.0 was
8084.0 4540.0 184.0 88.0 the
8368.0 4532.0 236.0 92.0 wife
8700.0 4540.0 116.0 92.0 of
8912.0 4528.0 292.0 104.0 John
9300.0 4528.0 340.0 100.0 Mwad

7496.0 4676.0 308.0 88.0 when
7916.0 4664.0 468.0 100.0 married
8500.0 4668.0 108.0 88.0 to
8720.0 4664.0 304.0 100.0 Beck
9144.0 4668.0 104.0 96.0 In
9364.0 4664.0 268.0 108.0 1935;

7492.0 4804.0 392.0 96.0 Rather
8028.0 4796.0 484.0 104.0 Schmidt
8664.0 4800.0 596.0 116.0 Langland,
9416.0 4804.0 224.0 92.0 2424

7496.0 4940.0 508.0 96.0 Falrvlew
8080.0 4944.0 464.0 104.0 Avenue,
8616.0 4932.0 288.0 104.0 from
8980.0 4940.0 464.0 96.0 William
9516.0 4936.0 120.0 96.0 D.

7492.0 5076.0 572.0 116.0 Langland,
8240.0 5072.0 440.0 108.0 neglect,
8852.0 5084.0 220.0 92.0 and
9232.0 5072.0 408.0 96.0 Orruila

7488.0 5216.0 296.0 112.0 Rice,
7844.0 5216.0 220.0 92.0 2158
8132.0 5204.0 272.0 92.0 Iith
8472.0 5200.0 384.0 112.0 Street,
8932.0 5208.0 276.0 96.0 from
9276.0 5212.0 360.0 92.0 James

7492.0 5348.0 288.0 112.0 Rice,
7860.0 5348.0 436.0 108.0 neglect.

7760.0 5612.0 668.0 128.0 Electrician
8500.0 5608.0 112.0 124.0 Ii
8680.0 5608.0 684.0 124.0 Defendant.

7612.0 5820.0 528.0 112.0 Charging
8256.0 5816.0 232.0 88.0 that
8588.0 5812.0 384.0 96.0 Albert
9072.0 5816.0 568.0 104.0 Buhrman,

7488.0 5952.0 240.0 96.0 6108
7820.0 5952.0 444.0 108.0 Kellogg
8368.0 5952.0 460.0 112.0 Avenue,
8936.0 5952.0 416.0 96.0 treated
9456.0 5952.0 184.0 92.0 her

7488.0 6116.0 128.0 72.0 ao
7692.0 6092.0 380.0 108.0 cruelly
8164.0 6092.0 240.0 84.0 that
8488.0 6088.0 192.0 84.0 aha
8764.0 6104.0 236.0 76.0 was
9080.0 6084.0 364.0 100.0 forced
9532.0 6092.0 108.0 88.0 to

7488.0 6228.0 204.0 96.0 call
7808.0 6228.0 320.0 116.0 police
8260.0 6224.0 168.0 92.0 for
8544.0 6220.0 640.0 112.0 protection,
9304.0 6224.0 332.0 92.0 Marie

7488.0 6364.0 476.0 100.0 Mention
8040.0 6360.0 572.0 104.0 Hehrman,
8684.0 6352.0 248.0 100.0 6931
9000.0 6352.0 640.0 116.0 Cambridge

7488.0 6496.0 456.0 116.0 Avenue,
8056.0 6492.0 664.0 108.0 Mnriemont,
8836.0 6492.0 96.0 92.0 la
9032.0 6492.0 440.0 120.0 aeeking
9576.0 6516.0 64.0 68.0 a

7484.0 6636.0 444.0 108.0 divorce,
7984.0 6632.0 500.0 104.0 alimony,
8540.0 6632.0 216.0 92.0 and
8816.0 6628.0 656.0 92.0 restoration
9528.0 6632.0 112.0 92.0 of

7488.0 6772.0 188.0 92.0 her
7732.0 6772.0 408.0 88.0 maiden
8204.0 6784.0 332.0 68.0 name.
8620.0 6760.0 520.0 120.0 Through
9200.0 6760.0 440.0 96.0 Charles

7488.0 6904.0 132.0 92.0 H.
7704.0 6900.0 396.0 112.0 Elston,
8184.0 6904.0 528.0 104.0 attorney,
8800.0 6900.0 200.0 88.0 she
9080.0 6892.0 224.0 100.0 also
9380.0 6900.0 260.0 92.0 asks

7488.0 7040.0 240.0 88.0 that
7800.0 7044.0 120.0 88.0 he
7996.0 7040.0 120.0 92.0 be
8196.0 7032.0 376.0 92.0 barred
8648.0 7032.0 116.0 96.0 of
8840.0 7032.0 364.0 100.0 dower
9276.0 7032.0 100.0 96.0 In
9456.0 7036.0 188.0 92.0 her

7480.0 7164.0 540.0 100.0 Anderson
8172.0 7164.0 580.0 120.0 Township
8900.0 7168.0 220.0 88.0 real
9264.0 7176.0 372.0 88.0 estate.

7488.0 7308.0 448.0 100.0 Married
8044.0 7300.0 624.0 112.0 September
8780.0 7300.0 140.0 116.0 14,
9032.0 7300.0 256.0 112.0 1922,
9388.0 7308.0 252.0 112.0 they

7484.0 7448.0 272.0 92.0 have
7840.0 7468.0 128.0 68.0 no
8056.0 7440.0 512.0 92.0 children.

7600.0 7720.0 388.0 120.0 Wants
8060.0 7716.0 152.0 116.0 To
8288.0 7712.0 348.0 120.0 Work
8708.0 7708.0 164.0 120.0 On
8948.0 7712.0 96.0 116.0 A
9116.0 7708.0 388.0 124.0 Farm!

7596.0 7916.0 560.0 116.0 Following
8264.0 7912.0 164.0 92.0 his
8528.0 7912.0 232.0 112.0 plea
8868.0 7916.0 120.0 88.0 of
9080.0 7912.0 340.0 120.0 guilty
9520.0 7908.0 112.0 96.0 of

7464.0 8064.0 396.0 92.0 assault
7952.0 8064.0 104.0 84.0 to
8148.0 8056.0 196.0 92.0 rob
8432.0 8048.0 572.0 116.0 Raymond
9092.0 8052.0 272.0 112.0 Hay,
9452.0 8044.0 176.0 104.0 330

7464.0 8200.0 264.0 96.0 East
7844.0 8204.0 460.0 92.0 Seventh
8428.0 8196.0 380.0 104.0 Street,
8928.0 8192.0 196.0 92.0 cab
9240.0 8192.0 388.0 112.0 driver,

7456.0 8340.0 436.0 100.0 Charles
7952.0 8344.0 464.0 108.0 Sawyer.
8452.0 8336.0 112.0 96.0 23
8616.0 8352.0 324.0 100.0 yeara
9000.0 8332.0 196.0 104.0 old,
9236.0 8336.0 384.0 112.0 Negro,

7460.0 8484.0 332.0 96.0 asked
7896.0 8484.0 352.0 108.0 Judge
8360.0 8480.0 408.0 96.0 Dennis
8880.0 8476.0 100.0 96.0 J.
9088.0 8476.0 312.0 116.0 Ryan
9516.0 8472.0 100.0 96.0 in

7452.0 8628.0 504.0 96.0 Criminal
8032.0 8624.0 340.0 92.0 Court
8444.0 8628.0 104.0 92.0 to
8620.0 8620.0 268.0 92.0 send
8968.0 8620.0 216.0 96.0 him
9260.0 8624.0 108.0 88.0 to
9440.0 8624.0 176.0 88.0 the

7460.0 8768.0 516.0 100.0 "F.M.I."
8160.0 8768.0 496.0 116.0 meaning
8840.0 8760.0 184.0 96.0 the
9208.0 8760.0 372.0 96.0 Feebla-

7460.0 8908.0 416.0 100.0 Mlnded
7988.0 8908.0 536.0 96.0 Institute.
8696.0 8900.0 268.0 100.0 Told
9076.0 8900.0 128.0 96.0 he
9308.0 8900.0 308.0 96.0 could

7456.0 9056.0 188.0 92.0 not
7696.0 9080.0 128.0 88.0 go
7876.0 9052.0 328.0 104.0 there,
8248.0 9048.0 428.0 116.0 Sawyer
8732.0 9044.0 240.0 100.0 said
9032.0 9044.0 124.0 96.0 he
9196.0 9044.0 420.0 96.0 wanted

7456.0 9200.0 112.0 88.0 to
7676.0 9224.0 124.0 88.0 go
7900.0 9196.0 352.0 88.0 where
8364.0 9188.0 128.0 92.0 he
8592.0 9212.0 212.0 68.0 can
8916.0 9184.0 292.0 96.0 work
9316.0 9208.0 132.0 72.0 on
9556.0 9204.0 64.0 76.0 a

7456.0 9336.0 312.0 96.0 farm.
7872.0 9332.0 348.0 108.0 Judge
8336.0 9328.0 300.0 116.0 Ryan
8752.0 9328.0 536.0 96.0 Informed
9400.0 9328.0 216.0 96.0 him

7456.0 9480.0 240.0 96.0 that
7780.0 9480.0 172.0 88.0 the
8048.0 9472.0 728.0 116.0 reformatory
8872.0 9472.0 88.0 92.0 ia
9052.0 9472.0 176.0 88.0 the
9324.0 9472.0 296.0 116.0 place

7464.0 9620.0 168.0 96.0 for
7700.0 9620.0 248.0 92.0 that,

7576.0 9760.0 412.0 92.0 Gordon
8160.0 9756.0 120.0 92.0 H.
8440.0 9756.0 488.0 104.0 Scherer,
9084.0 9756.0 532.0 92.0 Assistant

7452.0 9900.0 420.0 120.0 County
7952.0 9900.0 680.0 100.0 Prosecutor,
8728.0 9900.0 220.0 96.0 told
9044.0 9896.0 180.0 92.0 the
9316.0 9900.0 304.0 92.0 court

7456.0 10048.0 232.0 88.0 that
7752.0 10064.0 124.0 72.0 on
7956.0 10044.0 256.0 112.0 May
8288.0 10040.0 108.0 96.0 27
8468.0 10040.0 272.0 116.0 Hay,
8816.0 10036.0 376.0 116.0 falling
9264.0 10040.0 356.0 116.0 asleep

7456.0 10184.0 104.0 96.0 in
7664.0 10184.0 152.0 92.0 his
7912.0 10184.0 468.0 104.0 taxicab,
8480.0 10204.0 220.0 72.0 was
8800.0 10180.0 584.0 96.0 awakened
9488.0 10180.0 132.0 116.0 by

7460.0 10328.0 412.0 112.0 Sawyer
7984.0 10324.0 220.0 96.0 and
8320.0 10324.0 456.0 100.0 another
8892.0 10324.0 348.0 112.0 Negro
9352.0 10324.0 224.0 92.0 fum-

7460.0 10472.0 276.0 112.0 bling
7820.0 10472.0 96.0 92.0 in
8004.0 10468.0 176.0 92.0 hia
8264.0 10464.0 468.0 116.0 pockets.
8884.0 10464.0 224.0 96.0 One
9188.0 10464.0 428.0 112.0 pointed

7456.0 10636.0 64.0 68.0 a
7580.0 10612.0 484.0 92.0 fountain
8136.0 10632.0 204.0 96.0 pen
8404.0 10616.0 108.0 88.0 at
8572.0 10608.0 280.0 112.0 Hay,
8912.0 10608.0 236.0 88.0 who
9208.0 10608.0 408.0 88.0 started

7456.0 10756.0 116.0 88.0 to
7656.0 10752.0 252.0 112.0 obey
8004.0 10772.0 144.0 72.0 an
8244.0 10752.0 304.0 88.0 order
8644.0 10756.0 112.0 84.0 to
8852.0 10748.0 252.0 88.0 take
9200.0 10748.0 160.0 92.0 off
9452.0 10748.0 164.0 92.0 his

7452.0 10900.0 488.0 84.0 trousers.

7572.0 11028.0 284.0 96.0 Then
7928.0 11036.0 124.0 88.0 he
8128.0 11056.0 216.0 68.0 saw
8412.0 11032.0 172.0 92.0 the
8656.0 11056.0 204.0 88.0 pen
8928.0 11032.0 208.0 92.0 and
9204.0 11032.0 404.0 92.0 started

7464.0 11176.0 160.0 92.0 for
7684.0 11180.0 168.0 88.0 the
7920.0 11176.0 268.0 112.0 pair.
8316.0 11176.0 264.0 88.0 Both
8652.0 11196.0 224.0 80.0 ran,
8944.0 11172.0 180.0 88.0 but
9188.0 11172.0 128.0 88.0 he
9380.0 11196.0 196.0 88.0 ptir-

7452.0 11320.0 252.0 88.0 aued
7764.0 11324.0 432.0 104.0 Sawyer
8260.0 11316.0 260.0 92.0 until
8588.0 11316.0 336.0 112.0 police
8980.0 11316.0 388.0 108.0 caught
9432.0 11316.0 180.0 88.0 the

7452.0 11460.0 368.0 108.0 Negro,

7604.0 11744.0 480.0 148.0 Charges
8176.0 11744.0 420.0 120.0 Breach
8688.0 11740.0 136.0 120.0 Of
8908.0 11744.0 560.0 116.0 Contract.

7568.0 11948.0 520.0 108.0 Claiming
8216.0 11948.0 228.0 96.0 that
8564.0 11944.0 216.0 92.0 Leo
8908.0 11944.0 352.0 108.0 Klder,
9376.0 11944.0 232.0 96.0 3144

7452.0 12092.0 468.0 116.0 Reading
8024.0 12088.0 344.0 108.0 Road,
8460.0 12088.0 464.0 96.0 violated
9024.0 12108.0 132.0 72.0 an
9248.0 12112.0 316.0 84.0 agree-

7444.0 12244.0 280.0 84.0 ment
7840.0 12236.0 180.0 88.0 not
8152.0 12236.0 112.0 84.0 to
8376.0 12252.0 272.0 84.0 open
8768.0 12252.0 64.0 68.0 a
8956.0 12224.0 648.0 120.0 barbershop

7444.0 12372.0 360.0 92.0 within
7872.0 12396.0 64.0 68.0 a
8008.0 12372.0 244.0 100.0 half
8316.0 12368.0 240.0 96.0 mile
8628.0 12372.0 116.0 92.0 of
8816.0 12368.0 232.0 92.0 3429
9116.0 12368.0 484.0 116.0 Reading

7444.0 12512.0 320.0 108.0 Road,
7900.0 12508.0 296.0 96.0 Celle
8340.0 12512.0 336.0 108.0 Rlaff,
8820.0 12508.0 236.0 96.0 3458
9196.0 12512.0 404.0 92.0 Burnet

7440.0 12656.0 448.0 104.0 Avenue,
7948.0 12656.0 264.0 92.0 filed
8272.0 12660.0 212.0 88.0 auit
8544.0 12656.0 104.0 88.0 in
8708.0 12652.0 516.0 96.0 Common
9292.0 12652.0 308.0 92.0 Pleas

7436.0 12796.0 352.0 108.0 Court,
7884.0 12796.0 452.0 116.0 seeking
8440.0 12820.0 136.0 64.0 an
8688.0 12796.0 596.0 112.0 Injunction
9388.0 12796.0 208.0 88.0 and

7436.0 12936.0 232.0 104.0 $600
7728.0 12964.0 112.0 64.0 aa
7912.0 12940.0 548.0 108.0 damages.
8592.0 12936.0 508.0 112.0 Through
9168.0 12936.0 268.0 96.0 Paul
9500.0 12936.0 96.0 96.0 J.

7436.0 13080.0 364.0 104.0 Crone,
7876.0 13088.0 536.0 104.0 attorney,
8492.0 13080.0 192.0 88.0 she
8772.0 13104.0 240.0 84.0 says
9096.0 13076.0 184.0 96.0 she
9364.0 13100.0 196.0 88.0 pur-

7436.0 13220.0 376.0 96.0 chased
7948.0 13224.0 188.0 92.0 the
8276.0 13220.0 488.0 112.0 Reading
8900.0 13220.0 300.0 96.0 Road
9332.0 13224.0 268.0 112.0 ahop

7444.0 13368.0 264.0 92.0 from
7816.0 13364.0 340.0 92.0 Klder
8272.0 13364.0 360.0 96.0 March
8744.0 13364.0 144.0 104.0 24,
8996.0 13364.0 328.0 92.0 under
9432.0 13360.0 168.0 96.0 his

7448.0 13512.0 604.0 100.0 agreement
8152.0 13508.0 176.0 88.0 not
8424.0 13520.0 108.0 80.0 to
8620.0 13528.0 412.0 88.0 engage
9128.0 13504.0 100.0 92.0 In
9324.0 13504.0 232.0 92.0 busi-

7448.0 13668.0 228.0 68.0 ness
7732.0 13648.0 372.0 92.0 within
8172.0 13644.0 224.0 92.0 half
8452.0 13672.0 60.0 68.0 a
8576.0 13648.0 252.0 92.0 mile
8888.0 13644.0 168.0 96.0 for
9108.0 13672.0 64.0 64.0 a
9236.0 13644.0 356.0 116.0 period

7448.0 13792.0 108.0 88.0 of
7720.0 13792.0 296.0 92.0 three
8196.0 13812.0 332.0 92.0 years.
8772.0 13784.0 464.0 104.0 Instead,
9408.0 13788.0 192.0 92.0 she

7444.0 13932.0 460.0 104.0 rhaiges,
7972.0 13932.0 136.0 88.0 he
8168.0 13928.0 400.0 116.0 opened
8636.0 13932.0 460.0 88.0 another
9152.0 13928.0 264.0 112.0 shop
9480.0 13932.0 112.0 88.0 at

7448.0 14072.0 216.0 92.0 3144
7728.0 14072.0 492.0 104.0 Reading
8284.0 14068.0 296.0 96.0 Road
8652.0 14072.0 248.0 104.0 May
8960.0 14072.0 112.0 88.0 19
9128.0 14072.0 208.0 92.0 and
9404.0 14068.0 192.0 92.0 has

7448.0 14212.0 248.0 92.0 been
7756.0 14212.0 384.0 116.0 taking
8208.0 14216.0 596.0 88.0 customers
8872.0 14216.0 272.0 88.0 from
9208.0 14212.0 212.0 88.0 her.

7456.0 14480.0 468.0 208.0 Guilty
8044.0 14480.0 420.0 176.0 Pleas
8580.0 14480.0 296.0 172.0 Are
9000.0 14476.0 616.0 180.0 Entered

7784.0 14752.0 208.0 204.0 By
8084.0 14748.0 444.0 176.0 Three
8612.0 14744.0 196.0 176.0 Of
8880.0 14744.0 368.0 176.0 Foar

7560.0 15192.0 588.0 108.0 Arraigned
8208.0 15212.0 128.0 68.0 on
8396.0 15192.0 456.0 108.0 charges
8916.0 15192.0 112.0 84.0 of
9084.0 15192.0 516.0 112.0 violating

7436.0 15360.0 832.0 112.0 counterfeiting
8384.0 15356.0 288.0 104.0 laws,
8788.0 15356.0 300.0 92.0 three
9196.0 15356.0 404.0 96.0 Adams

7436.0 15528.0 432.0 104.0 Coun,''
8080.0 15532.0 300.0 104.0 Onio'
8584.0 15548.0 244.0 76.0 mrn
9104.0 15532.0 496.0 116.0 M""lay

7444.0 15704.0 420.0 108.0 pleaded
7984.0 15704.0 344.0 108.0 guilty
8436.0 15700.0 372.0 92.0 before.
8916.0 15700.0 460.0 96.0 William
9492.0 15700.0 116.0 96.0 P.

7760.0 16352.0 848.0 976.0 TO
9072.0 16368.0 352.0 944.0 F

7416.0 27792.0 228.0 132.0 WlH.
7696.0 27900.0 24.0 28.0 .
7764.0 27896.0 28.0 36.0 .
7836.0 27824.0 332.0 136.0 Young
8236.0 27832.0 236.0 108.0 Mias
8544.0 27840.0 276.0 132.0 Mary
8888.0 27844.0 276.0 128.0 Terry
9224.0 27848.0 100.0 104.0 of
9388.0 27848.0 540.0 120.0 Cleveland.
9976.0 27852.0 276.0 120.0 Ohio,
10300.0 27856.0 152.0 112.0 old
10520.0 27856.0 184.0 108.0 Mr.
10748.0 27852.0 144.0 104.0 W.
10944.0 27856.0 128.0 100.0 f.
11128.0 27848.0 272.0 140.0 Perry
11452.0 27848.0 100.0 104.0 of
11624.0 27844.0 672.0 136.0 Indisnapolis
12368.0 27848.0 424.0 120.0 Indiana,
12852.0 27852.0 764.0 132.0 granddaughter

9772.0 1580.0 612.0 108.0 Hohmann,
10480.0 1580.0 400.0 96.0 United
10976.0 1584.0 352.0 92.0 States
11432.0 1580.0 468.0 96.0 Commls

9768.0 1724.0 392.0 104.0 sioner,
10228.0 1716.0 204.0 96.0 and
10496.0 1744.0 68.0 72.0 a
10632.0 1720.0 364.0 92.0 fourth
11060.0 1720.0 448.0 92.0 entered
11580.0 1748.0 68.0 68.0 a
11712.0 1720.0 224.0 116.0 plea

9764.0 1856.0 120.0 96.0 of
9956.0 1856.0 188.0 92.0 not
10212.0 1856.0 368.0 112.0 guilty.

9884.0 2000.0 448.0 84.0 Everett
10464.0 2000.0 764.0 108.0 Hlankenship,
11372.0 2000.0 124.0 84.0 23
11636.0 2016.0 296.0 96.0 years

9756.0 2128.0 208.0 108.0 old,
10064.0 2132.0 340.0 92.0 tattoo
10500.0 2136.0 356.0 104.0 artist,
10956.0 2132.0 332.0 96.0 Rural
11400.0 2140.0 356.0 92.0 Route
11848.0 2140.0 76.0 104.0 1,

9760.0 2264.0 496.0 108.0 Seaman,
10332.0 2268.0 304.0 108.0 Ohio,
10716.0 2268.0 368.0 96.0 denied
11156.0 2268.0 252.0 96.0 that
11492.0 2272.0 132.0 96.0 ha
11700.0 2292.0 180.0 76.0 con-

9760.0 2404.0 360.0 108.0 spired
10196.0 2400.0 248.0 100.0 with
10512.0 2404.0 408.0 100.0 Orvills
10988.0 2404.0 316.0 112.0 Cook,
11384.0 2408.0 156.0 108.0 38,
11608.0 2408.0 316.0 96.0 River

9752.0 2540.0 376.0 108.0 Creek,
10188.0 2544.0 296.0 108.0 Ohio,
10536.0 2548.0 124.0 92.0 to
10708.0 2548.0 648.0 92.0 counterfeit
11412.0 2544.0 216.0 96.0 and
11688.0 2568.0 236.0 96.0 pass

9752.0 2676.0 412.0 96.0 50-cent
10240.0 2684.0 376.0 112.0 pieces.
10752.0 2684.0 124.0 96.0 In
10944.0 2684.0 416.0 96.0 default
11428.0 2684.0 124.0 92.0 of
11620.0 2680.0 304.0 112.0 $3,500

9760.0 2812.0 280.0 96.0 bond
10120.0 2816.0 132.0 96.0 he
10324.0 2840.0 220.0 72.0 was
10620.0 2824.0 248.0 92.0 sent
10936.0 2824.0 108.0 92.0 to
11108.0 2824.0 184.0 92.0 the
11368.0 2824.0 552.0 96.0 Hamilton

9748.0 2952.0 428.0 116.0 County
10272.0 2956.0 216.0 112.0 Jail.
10660.0 2960.0 712.0 116.0 Preliminary
11484.0 2964.0 440.0 116.0 hearing

9748.0 3088.0 216.0 96.0 will
10024.0 3088.0 128.0 96.0 be
10208.0 3088.0 240.0 100.0 held
10508.0 3100.0 264.0 92.0 next
10828.0 3096.0 516.0 120.0 Tuesday.

9868.0 3224.0 328.0 116.0 Cook,
10256.0 3232.0 212.0 92.0 and
10532.0 3256.0 248.0 72.0 men
10848.0 3236.0 592.0 112.0 registered
11508.0 3264.0 128.0 72.0 as
11700.0 3240.0 220.0 120.0 Roy

9748.0 3364.0 488.0 116.0 Haysllp,
10348.0 3368.0 140.0 112.0 18,
10612.0 3368.0 444.0 112.0 laborer,
11160.0 3372.0 288.0 100.0 Blue
11556.0 3376.0 364.0 116.0 Creek,

9748.0 3504.0 216.0 92.0 and
10040.0 3504.0 236.0 116.0 Roy
10352.0 3504.0 548.0 112.0 McGown,
10968.0 3508.0 136.0 112.0 26,
11176.0 3512.0 460.0 112.0 farmer,
11704.0 3516.0 216.0 100.0 also

9748.0 3640.0 112.0 96.0 of
9968.0 3640.0 268.0 96.0 Blue
10332.0 3644.0 380.0 108.0 Creek,
10820.0 3644.0 432.0 116.0 pleaded
11368.0 3652.0 348.0 132.0 guilty
11812.0 3660.0 108.0 92.0 to

9752.0 3780.0 440.0 112.0 passing
10292.0 3776.0 340.0 116.0 bogus
10740.0 3780.0 396.0 96.0 60-cent
11240.0 3788.0 400.0 116.0 pieces.
11792.0 3792.0 124.0 96.0 In

9744.0 3916.0 424.0 96.0 default
10224.0 3920.0 116.0 96.0 of
10400.0 3920.0 288.0 96.0 bond
10748.0 3924.0 116.0 92.0 of
10920.0 3920.0 320.0 116.0 $3,000
11300.0 3928.0 316.0 108.0 each,
11676.0 3932.0 240.0 116.0 they

9744.0 4076.0 284.0 72.0 were
10136.0 4060.0 628.0 96.0 committed
10860.0 4064.0 108.0 92.0 to
11072.0 4064.0 180.0 92.0 the
11360.0 4064.0 552.0 100.0 Hamilton

9744.0 4188.0 428.0 120.0 County
10252.0 4196.0 184.0 116.0 jail
10532.0 4196.0 176.0 92.0 for
10792.0 4220.0 680.0 92.0 appearance
11564.0 4204.0 348.0 100.0 before

9744.0 4332.0 184.0 88.0 the
9988.0 4332.0 448.0 96.0 Federal
10488.0 4336.0 376.0 100.0 Grand
10928.0 4336.0 256.0 116.0 Jury
11248.0 4340.0 116.0 92.0 In
11428.0 4340.0 480.0 100.0 October.

9856.0 4468.0 232.0 96.0 The
10168.0 4492.0 240.0 72.0 men
10492.0 4496.0 280.0 68.0 were
10848.0 4476.0 484.0 92.0 arrested
11420.0 4476.0 448.0 100.0 Wednes-

9740.0 4608.0 208.0 112.0 day
10012.0 4608.0 132.0 112.0 by
10200.0 4608.0 392.0 96.0 United
10656.0 4612.0 352.0 96.0 States
11060.0 4616.0 380.0 92.0 Secret
11500.0 4616.0 408.0 100.0 Service

9740.0 4744.0 412.0 116.0 Agents
10284.0 4744.0 484.0 100.0 Richard
10892.0 4752.0 116.0 96.0 G.
11136.0 4752.0 448.0 92.0 Pfeffer
11704.0 4760.0 200.0 92.0 and

9736.0 4884.0 376.0 92.0 Jamea
10196.0 4884.0 312.0 112.0 King,
10588.0 4888.0 636.0 112.0 Cincinnati,
11304.0 4892.0 228.0 92.0 and
11616.0 4892.0 252.0 96.0 Sher-

9744.0 5020.0 136.0 92.0 iff
9960.0 5024.0 412.0 108.0 George
10460.0 5024.0 572.0 116.0 Baldrldge
11184.0 5032.0 228.0 92.0 and
11500.0 5032.0 408.0 120.0 Deputy

9736.0 5156.0 428.0 96.0 Grimes
10248.0 5164.0 480.0 108.0 Morgan,
10800.0 5164.0 280.0 92.0 West
11160.0 5168.0 392.0 104.0 Union,
11624.0 5172.0 280.0 92.0 Ohio.

10048.0 5436.0 760.0 132.0 Government
10880.0 5440.0 320.0 128.0 Loses
11280.0 5448.0 324.0 124.0 Case,

9860.0 5636.0 532.0 108.0 Evidence
10492.0 5644.0 384.0 116.0 failing
10984.0 5656.0 100.0 84.0 lo
11176.0 5660.0 468.0 108.0 support
11728.0 5660.0 168.0 96.0 the

9732.0 5780.0 460.0 112.0 charges
10256.0 5780.0 308.0 96.0 made
10632.0 5796.0 420.0 100.0 against
11112.0 5796.0 340.0 104.0 them,
11520.0 5792.0 372.0 104.0 United

9736.0 5912.0 364.0 96.0 States
10220.0 5916.0 832.0 100.0 Commissioner
11180.0 5928.0 488.0 96.0 William
11784.0 5936.0 108.0 96.0 P.

9732.0 6052.0 584.0 104.0 Hohmann
10380.0 6064.0 572.0 116.0 yesterday
11016.0 6068.0 584.0 96.0 dismissed
11664.0 6076.0 232.0 96.0 four

9740.0 6192.0 480.0 104.0 Negroes
10336.0 6196.0 244.0 92.0 who
10704.0 6200.0 204.0 92.0 had
11032.0 6204.0 268.0 96.0 been
11440.0 6212.0 456.0 116.0 charged

9740.0 6328.0 260.0 92.0 with
10044.0 6328.0 388.0 116.0 having
10468.0 6344.0 560.0 100.0 possessed
11100.0 6372.0 68.0 68.0 a
11236.0 6340.0 264.0 116.0 still,
11572.0 6348.0 324.0 112.0 mash,

9744.0 6472.0 212.0 92.0 and
10072.0 6464.0 336.0 120.0 liquor
10512.0 6476.0 120.0 88.0 at
10740.0 6476.0 216.0 92.0 1064
11112.0 6484.0 344.0 100.0 Clark
11564.0 6488.0 332.0 100.0 Street

9736.0 6604.0 252.0 116.0 July
10048.0 6608.0 60.0 96.0 2
10176.0 6612.0 100.0 92.0 in
10336.0 6612.0 516.0 96.0 violation
10912.0 6620.0 108.0 92.0 of
11080.0 6624.0 488.0 92.0 internal
11628.0 6652.0 232.0 72.0 revs-

9740.0 6764.0 208.0 68.0 nuo
10084.0 6744.0 280.0 96.0 laws.
10520.0 6752.0 224.0 92.0 The
10864.0 6760.0 656.0 96.0 defendants
11640.0 6792.0 256.0 76.0 were

9740.0 6876.0 296.0 128.0 Oaby
10120.0 6884.0 368.0 108.0 Miller,
10572.0 6888.0 120.0 96.0 21
10776.0 6916.0 304.0 88.0 years
11156.0 6900.0 212.0 108.0 old,
11468.0 6904.0 428.0 116.0 laborer,

9744.0 7012.0 180.0 96.0 426
10004.0 7020.0 360.0 100.0 Oliver
10444.0 7024.0 400.0 120.0 Street;
10936.0 7032.0 284.0 100.0 John
11308.0 7040.0 144.0 100.0 H.
11544.0 7044.0 356.0 112.0 Miller,

9744.0 7148.0 144.0 116.0 16,
10028.0 7156.0 224.0 96.0 1337
10384.0 7160.0 584.0 116.0 Baymlller
11100.0 7176.0 416.0 112.0 Street;
11664.0 7184.0 232.0 96.0 Mrs.

9736.0 7288.0 324.0 104.0 Anna
10148.0 7296.0 216.0 96.0 Lou
10464.0 7300.0 420.0 120.0 Inman,
10976.0 7308.0 144.0 112.0 34,
11232.0 7316.0 248.0 96.0 1064
11588.0 7320.0 304.0 96.0 Clark

9744.0 7428.0 388.0 108.0 Street,
10212.0 7440.0 204.0 92.0 and
10520.0 7444.0 588.0 116.0 Sophronla
11200.0 7452.0 484.0 116.0 Phillips,
11764.0 7464.0 136.0 108.0 40,

9744.0 7568.0 240.0 92.0 1062
10048.0 7572.0 384.0 96.0 Oehler
10504.0 7580.0 376.0 96.0 Street.

9880.0 7832.0 396.0 128.0 Orders
10360.0 7844.0 740.0 136.0 Defendant's
11184.0 7860.0 584.0 132.0 Removal.

9852.0 8032.0 304.0 116.0 Upon
10256.0 8048.0 412.0 96.0 motion
10752.0 8056.0 112.0 92.0 of
10932.0 8056.0 416.0 104.0 Robert
11436.0 8064.0 120.0 96.0 E.
11636.0 8072.0 220.0 96.0 Mar-

9732.0 8172.0 312.0 108.0 shall,
10148.0 8180.0 552.0 104.0 Assistant
10804.0 8188.0 440.0 108.0 District
11364.0 8204.0 536.0 116.0 Attorney,

9724.0 8304.0 356.0 116.0 Judge
10144.0 8312.0 348.0 100.0 Nevin
10564.0 8328.0 564.0 124.0 yesterday
11200.0 8340.0 456.0 104.0 ordered
11720.0 8348.0 172.0 92.0 the

9724.0 8452.0 480.0 92.0 removal
10272.0 8452.0 112.0 92.0 to
10456.0 8456.0 500.0 120.0 Trenton,
10992.0 8468.0 124.0 96.0 N.
11188.0 8472.0 140.0 112.0 J.,
11392.0 8476.0 120.0 96.0 of
11544.0 8476.0 348.0 100.0 James

9724.0 8572.0 372.0 116.0 Logan
10176.0 8584.0 560.0 124.0 Cardwell,
10820.0 8604.0 112.0 92.0 47
11004.0 8632.0 332.0 92.0 years
11420.0 8616.0 200.0 112.0 old,
11696.0 8616.0 160.0 96.0 for-

9724.0 8736.0 232.0 72.0 mer
10036.0 8728.0 344.0 104.0 postal
10468.0 8736.0 428.0 96.0 cashier
10968.0 8744.0 112.0 92.0 of
11156.0 8744.0 192.0 96.0 the
11432.0 8752.0 460.0 100.0 Atlantic

9720.0 8848.0 248.0 120.0 City
10124.0 8864.0 228.0 108.0 post
10520.0 8868.0 356.0 112.0 office,
11032.0 8880.0 172.0 92.0 for
11368.0 8888.0 248.0 88.0 trial
11760.0 8916.0 128.0 72.0 on

9720.0 8984.0 460.0 116.0 charges
10244.0 8996.0 244.0 100.0 that
10564.0 9000.0 132.0 96.0 he
10764.0 9004.0 604.0 104.0 embezzled
11444.0 9012.0 460.0 116.0 $3,224,28

9724.0 9132.0 116.0 92.0 of
9928.0 9136.0 340.0 108.0 postal
10356.0 9132.0 336.0 100.0 funds
10776.0 9144.0 244.0 120.0 May
11108.0 9152.0 152.0 96.0 25.
11384.0 9160.0 508.0 100.0 Cardwell

9720.0 9264.0 708.0 100.0 surrendered
10572.0 9276.0 112.0 96.0 to
10812.0 9280.0 624.0 100.0 Cincinnati
11580.0 9296.0 316.0 108.0 police

9720.0 9404.0 220.0 92.0 two
10028.0 9408.0 348.0 92.0 weeks
10468.0 9440.0 236.0 88.0 ago.
10812.0 9424.0 160.0 96.0 He
11052.0 9428.0 216.0 92.0 will
11360.0 9432.0 132.0 92.0 be
11576.0 9436.0 308.0 92.0 taken

9736.0 9532.0 276.0 100.0 back
10124.0 9540.0 128.0 116.0 by
10348.0 9572.0 68.0 64.0 a
10528.0 9548.0 396.0 120.0 deputy
11028.0 9552.0 408.0 104.0 United
11548.0 9568.0 344.0 96.0 States

9728.0 9680.0 504.0 96.0 Marshal.

9892.0 9952.0 348.0 128.0 Enter
10316.0 9960.0 740.0 164.0 Bankruptcy
11132.0 9968.0 600.0 140.0 Petitions.

9816.0 10156.0 592.0 124.0 Voluntary
10452.0 10172.0 500.0 108.0 petitions
11024.0 10180.0 104.0 88.0 in
11212.0 10176.0 676.0 128.0 bankruptcy

9728.0 10320.0 276.0 72.0 were
10072.0 10300.0 248.0 100.0 filed
10392.0 10312.0 108.0 88.0 in
10572.0 10308.0 440.0 104.0 District
11084.0 10316.0 352.0 100.0 Court
11504.0 10332.0 340.0 108.0 yester-

9720.0 10440.0 212.0 108.0 day
10004.0 10436.0 132.0 116.0 by
10200.0 10444.0 176.0 92.0 the
10452.0 10444.0 576.0 124.0 following:

9852.0 10568.0 432.0 120.0 Eugene
10360.0 10580.0 116.0 96.0 C.
10560.0 10584.0 412.0 116.0 Elcher,
11040.0 10604.0 608.0 104.0 carpenter,
11716.0 10604.0 168.0 96.0 844

9724.0 10708.0 524.0 100.0 Eleventh
10328.0 10720.0 388.0 104.0 Street,
10788.0 10728.0 736.0 112.0 Portsmouth,
11596.0 10744.0 288.0 96.0 Ohio.

9724.0 10840.0 364.0 112.0 Debts,
10160.0 10848.0 416.0 104.0 $618.54.
10644.0 10864.0 384.0 108.0 Assets,
11100.0 10868.0 272.0 108.0 $100,
11444.0 10872.0 440.0 104.0 claimed

9724.0 10992.0 452.0 104.0 exempt.

9844.0 11116.0 252.0 92.0 Sam
10200.0 11124.0 556.0 120.0 Crutcher,
10864.0 11140.0 252.0 92.0 shoe
11244.0 11152.0 632.0 108.0 repairman,

9724.0 11252.0 116.0 96.0 47
9912.0 11260.0 332.0 100.0 South
10328.0 11268.0 300.0 100.0 Main
10708.0 11276.0 368.0 112.0 Street,
11164.0 11280.0 716.0 120.0 Middletown,

9720.0 11392.0 304.0 96.0 Ohio.
10172.0 11400.0 368.0 108.0 Debts.
10628.0 11404.0 392.0 108.0 $542.26.
11180.0 11424.0 412.0 108.0 Assets,
11684.0 11432.0 196.0 112.0 $75,

9716.0 11528.0 456.0 104.0 claimed
10252.0 11556.0 456.0 96.0 exempt.

9844.0 11668.0 416.0 100.0 Donald
10440.0 11684.0 388.0 104.0 PU-rce,
10992.0 11696.0 276.0 92.0 steel
11448.0 11708.0 400.0 92.0 worker

9716.0 11800.0 352.0 96.0 Route
10156.0 11812.0 84.0 104.0 2,
10328.0 11812.0 628.0 112.0 Sciotovllle.
11048.0 11828.0 316.0 100.0 Ohio.
11520.0 11784.0 360.0 168.0 Debts,'

9716.0 11936.0 412.0 104.0 $3.'9.15.
10300.0 11956.0 400.0 108.0 Assets,
10796.0 11956.0 252.0 116.0 $500,
11144.0 11972.0 468.0 104.0 claimed
11712.0 12008.0 120.0 68.0 ex-

9712.0 12088.0 324.0 100.0 empt.
10116.0 12384.0 344.0 120.0 NEW
10532.0 12392.0 396.0 128.0 SUITS
10992.0 12400.0 492.0 132.0 FILED.
11928.0 12364.0 12.0 216.0 j

10104.0 12580.0 472.0 80.0 COMMON
10656.0 12588.0 344.0 84.0 PLEAS
11072.0 12600.0 408.0 80.0 COURT.

9808.0 12704.0 328.0 72.0 A.VS3:2
10248.0 12712.0 540.0 84.0 Application
10860.0 12724.0 92.0 72.0 of
11028.0 12728.0 144.0 72.0 the
11256.0 12732.0 280.0 68.0 Grin
11616.0 12736.0 256.0 76.0 Mtlh-
11928.0 12692.0 12.0 104.0 i

9700.0 12800.0 228.0 68.0 ooll
10040.0 12800.0 440.0 88.0 k;il:opl
10596.0 12812.0 324.0 72.0 Ctiureh
11020.0 12820.0 92.0 72.0 of
11224.0 12820.0 416.0 84.0 Norwood
11748.0 12840.0 132.0 72.0 lor

9696.0 12892.0 436.0 84.0 authority
10200.0 12904.0 84.0 68.0 lo
10348.0 12904.0 156.0 72.0 aril
10572.0 12916.0 168.0 68.0 nil
10804.0 12920.0 292.0 64.0 asiatr.
11928.0 12896.0 8.0 104.0 j

9812.0 13000.0 348.0 72.0 A.1S.IJ4,
10296.0 13000.0 320.0 68.0 iAiclllt
10736.0 13000.0 276.0 80.0 Coolli
11260.0 13024.0 104.0 56.0 vi
11528.0 13016.0 80.0 72.0 w

9692.0 13076.0 424.0 92.0 CoulKtgr.
10256.0 13088.0 164.0 72.0 Kor
10496.0 13096.0 356.0 80.0 divorce.

11648.0 13036.0 228.0 64.0 mam

9808.0 13180.0 348.0 76.0 ASS3S4.
10248.0 13184.0 372.0 76.0 William
10708.0 13196.0 60.0 68.0 r
10876.0 13192.0 436.0 80.0 Nkknann
11404.0 13216.0 96.0 56.0 va
11616.0 13208.0 256.0 76.0 Park-
11924.0 13184.0 16.0 96.0 !

9780.0 13288.0 108.0 68.0 sy
9956.0 13276.0 196.0 84.0 nila.
10228.0 13276.0 168.0 76.0 Inc.
10536.0 13284.0 352.0 76.0 Petition
10956.0 13308.0 104.0 52.0 on
11136.0 13300.0 316.0 80.0 appeal
11532.0 13300.0 212.0 76.0 died.
11924.0 13264.0 12.0 120.0 I

9808.0 13372.0 352.0 76.0 A5S,i25.
10240.0 13372.0 272.0 80.0 Marls
10572.0 13380.0 412.0 80.0 Bthrman
11048.0 13404.0 128.0 56.0 va.
11264.0 13396.0 288.0 72.0 Albert
11620.0 13400.0 248.0 72.0 Behr-
11924.0 13416.0 12.0 36.0 '

9692.0 13476.0 228.0 60.0 man.
10076.0 13464.0 152.0 80.0 Kor
10312.0 13476.0 296.0 68.0 divoir
10744.0 13484.0 152.0 68.0 and
10984.0 13484.0 416.0 72.0 alimony.

9808.0 13560.0 344.0 76.0 A5S32S.
10276.0 13568.0 348.0 84.0 Maggie
10736.0 13572.0 420.0 76.0 Rnhinion
11284.0 13600.0 52.0 52.0 v
11532.0 13584.0 336.0 76.0 Charlea
11924.0 13552.0 12.0 132.0 j

9704.0 13648.0 448.0 84.0 Robinson.
10328.0 13664.0 168.0 72.0 Kor
10604.0 13668.0 324.0 72.0 divorce
11036.0 13676.0 176.0 72.0 and
11332.0 13684.0 340.0 80.0 cuatody
11780.0 13688.0 92.0 68.0 of

9692.0 13752.0 252.0 72.0 child.
11924.0 13740.0 12.0 100.0 I

9816.0 13844.0 348.0 76.0 Af327.
10292.0 13848.0 460.0 80.0 Provident
10868.0 13856.0 372.0 84.0 Savings
11368.0 13860.0 232.0 80.0 Bank
11708.0 13872.0 164.0 72.0 and
11924.0 13844.0 12.0 96.0 !

9692.0 13932.0 260.0 80.0 Trut
10040.0 13944.0 440.0 88.0 Company
10572.0 13968.0 112.0 52.0 va.
10784.0 13944.0 224.0 80.0 Oora
11100.0 13952.0 472.0 80.0 Baehman.
11716.0 13964.0 160.0 72.0 For
11924.0 13960.0 12.0 64.0 I

9696.0 14032.0 296.0 80.0 $2,900
10056.0 14044.0 156.0 72.0 and
10284.0 14040.0 512.0 72.0 tortcioaiire
10856.0 14048.0 92.0 68.0 of
11012.0 14056.0 460.0 76.0 mortgage
11928.0 14028.0 12.0 88.0 i

9816.0 14132.0 348.0 72.0 ArJ28.
10236.0 14136.0 376.0 72.0 Seventh
10668.0 14140.0 244.0 76.0 Want
10980.0 14144.0 88.0 72.0 U
11292.0 14148.0 88.0 68.0 B.
11452.0 14148.0 428.0 84.0 Company
11928.0 14120.0 8.0 72.0 1

9704.0 14240.0 124.0 60.0 va.
9912.0 14228.0 384.0 72.0 Florence
10356.0 14228.0 356.0 92.0 Tierney
10772.0 14244.0 80.0 60.0 et
10908.0 14240.0 108.0 68.0 si.
11140.0 14240.0 168.0 68.0 For
11376.0 14236.0 272.0 88.0 S3.774
11708.0 14252.0 168.0 68.0 and
11928.0 14236.0 12.0 52.0 '

9704.0 14336.0 512.0 60.0 foreclosure
10276.0 14336.0 96.0 60.0 of
10440.0 14336.0 460.0 76.0 mortgage.

9816.0 14420.0 348.0 76.0 A5sm.
10244.0 14420.0 148.0 72.0 Pr.
10476.0 14420.0 112.0 72.0 w.
10676.0 14424.0 92.0 76.0 H.
10848.0 14420.0 428.0 92.0 Behymtr
11344.0 14436.0 120.0 64.0 va.
11536.0 14424.0 340.0 80.0 Tranela

9700.0 14508.0 464.0 72.0 Oaierholi.
10312.0 14512.0 168.0 76.0 For
10560.0 14516.0 220.0 76.0 Slot.

9824.0 14604.0 348.0 72.0 AV13:iO.
10240.0 14600.0 372.0 80.0 Ufldred
10680.0 14616.0 464.0 72.0 nroaamaa
11216.0 14624.0 132.0 60.0 vs.
11420.0 14612.0 292.0 92.0 Sidney
11776.0 14616.0 96.0 76.0 R.

9704.0 14696.0 460.0 72.0 Qroeaman
10348.0 14704.0 164.0 68.0 For
10588.0 14704.0 352.0 72.0 divorce.

9816.0 14796.0 268.0 68.0 AhiS
10296.0 14792.0 312.0 76.0 Steven
10688.0 14796.0 88.0 80.0 V.
10852.0 14800.0 300.0 68.0 Stltael
11232.0 14816.0 128.0 56.0 va.
11440.0 14800.0 268.0 88.0 Slyvla
11780.0 14804.0 92.0 76.0 P.

9696.0 14888.0 324.0 68.0 glltrel.
10148.0 14884.0 156.0 72.0 For
10368.0 14892.0 336.0 72.0 divorce
10768.0 14892.0 156.0 76.0 and
10988.0 14896.0 376.0 88.0 cuatody
11420.0 14900.0 92.0 68.0 ot
11572.0 14896.0 232.0 68.0 child.

9804.0 14980.0 344.0 72.0 AM332.
10224.0 14984.0 296.0 72.0 Mount
10584.0 14988.0 604.0 76.0 Carmel-Deer
11252.0 14988.0 224.0 72.0 Park
11540.0 14988.0 332.0 88.0 Baptiit

9688.0 15072.0 340.0 76.0 Church
10104.0 15076.0 92.0 72.0 or
10284.0 15076.0 544.0 84.0 Roaamnyne,
10912.0 15080.0 244.0 76.0 Ohio,
11256.0 15080.0 204.0 76.0 filed
11536.0 15100.0 100.0 60.0 an
11716.0 15100.0 112.0 68.0 ap-

9688.0 15172.0 400.0 80.0 plication
10192.0 15172.0 132.0 72.0 for
10428.0 15176.0 432.0 88.0 authority
10956.0 15188.0 88.0 60.0 lo
11148.0 15184.0 448.0 72.0 mortgage
11688.0 15180.0 176.0 68.0 real

9688.0 15276.0 284.0 60.0 ealale

9804.0 15360.0 320.0 72.0 ASS3M
10228.0 15360.0 176.0 76.0 Tell
10540.0 15360.0 244.0 80.0 Rlaff
10852.0 15380.0 120.0 60.0 va.
11052.0 15360.0 180.0 80.0 Io
11308.0 15360.0 268.0 80.0 Klder.
11704.0 15364.0 168.0 76.0 For

9692.0 15456.0 204.0 84.0 l0o
9960.0 15460.0 436.0 80.0 damagea.

9804.0 15556.0 344.0 76.0 A5S334.
10244.0 15552.0 364.0 76.0 Michael
10692.0 15552.0 412.0 76.0 Wiiliami
11188.0 15568.0 132.0 56.0 v.
11420.0 15552.0 448.0 76.0 Katherlns

9724.0 15644.0 436.0 80.0 Wllllame.
10296.0 15648.0 116.0 72.0 Fo
10524.0 15652.0 352.0 76.0 divorce.

9976.0 15748.0 40.0 60.0 :!
10216.0 15752.0 124.0 64.0 F.s
10504.0 15744.0 192.0 72.0 Side
10760.0 15744.0 60.0 64.0 B
11048.0 15736.0 72.0 76.0 t,
11228.0 15740.0 428.0 80.0 Potvpinv
11720.0 15760.0 52.0 52.0 v

11104.0 16368.0 1552.0 960.0 SHI

10816.0 17744.0 368.0 512.0 4
11424.0 17712.0 1984.0 672.0 cigarettes

12344.0 1848.0 596.0 212.0 Yodels
13020.0 1868.0 212.0 200.0 To
13312.0 1872.0 624.0 208.0 Record

12320.0 2316.0 748.0 124.0 Washington,
13136.0 2332.0 244.0 120.0 July
13456.0 2344.0 64.0 92.0 8
13708.0 2344.0 216.0 112.0 A1')

12196.0 2480.0 400.0 104.0 Robert
12696.0 2488.0 380.0 120.0 Sauer,
13172.0 2500.0 496.0 124.0 Warren,
13756.0 2516.0 300.0 108.0 Ohio.

12196.0 2652.0 220.0 120.0 Boy
12484.0 2656.0 360.0 120.0 Scout,
12916.0 2656.0 444.0 108.0 claimed
13432.0 2696.0 308.0 76.0 some
13800.0 2680.0 252.0 100.0 kind

12192.0 2828.0 120.0 100.0 of
12380.0 2844.0 64.0 76.0 a
12516.0 2840.0 380.0 100.0 record
12976.0 2824.0 312.0 120.0 today
13368.0 2832.0 112.0 104.0 In
13564.0 2840.0 184.0 92.0 the
13824.0 2872.0 224.0 92.0 way

12188.0 2980.0 124.0 100.0 of
12372.0 2988.0 528.0 116.0 yodellng.

12312.0 3152.0 560.0 124.0 Enduring
13040.0 3160.0 484.0 124.0 multiple
13684.0 3176.0 364.0 100.0 taunts

12184.0 3320.0 216.0 100.0 and
12480.0 3324.0 364.0 96.0 threat
12996.0 3328.0 272.0 104.0 from
13352.0 3344.0 308.0 88.0 scout
13680.0 3352.0 364.0 104.0 mates,

12188.0 3484.0 136.0 100.0 he
12388.0 3484.0 444.0 124.0 yodeled
12904.0 3492.0 176.0 100.0 S01
13152.0 3520.0 368.0 72.0 verses
13588.0 3504.0 116.0 100.0 of
13768.0 3508.0 280.0 104.0 "The

12188.0 3652.0 192.0 116.0 Fly
12452.0 3656.0 184.0 96.0 Sat
12708.0 3660.0 180.0 104.0 On
12960.0 3656.0 220.0 104.0 The
13248.0 3660.0 372.0 104.0 Wall."

12308.0 3816.0 216.0 100.0 The
12600.0 3848.0 284.0 104.0 song
12964.0 3832.0 96.0 100.0 Is
13128.0 3856.0 252.0 92.0 easy
13460.0 3832.0 124.0 96.0 to
13664.0 3864.0 344.0 76.0 memo-

12184.0 3988.0 240.0 96.0 rize.
12544.0 3988.0 324.0 100.0 After
12932.0 3996.0 188.0 92.0 the
13180.0 4000.0 468.0 124.0 opening
13712.0 4008.0 332.0 116.0 yodel,

12184.0 4148.0 88.0 100.0 It
12328.0 4176.0 248.0 96.0 goes
12636.0 4156.0 224.0 96.0 like
12924.0 4160.0 256.0 100.0 this:
13300.0 4164.0 296.0 96.0 "The
13656.0 4180.0 384.0 96.0 second

12184.0 4340.0 300.0 72.0 verse
12548.0 4324.0 92.0 96.0 is
12708.0 4324.0 192.0 100.0 the
12964.0 4356.0 292.0 68.0 same
13316.0 4356.0 132.0 68.0 as
13516.0 4336.0 184.0 96.0 the
13768.0 4340.0 272.0 120.0 first,

12184.0 4484.0 180.0 96.0 the
12424.0 4488.0 148.0 116.0 fly
12636.0 4492.0 176.0 92.0 sat
12876.0 4516.0 144.0 76.0 on
13080.0 4496.0 176.0 96.0 tha
13316.0 4496.0 348.0 100.0 wall."
13780.0 4512.0 264.0 116.0 Etc.,

12180.0 4656.0 196.0 96.0 etc.

12004.0 5216.0 372.0 64.0 Rdwaf-rl
12448.0 5220.0 88.0 60.0 T.
12624.0 5224.0 324.0 56.0 TlAi'lae
13016.0 5248.0 44.0 32.0 at
13068.0 5240.0 20.0 40.0 I
13168.0 5236.0 80.0 44.0 at
13424.0 5236.0 164.0 44.0 Vas
13664.0 5240.0 88.0 40.0 M
13796.0 5248.0 144.0 32.0 n.,n

11996.0 5312.0 520.0 80.0 forcctomrt
12588.0 5320.0 100.0 76.0 ot
12772.0 5328.0 468.0 84.0 mortj(B.

12112.0 5412.0 352.0 76.0 Aifc336.
12544.0 5416.0 80.0 72.0 M
12736.0 5416.0 92.0 72.0 L.
12912.0 5420.0 200.0 68.0 PoU
13176.0 5444.0 88.0 44.0 v.
13372.0 5420.0 228.0 68.0 lali
13716.0 5432.0 40.0 56.0 J
13868.0 5436.0 308.0 52.0 Rnahm

12052.0 5504.0 36.0 76.0 t
12152.0 5508.0 112.0 72.0 nl.
12384.0 5508.0 160.0 76.0 Jor
12604.0 5516.0 44.0 64.0 I
12660.0 5516.0 156.0 72.0 JIB
12860.0 5512.0 104.0 80.0 50
13024.0 5520.0 160.0 72.0 and
13248.0 5524.0 520.0 68.0 lorecioaura
13828.0 5536.0 92.0 56.0 of
13984.0 5536.0 160.0 56.0 h-n

12668.0 6156.0 828.0 344.0 This
13808.0 6172.0 740.0 340.0 will
14864.0 6176.0 880.0 464.0 keep
16040.0 6300.0 712.0 340.0 you
17088.0 6156.0 996.0 348.0 cool!

13784.0 6856.0 2320.0 424.0 "ICELAND
16408.0 6856.0 528.0 416.0 Jr."

13492.0 7580.0 1396.0 400.0 Portable
15188.0 7588.0 540.0 392.0 Air
16028.0 7584.0 1204.0 404.0 Cooler

12640.0 12736.0 368.0 128.0 What
13104.0 12788.0 68.0 76.0 a
13272.0 12784.0 84.0 72.0 vi
13384.0 12740.0 288.0 128.0 hale
13760.0 12740.0 144.0 128.0 of
14000.0 12788.0 68.0 80.0 a
14168.0 12744.0 716.0 124.0 difference
14992.0 12744.0 76.0 124.0 it
15172.0 12744.0 244.0 124.0 will
15524.0 12740.0 372.0 132.0 make
15992.0 12740.0 124.0 128.0 In
16236.0 12740.0 576.0 164.0 alecping
16912.0 12732.0 556.0 124.0 comfort
17572.0 12768.0 168.0 80.0 on
17844.0 12724.0 216.0 124.0 hoi

12632.0 12948.0 432.0 156.0 nights
13156.0 13032.0 308.0 48.0 ...
13560.0 12992.0 148.0 80.0 or
13800.0 12952.0 124.0 116.0 in
14028.0 12948.0 212.0 124.0 the
14340.0 12972.0 924.0 136.0 temperatures
15360.0 12948.0 148.0 124.0 of
15608.0 12992.0 320.0 116.0 your
16024.0 12948.0 400.0 124.0 office
16540.0 12940.0 476.0 160.0 during
17112.0 12936.0 208.0 124.0 the
17424.0 12932.0 276.0 160.0 day.
17856.0 12928.0 216.0 128.0 It's

12632.0 13152.0 408.0 140.0 clean,
13120.0 13148.0 288.0 124.0 cool
13500.0 13156.0 188.0 116.0 air
13768.0 13156.0 100.0 120.0 is
13944.0 13148.0 576.0 128.0 diffused
14612.0 13156.0 276.0 120.0 into
14976.0 13152.0 200.0 124.0 the
15264.0 13196.0 376.0 80.0 room
15728.0 13152.0 520.0 124.0 without
16332.0 13148.0 344.0 124.0 draft
16776.0 13232.0 40.0 40.0 .
16904.0 13232.0 32.0 40.0 .
17028.0 13232.0 28.0 36.0 .
17140.0 13140.0 200.0 124.0 it's
17420.0 13124.0 640.0 140.0 healthful

12636.0 13404.0 68.0 72.0 a
12880.0 13356.0 256.0 120.0 well
13240.0 13400.0 144.0 80.0 as
13480.0 13356.0 548.0 156.0 cooling.
14212.0 13356.0 620.0 164.0 Operates
14936.0 13356.0 344.0 124.0 from
15388.0 13356.0 216.0 124.0 the
15704.0 13352.0 344.0 128.0 draft
16144.0 13352.0 148.0 128.0 of
16388.0 13396.0 240.0 116.0 any
16732.0 13352.0 336.0 160.0 good
17176.0 13344.0 500.0 128.0 electric
17784.0 13344.0 276.0 124.0 fan.

12636.0 13564.0 232.0 120.0 See
12936.0 13604.0 236.0 80.0 one
13244.0 13564.0 128.0 116.0 in
13452.0 13568.0 668.0 152.0 operation
14192.0 13564.0 124.0 120.0 in
14380.0 13560.0 208.0 124.0 the
14648.0 13556.0 632.0 128.0 electrical
15356.0 13560.0 808.0 164.0 department
16240.0 13584.0 116.0 100.0 at
16440.0 13552.0 640.0 164.0 Mahley's.

13096.0 13984.0 668.0 160.0 Electric
13836.0 13984.0 324.0 156.0 Fan
14324.0 13984.0 572.0 156.0 Priced
15028.0 14096.0 40.0 52.0 .
15212.0 14096.0 44.0 52.0 .
15408.0 14096.0 40.0 48.0 .
15604.0 13984.0 452.0 184.0 6.95,
16140.0 13984.0 412.0 160.0 8.95
16632.0 13988.0 328.0 156.0 and
17060.0 13984.0 500.0 156.0 16.95

13932.0 14432.0 340.0 160.0 Fifth
14360.0 14432.0 420.0 128.0 Floor.
14916.0 14428.0 736.0 164.0 Telephone
15736.0 14436.0 508.0 160.0 Cllerry
16328.0 14432.0 344.0 124.0 7400

13584.0 16368.0 144.0 688.0 i

14324.0 1600.0 488.0 164.0 HORSE
14884.0 1600.0 448.0 156.0 SHOW
15400.0 1596.0 196.0 160.0 TO
15668.0 1596.0 300.0 156.0 TOP
16040.0 1592.0 272.0 156.0 ALL

14460.0 1804.0 176.0 156.0 AT
14708.0 1800.0 796.0 168.0 CARTHAGE
15576.0 1800.0 380.0 180.0 FAIR,
16024.0 1800.0 132.0 152.0 IS
16224.0 1792.0 236.0 152.0 TIP

14428.0 2132.0 424.0 104.0 Entries
14920.0 2132.0 112.0 100.0 In
15104.0 2132.0 176.0 96.0 the
15352.0 2136.0 320.0 96.0 horse
15736.0 2132.0 300.0 92.0 show
16104.0 2128.0 112.0 92.0 at
16280.0 2124.0 180.0 92.0 the

14308.0 2272.0 524.0 112.0 Carthage
14916.0 2272.0 260.0 96.0 Fair
15256.0 2268.0 632.0 116.0 September
15964.0 2260.0 268.0 96.0 15-18
16312.0 2260.0 100.0 88.0 in-

14304.0 2412.0 340.0 92.0 dicate
14760.0 2404.0 256.0 92.0 that
15096.0 2400.0 212.0 104.0 this
15400.0 2404.0 356.0 116.0 year's
15856.0 2396.0 292.0 108.0 rings
16248.0 2388.0 208.0 96.0 will

14308.0 2552.0 180.0 108.0 top
14576.0 2540.0 136.0 96.0 all
14812.0 2540.0 496.0 116.0 previous
15396.0 2560.0 296.0 80.0 ones,
15788.0 2536.0 124.0 92.0 D.
16012.0 2536.0 120.0 88.0 R.
16224.0 2528.0 228.0 96.0 Van

14300.0 2684.0 280.0 100.0 Atta,
14660.0 2676.0 560.0 112.0 Secretary
15292.0 2672.0 116.0 96.0 of
15480.0 2672.0 188.0 96.0 the
15752.0 2668.0 252.0 96.0 Fair
16072.0 2656.0 384.0 108.0 Board,

14308.0 2808.0 476.0 120.0 reported
14884.0 2808.0 596.0 120.0 yesterday.
15640.0 2800.0 224.0 104.0 The
15960.0 2812.0 492.0 104.0 program

14312.0 2948.0 188.0 96.0 has
14612.0 2944.0 260.0 92.0 been
14996.0 2936.0 552.0 120.0 expanded
15672.0 2936.0 212.0 92.0 and
16004.0 2936.0 180.0 88.0 the
16300.0 2952.0 112.0 68.0 re-

14300.0 3100.0 376.0 96.0 sponse
14788.0 3080.0 200.0 88.0 has
15104.0 3072.0 252.0 96.0 been
15468.0 3068.0 748.0 100.0 enthusiastic,
16328.0 3060.0 128.0 92.0 he

14296.0 3216.0 212.0 96.0 told
14640.0 3216.0 408.0 96.0 former
15168.0 3208.0 556.0 96.0 Governor
15852.0 3204.0 352.0 116.0 Myers
16328.0 3184.0 120.0 112.0 t.

14296.0 3352.0 428.0 108.0 Cooper.
14788.0 3348.0 560.0 96.0 President
15408.0 3344.0 120.0 92.0 of
15592.0 3344.0 184.0 92.0 tlie
15844.0 3336.0 376.0 100.0 Board.

14416.0 3484.0 152.0 100.0 W.
14620.0 3480.0 324.0 96.0 Mack
15004.0 3480.0 484.0 100.0 Johnson
15548.0 3476.0 92.0 96.0 Is
15696.0 3472.0 580.0 100.0 Chairman
16336.0 3464.0 120.0 100.0 of

14300.0 3620.0 172.0 96.0 the
14548.0 3620.0 644.0 92.0 committee.
15324.0 3612.0 584.0 92.0 Lawrcnco
15984.0 3616.0 108.0 92.0 P.
16164.0 3604.0 288.0 96.0 Lake

14300.0 3756.0 204.0 92.0 and
14576.0 3752.0 228.0 96.0 Van
14876.0 3752.0 268.0 100.0 Atta
15212.0 3748.0 208.0 96.0 will
15492.0 3764.0 312.0 80.0 serve
15872.0 3744.0 256.0 96.0 with
16200.0 3740.0 252.0 96.0 him.

14292.0 3888.0 248.0 96.0 Earl
14624.0 3884.0 644.0 112.0 Bernhardt,
15348.0 3884.0 580.0 96.0 President
16008.0 3880.0 116.0 96.0 of
16264.0 3880.0 184.0 92.0 the

14292.0 4024.0 600.0 96.0 Cincinnati
14980.0 4020.0 692.0 96.0 Horsemon's
15740.0 4012.0 708.0 112.0 Association,

14296.0 4156.0 188.0 108.0 has
14564.0 4156.0 420.0 100.0 offered
15068.0 4156.0 160.0 96.0 his
15304.0 4152.0 724.0 116.0 cooperation.
16164.0 4148.0 244.0 96.0 Clar-

14292.0 4316.0 252.0 72.0 ence
14668.0 4296.0 384.0 92.0 Peters
15184.0 4292.0 188.0 92.0 haa
15500.0 4292.0 272.0 92.0 been
15872.0 4280.0 576.0 124.0 appointed

14292.0 4432.0 672.0 100.0 ringmaster.

14408.0 4564.0 204.0 92.0 For
14696.0 4564.0 188.0 96.0 the
14996.0 4564.0 232.0 96.0 first
15328.0 4560.0 260.0 92.0 time
15684.0 4560.0 240.0 116.0 polo
16020.0 4560.0 424.0 92.0 mounts

14292.0 4700.0 200.0 100.0 will
14588.0 4700.0 116.0 92.0 be
14804.0 4696.0 516.0 96.0 included.
15480.0 4700.0 88.0 88.0 A
15664.0 4716.0 228.0 72.0 new
15988.0 4692.0 452.0 92.0 division

14292.0 4836.0 188.0 92.0 has
14580.0 4832.0 260.0 96.0 been
14944.0 4828.0 532.0 116.0 arranged
15588.0 4832.0 168.0 92.0 for
15864.0 4820.0 576.0 120.0 registered

14284.0 4972.0 292.0 88.0 draft
14656.0 4972.0 376.0 92.0 horsea
15104.0 4972.0 108.0 92.0 of
15288.0 4968.0 180.0 88.0 the
15552.0 4968.0 604.0 92.0 Percheron
16232.0 4956.0 212.0 96.0 and

14288.0 5104.0 436.0 108.0 Belgian
14788.0 5108.0 336.0 112.0 types.

14404.0 5240.0 332.0 92.0 Other
14812.0 5244.0 392.0 108.0 phases
15276.0 5240.0 116.0 92.0 of
15480.0 5240.0 184.0 88.0 the
15748.0 5240.0 208.0 92.0 fair
16036.0 5240.0 204.0 84.0 will
16320.0 5240.0 124.0 80.0 be

14284.0 5372.0 540.0 96.0 discussed
14964.0 5376.0 136.0 96.0 by
15228.0 5372.0 180.0 96.0 the
15544.0 5372.0 332.0 92.0 board
16016.0 5376.0 116.0 84.0 at
16264.0 5364.0 180.0 92.0 the

14272.0 5512.0 640.0 92.0 courthouse
14988.0 5504.0 212.0 104.0 this
15260.0 5508.0 612.0 92.0 afternoon.

14912.0 20832.0 560.0 392.0 YOU
15608.0 20840.0 816.0 376.0 CAN'T

14904.0 21400.0 888.0 376.0 STALE
15936.0 21400.0 520.0 368.0 OLD

14976.0 22112.0 496.0 168.0 JIGHT
15556.0 22136.0 204.0 124.0 jes
15888.0 22132.0 144.0 84.0 as
16132.0 22096.0 288.0 124.0 well

14520.0 17828.0 284.0 76.0 OUtll
14860.0 17832.0 312.0 76.0 JACKIT
15220.0 17832.0 116.0 76.0 OS
15416.0 17808.0 84.0 132.0 J
16052.0 17732.0 1076.0 208.0 tjARETTlZ
17172.0 17888.0 108.0 52.0 rv

14616.0 17952.0 648.0 72.0 XIUOPHANI-

14532.0 18096.0 284.0 76.0 O'lNl
14868.0 18100.0 240.0 76.0 r-IOM
15160.0 18100.0 156.0 76.0 tHI
16020.0 18040.0 868.0 192.0 ?",,4a.

14972.0 22320.0 60.0 160.0 f
15188.0 22296.0 632.0 176.0 Grandpa
15884.0 22296.0 308.0 140.0 used
16268.0 22312.0 136.0 120.0 to
16468.0 22292.0 624.0 176.0 grumble,
17164.0 22296.0 676.0 140.0 whenever
17908.0 22296.0 64.0 136.0 I
18040.0 22296.0 136.0 136.0 lit
18244.0 22340.0 192.0 128.0 up

14812.0 22560.0 72.0 96.0 a
14944.0 22512.0 664.0 176.0 cigarette.

14968.0 22792.0 280.0 140.0 But
15344.0 22788.0 164.0 144.0 he
15608.0 22792.0 280.0 176.0 quit
15980.0 22788.0 388.0 184.0 being
16456.0 22788.0 804.0 184.0 pernickety,
17356.0 22788.0 228.0 144.0 the
17680.0 22784.0 488.0 144.0 minute
18256.0 22780.0 176.0 140.0 he

14812.0 23004.0 328.0 144.0 tried
15216.0 23052.0 248.0 92.0 one
15540.0 23008.0 132.0 140.0 of
15744.0 23056.0 216.0 128.0 my
16032.0 23008.0 260.0 140.0 Old
16368.0 23008.0 448.0 140.0 Golds.
16900.0 23004.0 152.0 140.0 "I
17124.0 23020.0 224.0 160.0 got
17424.0 23020.0 144.0 120.0 to
17644.0 22992.0 540.0 164.0 admit,"
18260.0 22992.0 176.0 144.0 he

14812.0 23216.0 744.0 160.0 confessed,'
15592.0 23216.0 340.0 144.0 "this
15992.0 23216.0 280.0 144.0 here
16328.0 23220.0 624.0 176.0 cigarette
17012.0 23216.0 108.0 140.0 is
17176.0 23212.0 344.0 144.0 fresh
17588.0 23208.0 220.0 144.0 an'
17868.0 23224.0 348.0 160.0 tasty
18280.0 23256.0 152.0 96.0 as

14808.0 23432.0 476.0 144.0 berries
15348.0 23428.0 212.0 148.0 an'
15624.0 23444.0 480.0 132.0 cream!
16216.0 23432.0 320.0 140.0 Fact
16600.0 23432.0 112.0 140.0 is
16780.0 23532.0 236.0 40.0 ...
17084.0 23428.0 68.0 140.0 I
17216.0 23424.0 240.0 140.0 Wee
17516.0 23420.0 260.0 144.0 it!"

16128.0 23612.0 60.0 56.0 a

14956.0 23716.0 164.0 128.0 So
15160.0 23716.0 236.0 128.0 will
15448.0 23728.0 296.0 152.0 you!
15788.0 23816.0 28.0 36.0 .
15872.0 23816.0 24.0 32.0 .
15952.0 23812.0 28.0 40.0 .
16028.0 23716.0 236.0 132.0 Old
16312.0 23716.0 368.0 128.0 Golds
16736.0 23760.0 192.0 80.0 are
16984.0 23728.0 284.0 144.0 Umiy
17320.0 23708.0 504.0 128.0 because
17876.0 23704.0 200.0 136.0 the
18120.0 23704.0 316.0 168.0 prize

14808.0 23964.0 260.0 116.0 crop
15148.0 23912.0 600.0 152.0 tobaccos,
15828.0 23912.0 508.0 132.0 blended
16408.0 23916.0 124.0 124.0 in
16608.0 23916.0 372.0 140.0 them,
17060.0 23916.0 264.0 156.0 give
17400.0 23908.0 340.0 128.0 these
17816.0 23908.0 616.0 160.0 cigarettes

14812.0 24164.0 148.0 80.0 an
15032.0 24116.0 640.0 160.0 appealing
15736.0 24112.0 868.0 128.0 double-mellmp
16676.0 24112.0 376.0 124.0 flavor
17124.0 24108.0 156.0 124.0 all
17352.0 24104.0 312.0 128.0 their
17744.0 24116.0 304.0 116.0 own!
18152.0 24104.0 280.0 136.0 And

14808.0 24312.0 224.0 128.0 Old
15124.0 24312.0 376.0 128.0 Golds
15588.0 24356.0 196.0 84.0 are
15840.0 24312.0 364.0 160.0 fresh,
16292.0 24304.0 500.0 132.0 because
16880.0 24348.0 352.0 116.0 every
17320.0 24300.0 180.0 128.0 bit
17588.0 24300.0 128.0 124.0 of
17800.0 24300.0 296.0 128.0 their
18176.0 24300.0 252.0 132.0 rich

14812.0 24512.0 372.0 128.0 flavor
15232.0 24508.0 240.0 128.0 and
15524.0 24512.0 600.0 160.0 fragrance
16176.0 24508.0 96.0 132.0 is
16320.0 24500.0 524.0 168.0 guarded
16892.0 24504.0 300.0 124.0 from
17240.0 24500.0 536.0 160.0 dryness,
17828.0 24500.0 304.0 144.0 dust,
18184.0 24496.0 248.0 136.0 and

14812.0 24712.0 672.0 156.0 dampness,
15536.0 24704.0 164.0 164.0 by
15764.0 24752.0 148.0 84.0 an
15972.0 24704.0 584.0 128.0 exclusive
16620.0 24700.0 400.0 132.0 double
17080.0 24696.0 728.0 160.0 Cellophane
17872.0 24696.0 552.0 164.0 package.

14812.0 24904.0 636.0 132.0 Protected
15560.0 24904.0 164.0 160.0 by
15832.0 24944.0 156.0 88.0 an
16104.0 24908.0 512.0 120.0 EXTRA
16720.0 24896.0 404.0 164.0 jacket
17236.0 24892.0 120.0 128.0 of
17472.0 24896.0 960.0 160.0 moisture-proof

14808.0 25104.0 768.0 160.0 Cellophane,
15648.0 25120.0 204.0 108.0 tVo
15908.0 25096.0 464.0 164.0 jackets
16436.0 25092.0 472.0 136.0 instead
16976.0 25092.0 120.0 128.0 of
17160.0 25136.0 220.0 80.0 one
17452.0 25184.0 28.0 36.0 .
17560.0 25188.0 32.0 32.0 .
17668.0 25188.0 28.0 36.0 .
17768.0 25092.0 224.0 132.0 Old
18056.0 25092.0 372.0 136.0 Golds

14808.0 25304.0 448.0 124.0 remain
15328.0 25292.0 748.0 168.0 delightfully
16128.0 25292.0 236.0 132.0 and
16432.0 25284.0 664.0 160.0 healthfully
17160.0 25292.0 480.0 124.0 FRESH
17704.0 25284.0 444.0 168.0 despite
18208.0 25292.0 220.0 132.0 the

14812.0 25516.0 316.0 112.0 most
15176.0 25496.0 412.0 160.0 trying
15632.0 25492.0 276.0 160.0 July
15960.0 25492.0 556.0 132.0 weather.

14952.0 25752.0 356.0 136.0 Good
15368.0 25776.0 136.0 112.0 to
15564.0 25800.0 296.0 116.0 your
15916.0 25772.0 356.0 128.0 taste,
16340.0 25748.0 236.0 136.0 and
16644.0 25744.0 304.0 164.0 good
17008.0 25764.0 136.0 112.0 to
17200.0 25788.0 236.0 120.0 you
17508.0 25844.0 32.0 36.0 .
17612.0 25844.0 32.0 36.0 .
17716.0 25848.0 32.0 32.0 .
17808.0 25796.0 232.0 120.0 you
18096.0 25760.0 332.0 136.0 can't

14804.0 26004.0 148.0 120.0 go
15000.0 25960.0 304.0 124.0 stale
15360.0 26000.0 152.0 80.0 on
15568.0 25964.0 468.0 116.0 FRESH
16084.0 25952.0 236.0 132.0 Old
16372.0 25948.0 424.0 128.0 Golds!

16220.0 26292.0 116.0 120.0 P.

14812.0 27152.0 328.0 236.0 IT'S
15208.0 27148.0 348.0 236.0 THE
15624.0 27144.0 564.0 236.0 EXTRA
16248.0 27140.0 772.0 236.0 JACKET!
17088.0 27220.0 340.0 196.0 Every
17468.0 27236.0 300.0 180.0 pack
17812.0 27240.0 116.0 148.0 of
17964.0 27240.0 412.0 156.0 Double-

14808.0 27472.0 456.0 152.0 Mellow
15336.0 27484.0 232.0 140.0 OLD
15640.0 27476.0 392.0 140.0 GOLDS
16096.0 27468.0 104.0 144.0 is
16264.0 27468.0 544.0 184.0 wrapped
16872.0 27460.0 104.0 156.0 in
17040.0 27476.0 272.0 140.0 TWO
17376.0 27472.0 460.0 188.0 jackets
18020.0 27484.0 412.0 152.0 double

14812.0 27704.0 728.0 188.0 Cellophane.
15616.0 27704.0 280.0 152.0 That
15944.0 27720.0 324.0 128.0 extra
16316.0 27704.0 396.0 188.0 jacket
16760.0 27704.0 360.0 184.0 keeps
17172.0 27724.0 228.0 136.0 OLD
17464.0 27728.0 396.0 136.0 GOLDS
17908.0 27716.0 104.0 148.0 in
18060.0 27720.0 372.0 180.0 prime

14804.0 27944.0 580.0 160.0 condition
15424.0 27944.0 108.0 164.0 in
15576.0 27984.0 208.0 160.0 any
15832.0 27944.0 520.0 160.0 climate.
16416.0 27940.0 232.0 164.0 You
16696.0 27960.0 324.0 148.0 cant
17056.0 27948.0 212.0 196.0 buy
17308.0 27988.0 64.0 124.0 a
17416.0 27952.0 316.0 160.0 stale
17776.0 27964.0 224.0 152.0 OLD
18060.0 27964.0 380.0 176.0 GOLD,

16560.0 1580.0 848.0 188.0 SENATOR
17496.0 1576.0 172.0 184.0 IS
17768.0 1564.0 596.0 192.0 GUEST

16900.0 1848.0 368.0 176.0 FOR
17336.0 1836.0 628.0 184.0 MOOSE
18040.0 1824.0 692.0 192.0 OUTING

16688.0 2308.0 388.0 104.0 United
17176.0 2308.0 356.0 96.0 States
17628.0 2304.0 460.0 92.0 Senator
18180.0 2300.0 360.0 104.0 James
18628.0 2300.0 108.0 116.0 J,

16568.0 2484.0 328.0 96.0 Davis
17016.0 2476.0 120.0 100.0 of
17252.0 2464.0 832.0 124.0 Pennsylvania,
18204.0 2468.0 484.0 100.0 Director-

16564.0 2644.0 460.0 104.0 General
17152.0 2644.0 116.0 96.0 of
17392.0 2640.0 180.0 96.0 the
17692.0 2632.0 336.0 120.0 Loyal
18160.0 2636.0 332.0 96.0 Order
18612.0 2636.0 124.0 100.0 of

16572.0 2816.0 384.0 112.0 Moose,
17048.0 2812.0 212.0 96.0 will
17344.0 2808.0 124.0 96.0 be
17552.0 2808.0 316.0 120.0 guest
17952.0 2804.0 124.0 96.0 of
18160.0 2800.0 332.0 100.0 honor
18576.0 2812.0 116.0 92.0 to-

16568.0 3008.0 456.0 76.0 morrow
17128.0 2984.0 116.0 96.0 at
17348.0 2976.0 180.0 96.0 the
17628.0 2976.0 412.0 96.0 annual
18144.0 2972.0 368.0 120.0 outing
18612.0 2972.0 124.0 100.0 of

16568.0 3148.0 612.0 104.0 Cincinnati
17272.0 3144.0 352.0 116.0 Lodge
17720.0 3140.0 196.0 96.0 No.
18016.0 3140.0 60.0 96.0 2
18168.0 3144.0 116.0 96.0 at
18376.0 3136.0 356.0 124.0 Coney

16564.0 3316.0 392.0 108.0 Island.

16680.0 3488.0 352.0 116.0 Judge
17096.0 3484.0 236.0 100.0 Otis
17388.0 3484.0 132.0 96.0 R.
17588.0 3476.0 308.0 112.0 Hess,
17964.0 3476.0 580.0 100.0 Chairman
18608.0 3476.0 128.0 100.0 of

16564.0 3660.0 180.0 104.0 the
16844.0 3656.0 644.0 104.0 committee,
17592.0 3644.0 596.0 124.0 appointed
18288.0 3672.0 68.0 72.0 a
18448.0 3664.0 236.0 76.0 com-

16564.0 3828.0 364.0 100.0 mittee
17024.0 3828.0 116.0 92.0 to
17228.0 3820.0 496.0 96.0 welcome
17816.0 3812.0 468.0 100.0 Senator
18364.0 3812.0 364.0 116.0 Davis,

16568.0 3996.0 232.0 100.0 who
16856.0 3992.0 216.0 104.0 will
17136.0 4016.0 132.0 100.0 go
17324.0 3988.0 112.0 96.0 to
17492.0 3988.0 360.0 112.0 Coney
17908.0 3976.0 376.0 104.0 Island
18340.0 3980.0 348.0 96.0 tomor-

16564.0 4192.0 216.0 76.0 row
16840.0 4164.0 572.0 96.0 afternoon
17472.0 4176.0 136.0 76.0 on
17664.0 4152.0 184.0 96.0 the
17904.0 4148.0 376.0 100.0 Island
18336.0 4148.0 392.0 120.0 Queen.

16564.0 4336.0 160.0 100.0 He
16804.0 4332.0 212.0 100.0 will
17100.0 4328.0 124.0 96.0 be
17300.0 4352.0 64.0 68.0 a
17436.0 4324.0 312.0 120.0 guest
17820.0 4320.0 120.0 96.0 at
18016.0 4344.0 68.0 72.0 a
18164.0 4316.0 368.0 100.0 dinner
18608.0 4316.0 116.0 100.0 in

16564.0 4508.0 176.0 100.0 the
16808.0 4524.0 236.0 76.0 new
17108.0 4492.0 604.0 100.0 clubhouse.

16676.0 4668.0 352.0 120.0 Judge
17116.0 4664.0 276.0 96.0 Hess
17484.0 4656.0 232.0 100.0 said
17812.0 4656.0 452.0 96.0 athletic
18356.0 4656.0 368.0 96.0 events

16568.0 4852.0 160.0 88.0 '.or
16788.0 4836.0 488.0 100.0 children
17332.0 4840.0 216.0 96.0 and
17604.0 4828.0 368.0 100.0 adults
18032.0 4824.0 212.0 100.0 will
18296.0 4824.0 124.0 100.0 be
18476.0 4812.0 248.0 108.0 held

16560.0 5012.0 388.0 116.0 during
17048.0 5008.0 176.0 92.0 the
17316.0 5000.0 604.0 96.0 afternoon.
18076.0 4996.0 224.0 96.0 The
18392.0 4992.0 332.0 100.0 men's

16564.0 5180.0 236.0 96.0 drill
16932.0 5184.0 288.0 88.0 team
17352.0 5168.0 208.0 104.0 will
17692.0 5164.0 488.0 124.0 perform
18308.0 5164.0 104.0 96.0 in
18536.0 5164.0 188.0 92.0 the

16560.0 5352.0 480.0 112.0 evening.
17176.0 5344.0 88.0 92.0 A
17344.0 5340.0 568.0 96.0 fireworks
17992.0 5332.0 416.0 120.0 display
18476.0 5332.0 116.0 100.0 at
18668.0 5328.0 60.0 100.0 9

16564.0 5488.0 396.0 100.0 o'clock
17036.0 5480.0 212.0 100.0 will
17328.0 5484.0 416.0 92.0 feature
17812.0 5476.0 188.0 92.0 the
18076.0 5472.0 396.0 112.0 outing.

16496.0 8752.0 1248.0 560.0 11.95

16888.0 9684.0 364.0 168.0 FOR
17368.0 9672.0 684.0 180.0 OFFICE

16896.0 10124.0 368.0 172.0 FOR
17356.0 10120.0 592.0 172.0 HOME

16456.0 10592.0 316.0 160.0 Easy
16900.0 10616.0 128.0 96.0 lo
17152.0 10628.0 360.0 116.0 carry
17636.0 10580.0 444.0 128.0 about.

16460.0 10792.0 504.0 164.0 Weighs
17104.0 10792.0 300.0 160.0 only
17544.0 10784.0 164.0 128.0 IS
17836.0 10788.0 240.0 124.0 lbs.

16608.0 11216.0 300.0 168.0 NO
16992.0 11208.0 664.0 168.0 WATER

16588.0 11472.0 1472.0 188.0 CONNECTIONS

16612.0 11832.0 304.0 172.0 NO
17008.0 11820.0 876.0 180.0 ELECTRIC

16588.0 12092.0 1472.0 184.0 CONNECTIONS

16536.0 20832.0 552.0 384.0 BUY
17184.0 20840.0 184.0 376.0 A

16616.0 21400.0 728.0 376.0 GOLD

16516.0 22096.0 476.0 128.0 smoke
17084.0 22136.0 60.0 84.0 a
17252.0 22096.0 460.0 164.0 parcel
17812.0 22140.0 76.0 84.0 o
18004.0 22096.0 324.0 164.0 hayl

16392.0 26288.0 844.0 124.0 LORII.LARD
17300.0 26296.0 764.0 144.0 COMPANY,
18116.0 26304.0 320.0 132.0 INC.

16784.0 26472.0 636.0 148.0 (Established
17484.0 26488.0 348.0 152.0 1700)
