19252 29028
920.0 1016.0 256.0 176.0 16

5860.0 1016.0 460.0 164.0 THE
6508.0 1004.0 1296.0 196.0 ENQUIRER,
8000.0 1000.0 1532.0 196.0 CINCINNATI,
9752.0 1008.0 976.0 196.0 FRIDAY,
10904.0 1008.0 600.0 168.0 JULY
11680.0 1020.0 160.0 184.0 9,
12036.0 1024.0 560.0 176.0 1937

1056.0 1528.0 1296.0 384.0 SCHNAPPS

636.0 2236.0 180.0 224.0 Is
952.0 2244.0 444.0 216.0 Best
1540.0 2240.0 204.0 216.0 Of
1872.0 2232.0 904.0 224.0 Stallions.

640.0 2824.0 608.0 164.0 Tobacco
1428.0 2832.0 748.0 184.0 Magnate's
2344.0 2832.0 428.0 156.0 Horse

1064.0 3064.0 668.0 200.0 Captures
1856.0 3056.0 460.0 164.0 Stake.

624.0 3548.0 512.0 164.0 Twilight
1236.0 3556.0 340.0 156.0 Song,
1684.0 3556.0 224.0 140.0 Hot
2008.0 3552.0 544.0 156.0 Favorite,
2652.0 3556.0 116.0 140.0 Is

912.0 3756.0 444.0 136.0 Beaten
1516.0 3756.0 272.0 136.0 Lulu
1856.0 3764.0 412.0 164.0 Strong
2332.0 3768.0 112.0 128.0 Is

1400.0 3968.0 132.0 132.0 In
1608.0 3968.0 372.0 132.0 Front.

1016.0 4460.0 200.0 112.0 BY
1276.0 4468.0 304.0 108.0 TOM
1640.0 4464.0 708.0 104.0 GAJIAGAN.

600.0 4636.0 344.0 80.0 lrHL
996.0 4652.0 440.0 68.0 pitriToa
1496.0 4652.0 108.0 68.0 to
1660.0 4652.0 176.0 64.0 mi
1892.0 4652.0 440.0 72.0 iMiiintn.

720.0 4776.0 356.0 100.0 North
1260.0 4776.0 472.0 100.0 Randall
1900.0 4772.0 288.0 104.0 Race
2364.0 4764.0 384.0 120.0 Track,

600.0 4912.0 604.0 112.0 Cleveland,
1280.0 4916.0 316.0 108.0 Ohio,
1668.0 4912.0 248.0 116.0 July
2160.0 4912.0 588.0 116.0 Schnapps,

604.0 5056.0 376.0 112.0 sturdy
1092.0 5056.0 256.0 96.0 little
1488.0 5056.0 244.0 108.0 colt,
1844.0 5052.0 364.0 96.0 owned
2320.0 5044.0 132.0 120.0 by
2564.0 5048.0 188.0 96.0 th'i

600.0 5188.0 508.0 100.0 Carolina
1192.0 5192.0 500.0 100.0 Tobacco
1780.0 5196.0 504.0 104.0 magnate
2372.0 5184.0 160.0 100.0 W.
2620.0 5184.0 128.0 96.0 N.

600.0 5320.0 548.0 128.0 Reynolds
1276.0 5332.0 120.0 92.0 of
1528.0 5328.0 884.0 96.0 Winston-Salem
2536.0 5324.0 208.0 96.0 and

600.0 5464.0 368.0 104.0 driven
1072.0 5472.0 136.0 112.0 by
1300.0 5464.0 244.0 100.0 Will
1636.0 5468.0 372.0 104.0 Catoti,
2100.0 5468.0 316.0 116.0 today
2508.0 5484.0 236.0 72.0 won

596.0 5604.0 184.0 100.0 the
880.0 5604.0 864.0 124.0 Championship
1856.0 5604.0 440.0 100.0 Stnllion
2412.0 5604.0 328.0 92.0 Stake

596.0 5744.0 352.0 96.0 vorth
1016.0 5744.0 360.0 116.0 $6,065,
1452.0 5748.0 420.0 96.0 feature
1944.0 5740.0 116.0 100.0 of
2128.0 5744.0 180.0 96.0 the
2376.0 5740.0 368.0 100.0 Grand

600.0 5868.0 408.0 116.0 Cirouit
1148.0 5884.0 260.0 100.0 card
1560.0 5880.0 276.0 108.0 here,
1988.0 5876.0 424.0 120.0 beating
2564.0 5880.0 180.0 96.0 the

600.0 6032.0 376.0 108.0 strong
1140.0 6024.0 472.0 96.0 favorite
1768.0 6024.0 500.0 112.0 Twilight
2424.0 6012.0 316.0 116.0 Song,

600.0 6160.0 576.0 116.0 champion
1240.0 6160.0 728.0 116.0 two-year-old
2028.0 6164.0 112.0 92.0 of
2196.0 6156.0 256.0 96.0 1936.

720.0 6304.0 508.0 96.0 Twilight
1380.0 6300.0 288.0 92.0 Sons
1816.0 6320.0 224.0 72.0 was
2184.0 6320.0 136.0 76.0 an
2472.0 6312.0 260.0 72.0 even

604.0 6448.0 384.0 108.0 money
1060.0 6444.0 464.0 96.0 favorite
1588.0 6440.0 424.0 108.0 agalnat
2076.0 6436.0 176.0 96.0 the
2316.0 6432.0 252.0 100.0 field
2632.0 6436.0 96.0 92.0 in

600.0 6576.0 184.0 96.0 the
868.0 6584.0 508.0 92.0 auctioni
1468.0 6572.0 364.0 100.0 before
1928.0 6576.0 176.0 92.0 the
2188.0 6572.0 272.0 96.0 start
2548.0 6568.0 180.0 100.0 but

600.0 6712.0 88.0 96.0 it
748.0 6716.0 380.0 100.0 looked
1196.0 6712.0 208.0 104.0 bad
1468.0 6712.0 172.0 100.0 for
1696.0 6716.0 184.0 92.0 the
1944.0 6716.0 440.0 92.0 favorite
2448.0 6708.0 240.0 112.0 play-

596.0 6868.0 176.0 84.0 ers
836.0 6856.0 320.0 104.0 when
1236.0 6856.0 300.0 96.0 after
1612.0 6852.0 424.0 112.0 leading
2116.0 6852.0 220.0 92.0 well
2420.0 6848.0 300.0 92.0 down

600.0 6956.0 180.0 136.0 the
860.0 6992.0 740.0 96.0 homestretch
1684.0 6996.0 100.0 88.0 In
1872.0 6996.0 176.0 92.0 the
2128.0 6992.0 236.0 88.0 first
2448.0 6988.0 276.0 100.0 heat,

596.0 7104.0 240.0 164.0 Yyill
888.0 7132.0 352.0 96.0 Caton
1300.0 7132.0 456.0 108.0 brought
1816.0 7128.0 540.0 112.0 Schnapps
2412.0 7124.0 316.0 108.0 along

592.0 7240.0 120.0 120.0 iit
764.0 7264.0 276.0 96.0 head
1108.0 7268.0 192.0 92.0 her
1360.0 7288.0 104.0 72.0 in
1532.0 7292.0 60.0 68.0 a
1656.0 7264.0 416.0 112.0 driving
2132.0 7264.0 352.0 100.0 finish,
2540.0 7260.0 176.0 88.0 the

720.0 7428.0 120.0 68.0 ne
900.0 7404.0 380.0 104.0 2:02',
1344.0 7408.0 384.0 88.0 fastest
1792.0 7400.0 136.0 116.0 by
1976.0 7428.0 64.0 68.0 a
616.0 7404.0 2108.0 284.0 three-year-Jtj

828.0 7544.0 224.0 88.0 this
1128.0 7564.0 420.0 72.0 season.

688.0 7668.0 556.0 116.0 Schnapps
1300.0 7684.0 164.0 84.0 act
1528.0 7676.0 180.0 92.0 the
1756.0 7700.0 260.0 92.0 pace
2080.0 7672.0 96.0 96.0 In
2240.0 7676.0 176.0 88.0 the
2472.0 7684.0 236.0 84.0 next

560.0 7800.0 268.0 116.0 hflat,
944.0 7812.0 264.0 92.0 with
1340.0 7808.0 356.0 96.0 Bravo
1820.0 7812.0 184.0 88.0 the
2116.0 7812.0 596.0 96.0 contender,

556.0 7924.0 496.0 128.0 twilight
1124.0 7944.0 296.0 108.0 Song
1484.0 7944.0 428.0 108.0 coming
1984.0 7944.0 272.0 92.0 from
2332.0 7936.0 376.0 96.0 behind

548.0 8072.0 112.0 96.0 to
784.0 8040.0 216.0 128.0 win
1140.0 8076.0 288.0 92.0 from
1568.0 8080.0 176.0 88.0 the
1876.0 8076.0 496.0 100.0 Carolina
2500.0 8080.0 200.0 92.0 colt

544.0 8208.0 364.0 100.0 lather
960.0 8212.0 344.0 112.0 easily
1360.0 8212.0 112.0 92.0 In
1536.0 8212.0 368.0 104.0 Sioa1!.
2032.0 8216.0 120.0 92.0 In
2204.0 8216.0 176.0 92.0 the
2440.0 8212.0 264.0 96.0 final

544.0 8336.0 500.0 120.0 D'wlllght
1104.0 8352.0 296.0 112.0 Song
1464.0 8348.0 376.0 96.0 looked
1912.0 8352.0 204.0 92.0 like
2176.0 8372.0 60.0 68.0 a
2296.0 8352.0 408.0 88.0 winner

544.0 8504.0 60.0 68.0 a
696.0 8484.0 308.0 92.0 short
1100.0 8488.0 496.0 92.0 distance
1688.0 8484.0 284.0 100.0 from
2068.0 8488.0 176.0 88.0 the
2340.0 8488.0 360.0 104.0 finish,

544.0 8620.0 300.0 96.0 whcn
908.0 8624.0 128.0 96.0 ah
1172.0 8624.0 340.0 96.0 broke
1576.0 8624.0 208.0 92.0 and
1860.0 8620.0 548.0 112.0 Schnapps
2480.0 8624.0 216.0 112.0 Just

576.0 8764.0 148.0 92.0 it
784.0 8780.0 144.0 96.0 up
996.0 8756.0 112.0 96.0 in
1176.0 8760.0 264.0 92.0 time
1508.0 8764.0 112.0 88.0 to
1684.0 8760.0 272.0 100.0 head
2024.0 8760.0 476.0 92.0 Harvere
2568.0 8760.0 136.0 116.0 by

552.0 8892.0 88.0 100.0 if
688.0 8920.0 284.0 72.0 nose.
1108.0 8896.0 264.0 96.0 Thia
1448.0 8896.0 92.0 96.0 ii
1616.0 8900.0 180.0 88.0 the
1872.0 8896.0 380.0 92.0 second
2328.0 8896.0 376.0 92.0 atakes

556.0 9040.0 200.0 88.0 win
820.0 9036.0 116.0 92.0 of
996.0 9032.0 188.0 96.0 the
1248.0 9060.0 388.0 68.0 aeason
1700.0 9036.0 172.0 92.0 for
1936.0 9032.0 576.0 116.0 Schnapps,
2576.0 9036.0 132.0 100.0 he

560.0 9160.0 396.0 132.0 having
1036.0 9196.0 236.0 72.0 won
1356.0 9176.0 188.0 92.0 the
1628.0 9172.0 420.0 96.0 Matron
2128.0 9172.0 384.0 96.0 Stakes
2596.0 9180.0 116.0 88.0 at

588.0 9308.0 356.0 108.0 Toledo
1012.0 9308.0 216.0 104.0 last
1288.0 9308.0 332.0 96.0 week.

684.0 9444.0 220.0 96.0 The
1080.0 9444.0 732.0 116.0 Indianapolis
1980.0 9464.0 288.0 72.0 mare
2436.0 9436.0 272.0 104.0 Lulu

568.0 9580.0 420.0 120.0 Strong,
1076.0 9584.0 380.0 96.0 driven
1544.0 9584.0 132.0 112.0 by
1760.0 9580.0 208.0 120.0 Zep
2056.0 9580.0 328.0 112.0 Palln,
2472.0 9604.0 236.0 72.0 won

568.0 9724.0 176.0 92.0 the
832.0 9716.0 236.0 104.0 2:12
1160.0 9744.0 296.0 100.0 pace.
1608.0 9724.0 204.0 92.0 She
1904.0 9720.0 200.0 92.0 lost
2192.0 9720.0 176.0 88.0 the
2460.0 9716.0 248.0 96.0 first

572.0 9864.0 340.0 100.0 round
1024.0 9864.0 116.0 88.0 to
1248.0 9856.0 432.0 120.0 Symbol
1788.0 9856.0 236.0 108.0 Hal,
2124.0 9856.0 176.0 92.0 the
2408.0 9880.0 264.0 72.0 even-

564.0 10004.0 388.0 140.0 lupncy
1020.0 9996.0 504.0 108.0 favorite,
1588.0 9992.0 188.0 100.0 'out
1844.0 9992.0 240.0 96.0 beat
2156.0 9992.0 212.0 92.0 him
2440.0 9992.0 272.0 96.0 back

568.0 10124.0 116.0 120.0 lit
740.0 10132.0 184.0 92.0 the
988.0 10140.0 256.0 88.0 next
1304.0 10136.0 216.0 88.0 tow
1576.0 10132.0 424.0 100.0 rounds,
2056.0 10128.0 380.0 120.0 pacing
2492.0 10136.0 108.0 92.0 to
2656.0 10152.0 60.0 72.0 a

692.0 10268.0 248.0 96.0 cord
1008.0 10272.0 116.0 88.0 of
1188.0 10268.0 56.0 96.0 2
1300.0 10268.0 120.0 96.0 03
1488.0 10272.0 100.0 92.0 In
1656.0 10272.0 180.0 92.0 the
1900.0 10268.0 288.0 96.0 final.

688.0 10404.0 184.0 92.0 Vlo
980.0 10404.0 508.0 116.0 Fleming
1588.0 10428.0 228.0 68.0 won
1924.0 10404.0 448.0 92.0 another
2472.0 10420.0 244.0 80.0 race

640.0 10540.0 128.0 92.0 nd
832.0 10544.0 468.0 92.0 another
1360.0 10564.0 208.0 88.0 cup
1624.0 10540.0 348.0 112.0 todny,
2036.0 10540.0 440.0 116.0 piloting
2536.0 10544.0 180.0 88.0 the

564.0 10632.0 404.0 172.0 piston
1112.0 10680.0 436.0 92.0 stallion
1684.0 10680.0 372.0 88.0 Clever
2192.0 10676.0 528.0 108.0 Hanover,

556.0 10824.0 368.0 92.0 ttwncd
988.0 10812.0 140.0 124.0 by
1188.0 10812.0 576.0 100.0 Litchfield
1804.0 10816.0 208.0 92.0 and
2056.0 10812.0 656.0 112.0 LowthaUer,

560.0 10956.0 112.0 88.0 to
744.0 10956.0 180.0 96.0 the
1012.0 10952.0 304.0 104.0 front
1404.0 10952.0 104.0 92.0 In
1596.0 10952.0 176.0 96.0 the
560.0 10952.0 2156.0 252.0 Pevereux-Har-fccy

812.0 11092.0 472.0 116.0 trotting
1348.0 11092.0 348.0 104.0 event,
1760.0 11088.0 376.0 92.0 named
2208.0 11088.0 100.0 96.0 In
2380.0 11088.0 332.0 96.0 honor

556.0 11224.0 116.0 96.0 bf
736.0 11228.0 184.0 96.0 the
992.0 11232.0 212.0 88.0 two
1272.0 11248.0 244.0 72.0 men
1592.0 11232.0 268.0 88.0 most
1940.0 11224.0 588.0 116.0 prominent
2604.0 11228.0 100.0 92.0 in

560.0 11356.0 480.0 116.0 building
1136.0 11364.0 188.0 96.0 the
1424.0 11360.0 344.0 100.0 North
1868.0 11364.0 452.0 92.0 Randall
2416.0 11364.0 292.0 120.0 plant

556.0 11504.0 372.0 112.0 Jiearly
992.0 11496.0 120.0 96.0 SO
1168.0 11524.0 320.0 88.0 years
1552.0 11524.0 232.0 84.0 ago.

676.0 11640.0 328.0 116.0 Uuylo
1080.0 11636.0 608.0 108.0 McKinnle,
1764.0 11640.0 104.0 92.0 In
1940.0 11636.0 176.0 96.0 the
2184.0 11636.0 340.0 96.0 stable
2596.0 11636.0 116.0 96.0 of

552.0 11760.0 176.0 112.0 the
788.0 11776.0 588.0 100.0 Columbus
1448.0 11780.0 432.0 100.0 trainer,
1944.0 11772.0 348.0 120.0 Harry
2356.0 11776.0 348.0 112.0 Short,

556.0 11932.0 228.0 80.0 won
864.0 11912.0 172.0 96.0 his
1112.0 11912.0 292.0 92.0 sixth
1484.0 11912.0 456.0 108.0 straight
2024.0 11936.0 236.0 68.0 race
2336.0 11912.0 112.0 92.0 of
2528.0 11912.0 176.0 92.0 the

552.0 12068.0 412.0 92.0 aeason,
1056.0 12044.0 440.0 120.0 beating
1584.0 12072.0 64.0 72.0 a
1732.0 12048.0 176.0 116.0 big
1992.0 12048.0 248.0 96.0 field
2328.0 12052.0 108.0 92.0 In
2524.0 12052.0 180.0 92.0 the

556.0 12204.0 312.0 92.0 purse
1044.0 12192.0 328.0 88.0 event
1548.0 12188.0 168.0 92.0 for
1892.0 12184.0 812.0 116.0 three-year-old

548.0 12328.0 472.0 92.0 trotters.

672.0 12460.0 220.0 96.0 The
1012.0 12460.0 372.0 112.0 Seeley
1500.0 12456.0 592.0 120.0 Handicap,
2200.0 12484.0 68.0 72.0 a
2384.0 12452.0 324.0 116.0 $1,800

548.0 12596.0 320.0 96.0 event
956.0 12592.0 176.0 100.0 for
1232.0 12620.0 404.0 92.0 pacers,
1732.0 12600.0 368.0 112.0 racing
2192.0 12620.0 204.0 72.0 one
2492.0 12596.0 208.0 100.0 and

544.0 12740.0 196.0 88.0 lone
752.0 12740.0 480.0 112.0 -quarter
1296.0 12736.0 336.0 108.0 miles,
1704.0 12732.0 88.0 96.0 Is
1860.0 12736.0 176.0 92.0 the
2104.0 12736.0 420.0 96.0 feature
2592.0 12732.0 112.0 96.0 of

548.0 12872.0 180.0 92.0 the
896.0 12872.0 400.0 112.0 Friday
1472.0 12892.0 528.0 92.0 program.
2196.0 12868.0 504.0 96.0 Cardinal

540.0 13000.0 384.0 104.0 3'rlnce
996.0 13008.0 88.0 92.0 Is
1152.0 13012.0 184.0 92.0 the
1412.0 13008.0 480.0 96.0 heaviest
1968.0 13008.0 728.0 112.0 handicapped

548.0 13144.0 112.0 92.0 of
760.0 13144.0 184.0 100.0 the
1052.0 13148.0 492.0 104.0 starters,
1648.0 13144.0 368.0 112.0 Riving
2120.0 13164.0 300.0 92.0 away
2532.0 13144.0 172.0 92.0 120

536.0 13280.0 260.0 112.0 feet;
876.0 13276.0 328.0 100.0 Little
1284.0 13280.0 236.0 104.0 Pat.
1596.0 13280.0 564.0 96.0 Dominion
2236.0 13280.0 464.0 96.0 Orattan

536.0 13416.0 208.0 96.0 and
824.0 13420.0 288.0 96.0 Jane
1204.0 13420.0 348.0 96.0 Azoff.
1636.0 13420.0 116.0 92.0 80
1836.0 13420.0 260.0 112.0 feet;
2188.0 13416.0 512.0 112.0 Running

540.0 13528.0 400.0 140.0 Jtfater,
1016.0 13552.0 408.0 96.0 Doctor
1492.0 13552.0 160.0 112.0 H,
1724.0 13552.0 376.0 112.0 Tryax,
2176.0 13556.0 208.0 96.0 and
2460.0 13552.0 204.0 96.0 Hol-

540.0 13688.0 376.0 116.0 lyway,
1008.0 13696.0 116.0 88.0 40
1212.0 13692.0 256.0 116.0 feet,
1556.0 13688.0 208.0 96.0 and
1856.0 13688.0 312.0 96.0 Peter
2252.0 13696.0 112.0 88.0 at
2452.0 13684.0 252.0 100.0 Law

552.0 13828.0 200.0 88.0 and
832.0 13828.0 380.0 112.0 Orpha
1284.0 13832.0 112.0 92.0 at
1472.0 13828.0 456.0 92.0 scratch.

664.0 13956.0 168.0 72.0 Tin
896.0 13968.0 560.0 64.0 summsriM:

664.0 14052.0 676.0 88.0 Chempiouehip
1416.0 14052.0 352.0 76.0 Bullion
1848.0 14052.0 324.0 72.0 Stake-
2212.0 14048.0 160.0 80.0 For
568.0 14052.0 2148.0 168.0 three-v.'ir-uid

1048.0 14148.0 396.0 80.0 truutn;
1540.0 14160.0 252.0 72.0 punt
1932.0 14148.0 268.0 96.0 U,WS;
2288.0 14156.0 160.0 64.0 one
2532.0 14144.0 192.0 76.0 mill

552.0 14324.0 48.0 96.0 J
660.0 14328.0 360.0 88.0 hinppi.
1068.0 14324.0 120.0 76.0 hr.
1252.0 14336.0 108.0 72.0 i..
1412.0 14324.0 100.0 96.0 by
1572.0 14328.0 132.0 72.0 Mr
1776.0 14328.0 424.0 88.0 McKlywn

668.0 14424.0 340.0 76.0 Station
1056.0 14424.0 228.0 76.0 Belle
1348.0 14424.0 164.0 88.0 (W.
1572.0 14428.0 316.0 76.0 Caionl
2364.0 14420.0 352.0 84.0 Ill

564.0 14508.0 400.0 92.0 Twilight
1064.0 14524.0 252.0 76.0 Sons,
1428.0 14520.0 116.0 76.0 br.
1656.0 14524.0 96.0 84.0 I.,
1860.0 14520.0 104.0 84.0 by
2060.0 14516.0 244.0 80.0 Feler

664.0 14604.0 208.0 84.0 V.'lo
1004.0 14612.0 240.0 72.0 Pllri
2352.0 14608.0 52.0 80.0 a
2512.0 14608.0 44.0 84.0 1
2668.0 14616.0 44.0 76.0 4

560.0 14696.0 408.0 92.0 Hrver,
1036.0 14708.0 72.0 68.0 b.
1172.0 14724.0 48.0 56.0 t
1264.0 14760.0 16.0 32.0 ,
1348.0 14704.0 108.0 84.0 by
1516.0 14704.0 448.0 88.0 Hnllyiwtl
2020.0 14704.0 268.0 80.0 Hirk-

660.0 14812.0 244.0 68.0 ay
976.0 14796.0 144.0 84.0 (V.
1192.0 14780.0 380.0 104.0 Fleming
2352.0 14800.0 48.0 80.0 t
2504.0 14792.0 52.0 88.0 t
2664.0 14796.0 44.0 84.0 1

556.0 14884.0 280.0 84.0 Earl's
892.0 14896.0 544.0 80.0 Rpenrerian,
1496.0 14892.0 164.0 72.0 btk.
1716.0 14908.0 108.0 72.0 e.,
1880.0 14892.0 100.0 88.0 by
2032.0 14892.0 256.0 92.0 Spen-

648.0 15000.0 136.0 56.0 rer
848.0 15000.0 20.0 60.0 i
896.0 14988.0 304.0 84.0 Berry)
2504.0 14984.0 48.0 84.0 I
2660.0 14984.0 48.0 84.0 I

548.0 15072.0 124.0 80.0 I't
772.0 15080.0 240.0 76.0 Sntm.
1124.0 15084.0 76.0 76.0 b.
1312.0 15096.0 112.0 68.0 c,
1532.0 15080.0 100.0 88.0 by
1740.0 15080.0 244.0 80.0 Peter
2084.0 15080.0 200.0 80.0 Volo

652.0 15176.0 392.0 72.0 tstokei)
2344.0 15168.0 48.0 84.0 4
2500.0 15172.0 48.0 80.0 4
2660.0 15184.0 44.0 72.0 9

548.0 15260.0 456.0 84.0 Uuilyrond
1096.0 15268.0 344.0 76.0 Audrey
1536.0 15268.0 140.0 84.0 II.,
1772.0 15272.0 100.0 68.0 hr
1992.0 15272.0 32.0 72.0 I
2072.0 15324.0 12.0 20.0 .
2176.0 15268.0 104.0 80.0 by

656.0 15356.0 444.0 84.0 H'lllyrtxKl
1188.0 15364.0 492.0 88.0 IUrkty
1772.0 15364.0 504.0 80.0 (Huetwloki
2344.0 15360.0 48.0 80.0 4
2496.0 15360.0 48.0 80.0 T
2660.0 15364.0 44.0 76.0 II

652.0 15448.0 180.0 84.0 Tim
1000.0 15456.0 332.0 88.0 l:eas.
1396.0 15460.0 324.0 84.0 a-iw.
1772.0 15456.0 328.0 84.0 3:M.
2208.0 15460.0 280.0 80.0 Brave
2536.0 15464.0 168.0 76.0 and

544.0 15540.0 480.0 84.0 fUuhland
1088.0 15552.0 188.0 72.0 aim
1336.0 15552.0 352.0 76.0 etsrted.

652.0 15672.0 172.0 76.0 Tin
900.0 15672.0 256.0 80.0 Ntwi
1236.0 15672.0 48.0 80.0 S
1344.0 15676.0 92.0 76.0 13
1516.0 15676.0 584.0 80.0 rare-Puree
2240.0 15680.0 184.0 80.0 IW0;

2508.0 15680.0 200.0 76.0 milt

552.0 15784.0 240.0 56.0 n.ia
820.0 15784.0 12.0 52.0 :

552.0 15856.0 208.0 76.0 lulu
832.0 15860.0 336.0 88.0 Strong,
1248.0 15860.0 84.0 80.0 b.
1408.0 15876.0 80.0 64.0 m
1536.0 15924.0 12.0 20.0 .
1624.0 15868.0 104.0 84.0 by
1796.0 15864.0 172.0 76.0 Onl.
2044.0 15868.0 244.0 72.0 Arm-

656.0 15964.0 296.0 80.0 elrnli(
996.0 15996.0 36.0 12.0 -
1072.0 15960.0 208.0 76.0 Lulu
1344.0 15956.0 232.0 92.0 Lmiij
1648.0 15960.0 324.0 76.0 (Palm)
2348.0 15956.0 48.0 84.0 S
2508.0 15956.0 44.0 80.0 t
2668.0 15960.0 40.0 76.0 1

556.0 16064.0 340.0 60.0 evninni
980.0 16064.0 184.0 64.0 urn.
1256.0 16080.0 76.0 44.0 n.
1420.0 16064.0 48.0 60.0 n
1512.0 16104.0 20.0 32.0 ,
1612.0 16064.0 100.0 76.0 by
1792.0 16064.0 332.0 76.0 symbol
2200.0 16064.0 80.0 68.0 a.

668.0 16140.0 28.0 72.0 (
788.0 16148.0 172.0 68.0 rent
1036.0 16144.0 480.0 80.0 (I'nrnlmlli
2012.0 16208.0 12.0 12.0 .
2264.0 16144.0 136.0 80.0 ,1
2512.0 16144.0 48.0 84.0 2
2672.0 16148.0 44.0 80.0 3

564.0 16232.0 464.0 84.0 liwtc(nr,
1128.0 16240.0 120.0 72.0 hr,
1360.0 16260.0 108.0 68.0 (,
1568.0 16240.0 96.0 84.0 by
1760.0 16236.0 140.0 80.0 Pet
1920.0 16256.0 84.0 60.0 er
2080.0 16240.0 212.0 76.0 Volo

676.0 16328.0 136.0 76.0 (V.
888.0 16332.0 424.0 88.0 Fleming
2356.0 16332.0 44.0 80.0 a
2512.0 16332.0 48.0 80.0 4
2672.0 16332.0 44.0 84.0 a

568.0 16416.0 208.0 80.0 XtisN
860.0 16428.0 392.0 76.0 ontiirn,,
1344.0 16424.0 80.0 72.0 b.
1516.0 16444.0 140.0 68.0 m.,
1752.0 16432.0 100.0 64.0 bv
1936.0 16436.0 360.0 68.0 tiratun

680.0 16516.0 280.0 76.0 I'lrect
1032.0 16520.0 164.0 72.0 lW.
1268.0 16520.0 404.0 88.0 Firming.
1736.0 16528.0 304.0 68.0 Binsri.
2104.0 16528.0 184.0 72.0 3r.ll
2352.0 16516.0 364.0 88.0 (14

572.0 16600.0 240.0 88.0 Una
884.0 16612.0 360.0 72.0 Hrrwrr.
1316.0 16616.0 72.0 64.0 b.
1464.0 16632.0 76.0 56.0 m
1588.0 16668.0 16.0 24.0 ,
1668.0 16616.0 100.0 84.0 by
1840.0 16616.0 236.0 76.0 Trier
2132.0 16620.0 168.0 72.0 The

676.0 16700.0 340.0 76.0 Hrewer
1104.0 16704.0 508.0 72.0 tMnhonevi
2360.0 16708.0 44.0 76.0 5
2512.0 16708.0 48.0 72.0 4
2672.0 16732.0 48.0 52.0 o

676.0 16792.0 244.0 76.0 Timr
1028.0 16796.0 44.0 72.0 J
1124.0 16804.0 236.0 72.0 nsv.
1420.0 16800.0 320.0 88.0 3.021.,
1804.0 16800.0 40.0 80.0 J
1900.0 16804.0 116.0 72.0 oi.
2128.0 16800.0 248.0 80.0 M,ud
2436.0 16800.0 240.0 80.0 llano-

632.0 16908.0 84.0 52.0 er
776.0 16896.0 188.0 68.0 aleo
1020.0 16896.0 360.0 72.0 elaited.

676.0 17012.0 176.0 76.0 The
936.0 17012.0 604.0 80.0 flin-rrier
1620.0 17016.0 260.0 80.0 Three
1932.0 17020.0 400.0 80.0 Year-Old
2412.0 17020.0 196.0 80.0 Trot

568.0 17096.0 268.0 88.0 Turet
904.0 17108.0 240.0 72.0 S.ino.
1224.0 17116.0 168.0 64.0 two
1456.0 17112.0 192.0 72.0 mile
1708.0 17120.0 276.0 68.0 rtruts:

572.0 17208.0 268.0 72.0 lieyle
964.0 17204.0 108.0 68.0 Mi
1108.0 17204.0 328.0 76.0 Klnnir.
1564.0 17208.0 116.0 68.0 br.
1812.0 17228.0 44.0 64.0 g
1904.0 17260.0 12.0 20.0 .
2036.0 17208.0 104.0 76.0 by
2252.0 17212.0 204.0 68.0 dale

772.0 17300.0 252.0 80.0 orthy
1136.0 17300.0 392.0 76.0 Uleneely
1600.0 17300.0 200.0 72.0 Volo
1872.0 17300.0 320.0 76.0 iRhnrll
2276.0 17356.0 164.0 16.0 ....
2516.0 17300.0 44.0 80.0 1
2672.0 17304.0 36.0 76.0 1

576.0 17380.0 580.0 92.0 Urinevni'Mir).
1224.0 17392.0 132.0 72.0 ch.
1432.0 17396.0 96.0 84.0 f.,
1592.0 17392.0 104.0 88.0 by
1760.0 17396.0 400.0 76.0 cheetnut
2228.0 17396.0 240.0 76.0 I'eter

668.0 17480.0 468.0 72.0 (Ptionalll
2528.0 17488.0 40.0 64.0 1
2684.0 17492.0 40.0 60.0 5

568.0 17564.0 524.0 100.0 Torchlight,
1232.0 17576.0 76.0 76.0 b.
1436.0 17596.0 104.0 72.0 c,
1668.0 17580.0 108.0 88.0 by
1904.0 17576.0 272.0 80.0 Trunx
2352.0 17580.0 112.0 72.0 VV.

660.0 17668.0 328.0 72.0 Catoni
2524.0 17672.0 44.0 76.0 3
2680.0 17672.0 40.0 80.0 7

572.0 17752.0 500.0 88.0 I'likereon.
1212.0 17764.0 80.0 76.0 b.
1428.0 17780.0 104.0 72.0 e.,
1664.0 17768.0 104.0 84.0 by
1900.0 17764.0 196.0 76.0 Volu
2220.0 17768.0 244.0 76.0 I'eter

664.0 17856.0 456.0 76.0 (Waltere)
2524.0 17864.0 48.0 72.0 3
2680.0 17864.0 44.0 76.0 It

576.0 17944.0 352.0 88.0 Justice,
1008.0 17956.0 116.0 68.0 br.
1292.0 18008.0 16.0 24.0 ,
1384.0 17952.0 104.0 88.0 by
1560.0 17952.0 408.0 80.0 Vi'lomlie
2040.0 17956.0 320.0 72.0 itveni
2444.0 18012.0 12.0 20.0 .
2532.0 17960.0 48.0 72.0 a
2688.0 17960.0 44.0 76.0 3

568.0 18036.0 204.0 80.0 lien
856.0 18048.0 100.0 68.0 of
1040.0 18048.0 336.0 80.0 Action,
1476.0 18048.0 72.0 72.0 b.
1644.0 18064.0 60.0 60.0 c.
1732.0 18100.0 16.0 36.0 ,
1848.0 18052.0 100.0 88.0 by
2036.0 18052.0 436.0 72.0 ri'oiri-tor

660.0 18140.0 336.0 76.0 iNlout)
2528.0 18144.0 44.0 68.0 5
2684.0 18148.0 36.0 68.0 4

668.0 18228.0 184.0 76.0 Tim
1024.0 18232.0 40.0 72.0 S
1116.0 18236.0 128.0 72.0 im.
1388.0 18236.0 44.0 76.0 8
1484.0 18240.0 120.0 68.0 HIS.
1804.0 18236.0 332.0 88.0 Plokry.
2280.0 18236.0 444.0 88.0 H"ltynl

564.0 18316.0 36.0 80.0 1
644.0 18332.0 332.0 72.0 llimrr.
1048.0 18324.0 412.0 88.0 Nathalie,
1516.0 18336.0 252.0 76.0 llray,
1844.0 18332.0 208.0 72.0 Lord
2116.0 18332.0 368.0 80.0 I'arrleh,
2560.0 18336.0 164.0 72.0 and

564.0 18424.0 188.0 68.0 l.il
824.0 18420.0 212.0 76.0 Volo
1096.0 18424.0 192.0 72.0 tleo
1404.0 18424.0 296.0 72.0 iird.

668.0 18540.0 176.0 80.0 The
948.0 18540.0 824.0 96.0 lirvrrrux-Hnrvry
1868.0 18548.0 76.0 80.0 a.
1968.0 18544.0 88.0 80.0 14
2152.0 18544.0 200.0 80.0 Trot
2464.0 18548.0 260.0 80.0 Puree

576.0 18632.0 328.0 80.0 ft.O0:
984.0 18644.0 196.0 64.0 mile
1252.0 18644.0 280.0 68.0 hrate:

544.0 18732.0 304.0 80.0 I'lrvrr
900.0 18732.0 420.0 80.0 Hanovrr.
1388.0 18736.0 116.0 72.0 br.
1564.0 18736.0 48.0 72.0 h
1660.0 18792.0 12.0 20.0 .
1732.0 18732.0 104.0 88.0 by
1896.0 18736.0 312.0 76.0 ttunter

672.0 18828.0 216.0 68.0 fara
960.0 18832.0 264.0 68.0 Aort
1348.0 18828.0 92.0 76.0 V.
1520.0 18828.0 416.0 84.0 Fleming!
1968.0 18888.0 8.0 8.0 .
2020.0 18888.0 8.0 16.0 .
2068.0 18888.0 8.0 12.0 .
2168.0 18888.0 12.0 16.0 .
2216.0 18884.0 12.0 16.0 .
2272.0 18884.0 16.0 20.0 .
2364.0 18828.0 356.0 84.0 Ill

564.0 18912.0 540.0 84.0 Crefteman.
1224.0 18920.0 76.0 76.0 b.
1428.0 18924.0 112.0 80.0 h,
1660.0 18928.0 96.0 80.0 by
1880.0 18924.0 424.0 76.0 1'rotrotor

672.0 19012.0 484.0 76.0 Ifarehell)
2360.0 19020.0 44.0 76.0 4
2520.0 19016.0 48.0 80.0 2
2680.0 19020.0 44.0 76.0 3

572.0 19096.0 300.0 88.0 Jitney
976.0 19104.0 128.0 84.0 Jo,
1216.0 19108.0 80.0 72.0 b.
1412.0 19124.0 76.0 60.0 m
1540.0 19164.0 16.0 24.0 .
1664.0 19112.0 100.0 84.0 by
1876.0 19112.0 236.0 76.0 Peter
2212.0 19116.0 76.0 72.0 S.

676.0 19200.0 400.0 84.0 tOtnkta)
2360.0 19204.0 44.0 80.0 3
2516.0 19204.0 48.0 80.0 3
2680.0 19208.0 40.0 76.0 4

572.0 19284.0 424.0 84.0 Hei-ulon,
1144.0 19292.0 84.0 76.0 b.
1380.0 19296.0 48.0 72.0 h
1472.0 19352.0 20.0 28.0 ,
1636.0 19300.0 100.0 76.0 bv
1884.0 19300.0 416.0 72.0 Protector

684.0 19388.0 368.0 68.0 IWhitrl
2284.0 19448.0 12.0 16.0 .
2528.0 19392.0 44.0 76.0 4
2684.0 19396.0 48.0 76.0 j

576.0 19476.0 284.0 80.0 Single
916.0 19476.0 412.0 88.0 Patchrn.
1388.0 19496.0 112.0 60.0 M.
1620.0 19536.0 52.0 36.0 .,
1728.0 19484.0 104.0 84.0 by
1884.0 19492.0 264.0 84.0 Single
2204.0 19492.0 88.0 72.0 G.

676.0 19584.0 20.0 56.0 i
720.0 19576.0 288.0 68.0 smart
1036.0 19584.0 20.0 56.0 i
2368.0 19576.0 44.0 72.0 3

680.0 19664.0 244.0 72.0 Time
1036.0 19664.0 224.0 80.0 3:o3.
1336.0 19668.0 44.0 72.0 3
1436.0 19676.0 224.0 68.0 n4.
1732.0 19672.0 44.0 72.0 3
1832.0 19676.0 92.0 68.0 113
1944.0 19676.0 68.0 76.0 V
2036.0 19728.0 8.0 16.0 .
2176.0 19672.0 548.0 72.0 Maetrrnlert

572.0 19760.0 168.0 72.0 and
812.0 19764.0 144.0 68.0 Sir
1016.0 19760.0 256.0 72.0 Peter
1348.0 19760.0 324.0 76.0 Brltlon
1740.0 19768.0 180.0 68.0 aleo
1984.0 19772.0 316.0 68.0 etarird

832.0 23284.0 620.0 168.0 atlowai

1024.0 23536.0 1344.0 304.0 TIRES

1712.0 24092.0 236.0 116.0 PER
2024.0 24096.0 376.0 112.0 WEEK

752.0 24296.0 1240.0 236.0 BRAKES

1080.0 24592.0 468.0 228.0 66c
1644.0 24708.0 244.0 116.0 PER
1976.0 24704.0 376.0 120.0 WEEK

756.0 24932.0 1912.0 236.0 BATTERIES

1100.0 25220.0 468.0 228.0 54C
1668.0 25340.0 236.0 112.0 PER
2000.0 25344.0 384.0 108.0 WEEK

1092.0 25544.0 388.0 152.0 2000
1568.0 25584.0 364.0 112.0 other
2016.0 25536.0 344.0 164.0 Auto

1252.0 25732.0 496.0 176.0 Supply
1856.0 25732.0 420.0 172.0 hems.

824.0 25940.0 1944.0 464.0 Firestone

680.0 26492.0 1020.0 224.0 SERVICE
1820.0 26496.0 904.0 224.0 STORES

1188.0 26792.0 440.0 132.0 MAIN
1728.0 26796.0 520.0 128.0 STORE

864.0 26968.0 300.0 124.0 1630
1256.0 26968.0 740.0 128.0 READING
2080.0 26968.0 496.0 128.0 ROAD.

844.0 27268.0 612.0 100.0 WALNUT
1592.0 27268.0 400.0 96.0 HII.I.S
2116.0 27272.0 460.0 96.0 STORE

1004.0 27392.0 292.0 96.0 Park
1352.0 27392.0 216.0 92.0 and
1632.0 27392.0 540.0 92.0 McMillan
2240.0 27400.0 200.0 84.0 St.

764.0 27552.0 288.0 92.0 Liewn
1088.0 27580.0 96.0 64.0 to
1216.0 27564.0 148.0 84.0 (he
1408.0 27568.0 260.0 84.0 Voice-
1708.0 27568.0 100.0 88.0 of
1840.0 27564.0 444.0 96.0 Firrvnne,
2332.0 27572.0 388.0 112.0 Monday

764.0 27684.0 428.0 72.0 evniim,
1224.0 27692.0 204.0 56.0 ovtr
1464.0 27668.0 116.0 80.0 N.
1616.0 27668.0 104.0 80.0 B.
1756.0 27672.0 104.0 80.0 C.
1964.0 27672.0 312.0 80.0 WEAF
2312.0 27672.0 400.0 80.0 Network

3216.0 2644.0 180.0 100.0 BV
3472.0 2640.0 376.0 108.0 DAVE
3920.0 2640.0 688.0 100.0 KOHKRTS.

2976.0 2812.0 308.0 100.0 What
3364.0 2816.0 344.0 92.0 duffle
3788.0 2816.0 112.0 92.0 to
3984.0 2812.0 260.0 96.0 take
4328.0 2836.0 136.0 72.0 on
4544.0 2828.0 128.0 80.0 an
4752.0 2816.0 184.0 84.0 out-

2856.0 2984.0 252.0 96.0 door
3168.0 2984.0 204.0 116.0 trip
3432.0 2980.0 224.0 96.0 Into
3716.0 2980.0 848.0 112.0 out-of-the-way
4624.0 2972.0 348.0 120.0 places

2856.0 3156.0 596.0 84.0 sometimes
3532.0 3152.0 88.0 92.0 is
3692.0 3176.0 64.0 68.0 a
3828.0 3148.0 492.0 124.0 puzzling
4392.0 3140.0 460.0 124.0 problem

2856.0 3312.0 676.0 128.0 particularly
3604.0 3316.0 112.0 100.0 to
3792.0 3316.0 180.0 96.0 the
4044.0 3316.0 468.0 96.0 traveler
4580.0 3308.0 228.0 96.0 who
4884.0 3308.0 88.0 96.0 Is

2860.0 3480.0 428.0 112.0 making
3360.0 3484.0 168.0 92.0 his
3604.0 3484.0 248.0 92.0 first
3932.0 3480.0 264.0 92.0 such
4276.0 3480.0 468.0 120.0 journey.
4880.0 3464.0 100.0 104.0 It

2852.0 3652.0 88.0 96.0 Is
3076.0 3656.0 604.0 116.0 Important,
3824.0 3656.0 204.0 108.0 too,
4172.0 3648.0 176.0 96.0 for
4484.0 3640.0 232.0 104.0 lack
4852.0 3640.0 120.0 100.0 of

2852.0 3844.0 376.0 96.0 proper
3328.0 3820.0 616.0 120.0 equipment
4048.0 3836.0 256.0 96.0 may
4408.0 3812.0 256.0 116.0 spell
4768.0 3808.0 164.0 96.0 dis-

2852.0 3988.0 448.0 96.0 comfort
3388.0 3988.0 212.0 96.0 and
3692.0 4004.0 276.0 96.0 may,
4060.0 3988.0 124.0 92.0 at
4276.0 3984.0 340.0 116.0 times,
4704.0 4004.0 260.0 68.0 even

2856.0 4160.0 120.0 92.0 be
3056.0 4156.0 616.0 116.0 dangerous.

2976.0 4320.0 328.0 100.0 There
3412.0 4344.0 184.0 72.0 are
3704.0 4316.0 212.0 96.0 two
4028.0 4340.0 300.0 92.0 ways
4440.0 4316.0 108.0 96.0 to
4652.0 4316.0 316.0 96.0 reach

2848.0 4488.0 600.0 100.0 wilderness
3524.0 4512.0 308.0 72.0 areas
3912.0 4508.0 148.0 76.0 on
4140.0 4488.0 188.0 100.0 the
4412.0 4484.0 552.0 96.0 American

2848.0 4660.0 560.0 92.0 continent.
3504.0 4652.0 372.0 96.0 Either
3932.0 4676.0 212.0 92.0 you
4208.0 4656.0 340.0 96.0 travel
4608.0 4652.0 132.0 116.0 by
4800.0 4676.0 124.0 72.0 ca-

2852.0 4816.0 192.0 72.0 noe
3128.0 4820.0 116.0 68.0 or
3328.0 4792.0 268.0 108.0 boat,
3676.0 4812.0 120.0 76.0 or
3876.0 4812.0 208.0 96.0 you
4180.0 4812.0 136.0 96.0 go
4396.0 4812.0 136.0 72.0 on
4620.0 4792.0 308.0 92.0 horse-

2852.0 4928.0 288.0 96.0 back,
3264.0 4932.0 96.0 92.0 If
3448.0 4948.0 264.0 92.0 your
3800.0 4928.0 348.0 96.0 travel
4260.0 4932.0 92.0 88.0 la
4440.0 4924.0 112.0 96.0 to
4640.0 4924.0 120.0 92.0 be
4856.0 4924.0 108.0 96.0 In

2852.0 5060.0 440.0 88.0 K.iNtoni
3432.0 5080.0 120.0 72.0 or
3692.0 5056.0 684.0 96.0 Mldweatern
4520.0 5056.0 456.0 104.0 Canada,

2844.0 5228.0 116.0 72.0 or
3028.0 5204.0 212.0 88.0 into
3300.0 5220.0 284.0 72.0 some
3648.0 5204.0 468.0 88.0 sections
4184.0 5208.0 116.0 96.0 of
4364.0 5196.0 176.0 96.0 the
4612.0 5200.0 308.0 92.0 north-

2848.0 5360.0 180.0 68.0 ern
3132.0 5340.0 324.0 88.0 states
3588.0 5336.0 104.0 88.0 In
3828.0 5336.0 220.0 88.0 this
4184.0 5340.0 476.0 104.0 country,
4764.0 5356.0 200.0 92.0 you

2844.0 5468.0 488.0 124.0 probably
3412.0 5468.0 200.0 92.0 will
3700.0 5488.0 136.0 88.0 go
3912.0 5464.0 132.0 116.0 by
4120.0 5492.0 368.0 72.0 canoe..
4584.0 5468.0 104.0 92.0 If
4760.0 5488.0 200.0 96.0 you

2840.0 5608.0 240.0 116.0 plan
3160.0 5608.0 108.0 92.0 to
3336.0 5608.0 180.0 108.0 get
3596.0 5608.0 224.0 92.0 into
3896.0 5604.0 184.0 96.0 the
4160.0 5604.0 248.0 96.0 wild
4484.0 5612.0 292.0 112.0 parts
4848.0 5608.0 116.0 92.0 of

2848.0 5744.0 168.0 92.0 the
3100.0 5740.0 364.0 112.0 Rocky
3552.0 5740.0 616.0 104.0 Mountains
4252.0 5768.0 212.0 92.0 you
4548.0 5736.0 204.0 100.0 will
4828.0 5768.0 136.0 84.0 go

2844.0 5872.0 132.0 120.0 by
3060.0 5868.0 576.0 104.0 horseback
3728.0 5876.0 208.0 92.0 and
4024.0 5872.0 280.0 112.0 pack
4392.0 5876.0 312.0 96.0 train.
4844.0 5872.0 128.0 100.0 In

2836.0 6016.0 332.0 92.0 either
3280.0 6040.0 244.0 72.0 case
3620.0 6032.0 264.0 96.0 your
3984.0 6012.0 356.0 100.0 duffle
4436.0 6012.0 524.0 120.0 problems

2840.0 6168.0 180.0 72.0 are
3084.0 6152.0 304.0 92.0 much
3456.0 6148.0 176.0 92.0 the
3704.0 6172.0 320.0 68.0 same.

2952.0 6276.0 224.0 100.0 Vou
3252.0 6284.0 312.0 104.0 must,
3636.0 6280.0 116.0 92.0 of
3824.0 6300.0 412.0 88.0 course,
4308.0 6304.0 136.0 92.0 go
4520.0 6272.0 264.0 120.0 light
4856.0 6280.0 112.0 96.0 In

2836.0 6416.0 332.0 92.0 either
3236.0 6412.0 732.0 96.0 caseunless
4044.0 6436.0 212.0 88.0 you
4328.0 6440.0 184.0 68.0 are
4584.0 6440.0 196.0 72.0 one
4856.0 6416.0 120.0 100.0 of

2832.0 6548.0 288.0 92.0 these
3180.0 6552.0 224.0 88.0 lads
3460.0 6552.0 240.0 92.0 who
3752.0 6572.0 200.0 68.0 can
4016.0 6548.0 260.0 92.0 take
4332.0 6548.0 252.0 100.0 with
4640.0 6572.0 200.0 96.0 you
4904.0 6576.0 64.0 72.0 a

2828.0 6684.0 316.0 92.0 diiren
3208.0 6712.0 116.0 64.0 or
3384.0 6712.0 120.0 68.0 so
3564.0 6688.0 704.0 112.0 pack-horses
4332.0 6708.0 120.0 72.0 or
4504.0 6708.0 64.0 72.0 a
4628.0 6688.0 340.0 96.0 whole

2828.0 6824.0 248.0 92.0 fleet
3132.0 6824.0 112.0 96.0 of
3300.0 6844.0 392.0 76.0 canoes
3748.0 6824.0 212.0 96.0 and
4020.0 6824.0 408.0 116.0 guides.
4548.0 6824.0 116.0 96.0 In
4728.0 6828.0 232.0 100.0 that

2824.0 6984.0 240.0 76.0 case
3120.0 6980.0 196.0 92.0 ymi
3376.0 6984.0 192.0 68.0 can
3632.0 6960.0 276.0 116.0 pack
3964.0 6964.0 328.0 104.0 along
4344.0 6964.0 620.0 112.0 everything

2828.0 7100.0 360.0 108.0 except
3248.0 7096.0 176.0 96.0 the
3488.0 7096.0 432.0 96.0 kitchen
3988.0 7104.0 336.0 88.0 stove.
4448.0 7100.0 280.0 112.0 They
4788.0 7100.0 180.0 92.0 tell

2836.0 7252.0 160.0 72.0 me
3072.0 7232.0 228.0 92.0 that
3376.0 7256.0 288.0 68.0 some
3744.0 7232.0 112.0 92.0 of
3932.0 7232.0 184.0 96.0 the
4196.0 7236.0 328.0 92.0 beads
4600.0 7236.0 112.0 92.0 of
4788.0 7236.0 180.0 92.0 the

2828.0 7364.0 428.0 100.0 Hudson
3392.0 7364.0 224.0 116.0 Bay
3752.0 7368.0 556.0 124.0 Company
4444.0 7372.0 516.0 112.0 traveling

2828.0 7528.0 304.0 88.0 years
3232.0 7532.0 200.0 80.0 ago
3532.0 7528.0 252.0 68.0 over
3892.0 7508.0 180.0 88.0 the
4184.0 7500.0 172.0 100.0 old
4460.0 7508.0 508.0 92.0 northern

2824.0 7664.0 324.0 72.0 canoe
3208.0 7648.0 296.0 88.0 route
3572.0 7640.0 272.0 92.0 (rum
3908.0 7644.0 432.0 92.0 Ottawa
4408.0 7644.0 104.0 88.0 to
4572.0 7644.0 352.0 92.0 Winni-

2828.0 7796.0 224.0 92.0 peg,
3108.0 7800.0 252.0 68.0 even
3424.0 7780.0 244.0 88.0 took
3728.0 7776.0 520.0 96.0 bathtubs
4304.0 7780.0 360.0 112.0 along!
4756.0 7784.0 212.0 92.0 Hut

2820.0 7916.0 244.0 116.0 they
3132.0 7912.0 268.0 92.0 went
3476.0 7916.0 100.0 88.0 In
3648.0 7936.0 388.0 72.0 canoes
4108.0 7916.0 456.0 88.0 niitntiod
4632.0 7940.0 292.0 68.0 some-

2816.0 8048.0 308.0 92.0 tinns
3184.0 8044.0 128.0 120.0 by
3368.0 8048.0 116.0 96.0 50
3532.0 8048.0 528.0 116.0 pniUllrrs,
4120.0 8052.0 216.0 92.0 and
4400.0 8048.0 200.0 104.0 hud
4656.0 8056.0 308.0 104.0 great

2812.0 8208.0 328.0 68.0 crews
3228.0 8180.0 112.0 92.0 of
3420.0 8184.0 612.0 92.0 woodsmen
4124.0 8192.0 116.0 84.0 to
4332.0 8188.0 256.0 112.0 pack
4684.0 8188.0 280.0 96.0 their

2812.0 8320.0 248.0 92.0 tack
3120.0 8344.0 364.0 68.0 across
3540.0 8328.0 180.0 88.0 the
3780.0 8324.0 248.0 116.0 long
4088.0 8328.0 524.0 108.0 portages.

2932.0 8452.0 220.0 96.0 The
3260.0 8460.0 504.0 112.0 ordinary
3880.0 8460.0 296.0 88.0 lover
4284.0 8460.0 116.0 92.0 of
4512.0 8460.0 452.0 112.0 hunting

2820.0 8596.0 208.0 88.0 and
3144.0 8592.0 396.0 116.0 fishing
3660.0 8616.0 200.0 76.0 can
3976.0 8596.0 372.0 92.0 afford
4456.0 8616.0 132.0 76.0 no
4696.0 8604.0 264.0 88.0 such

2816.0 8728.0 400.0 120.0 luxury.
3364.0 8732.0 104.0 96.0 If
3560.0 8732.0 128.0 96.0 he
3784.0 8756.0 252.0 92.0 goes
4128.0 8732.0 260.0 92.0 with
4472.0 8756.0 68.0 68.0 a
4624.0 8736.0 340.0 108.0 single

2816.0 8868.0 624.0 116.0 companion
3524.0 8868.0 180.0 96.0 the
3784.0 8872.0 236.0 116.0 pair
4104.0 8892.0 248.0 88.0 may
4432.0 8868.0 248.0 96.0 take
4756.0 8876.0 212.0 88.0 two

2812.0 9028.0 168.0 68.0 cat
3024.0 9036.0 20.0 56.0 t
3148.0 9032.0 48.0 64.0 !!
3292.0 9012.0 212.0 96.0 and
3600.0 9012.0 212.0 88.0 two
3908.0 9004.0 404.0 116.0 (jui.lea.
4472.0 9008.0 144.0 92.0 Or
4708.0 9012.0 252.0 116.0 they

2816.0 9164.0 244.0 92.0 may
3116.0 9144.0 244.0 92.0 take
3424.0 9164.0 68.0 72.0 a
3552.0 9140.0 372.0 120.0 couple
3980.0 9144.0 116.0 96.0 of
4156.0 9136.0 688.0 124.0 pack-horses

2820.0 9280.0 452.0 120.0 possibly
3344.0 9284.0 304.0 92.0 three
3772.0 9280.0 212.0 96.0 and
4064.0 9316.0 64.0 68.0 a
4204.0 9280.0 340.0 116.0 single
4620.0 9280.0 340.0 120.0 guide,

2828.0 9416.0 228.0 96.0 who
3160.0 9420.0 232.0 92.0 arts
3500.0 9440.0 124.0 76.0 as
3728.0 9420.0 276.0 92.0 cook
4112.0 9416.0 216.0 96.0 and
4436.0 9416.0 520.0 100.0 all-round

2820.0 9572.0 280.0 80.0 man.
3260.0 9556.0 352.0 96.0 Under
3712.0 9556.0 312.0 96.0 those
4128.0 9556.0 832.0 96.0 circumstances

2824.0 9692.0 244.0 116.0 they
3124.0 9696.0 272.0 92.0 can't
3456.0 9712.0 308.0 96.0 carry
3828.0 9692.0 320.0 92.0 much
4204.0 9692.0 416.0 108.0 weight.

2940.0 9828.0 308.0 96.0 Their
3308.0 9828.0 476.0 120.0 pioblem
3844.0 9828.0 524.0 104.0 becomes,
4432.0 9832.0 264.0 104.0 first,
4760.0 9852.0 204.0 72.0 one

2824.0 9964.0 112.0 92.0 of
3008.0 9972.0 500.0 108.0 selecting
3580.0 9968.0 600.0 104.0 essentials,
4260.0 9964.0 212.0 96.0 and
4544.0 9968.0 416.0 108.0 second,

2828.0 10100.0 108.0 96.0 of
3044.0 10104.0 380.0 112.0 adding
3532.0 10108.0 264.0 88.0 auch
3912.0 10100.0 472.0 96.0 luxuries
4488.0 10128.0 116.0 72.0 as
4712.0 10108.0 248.0 112.0 they

2824.0 10260.0 244.0 92.0 may
3124.0 10264.0 300.0 96.0 cany
3492.0 10240.0 168.0 96.0 for
3724.0 10240.0 280.0 96.0 their
4064.0 10240.0 484.0 100.0 comfort

2940.0 10376.0 216.0 96.0 The
3228.0 10376.0 364.0 112.0 things
3680.0 10400.0 572.0 96.0 necessary
4332.0 10376.0 112.0 92.0 to
4520.0 10384.0 436.0 104.0 support

2828.0 10512.0 180.0 96.0 life
3084.0 10540.0 132.0 68.0 on
3292.0 10520.0 260.0 88.0 such
3636.0 10540.0 64.0 68.0 a
3780.0 10520.0 220.0 108.0 trip
4076.0 10540.0 216.0 80.0 are,
4368.0 10516.0 116.0 88.0 of
4556.0 10536.0 400.0 88.0 course,,

2828.0 10652.0 240.0 96.0 food
3140.0 10660.0 204.0 96.0 and
3424.0 10676.0 292.0 68.0 some
3788.0 10656.0 232.0 92.0 sort
4088.0 10652.0 116.0 96.0 of
4280.0 10648.0 412.0 96.0 shelter.
4836.0 10652.0 120.0 96.0 In

2828.0 10812.0 312.0 96.0 many
3220.0 10816.0 300.0 68.0 cases
3600.0 10792.0 216.0 92.0 this
3908.0 10812.0 244.0 88.0 may
4232.0 10792.0 400.0 88.0 consist
4708.0 10792.0 252.0 112.0 only

2824.0 10928.0 108.0 88.0 of
3012.0 10952.0 64.0 68.0 a
3144.0 10928.0 472.0 112.0 sleeping
3692.0 10924.0 236.0 116.0 hag.
4068.0 10928.0 120.0 92.0 In
4272.0 10928.0 356.0 92.0 others
4704.0 10928.0 112.0 92.0 of
4896.0 10952.0 64.0 72.0 a

2824.0 11064.0 248.0 104.0 lliihl
3152.0 11068.0 252.0 100.0 tent,
3472.0 11064.0 492.0 108.0 together
4032.0 11060.0 264.0 96.0 with
4364.0 11088.0 64.0 72.0 a
4488.0 11064.0 472.0 112.0 sleeping

2824.0 11196.0 200.0 116.0 bag
3076.0 11224.0 116.0 72.0 or
3248.0 11200.0 516.0 96.0 blankets.
3880.0 11200.0 220.0 96.0 The
4164.0 11200.0 316.0 92.0 latter
4536.0 11204.0 80.0 88.0 is
4672.0 11208.0 108.0 84.0 to
4836.0 11204.0 124.0 88.0 be

2820.0 11340.0 828.0 108.0 recommended,
3732.0 11340.0 292.0 88.0 since
4108.0 11336.0 256.0 92.0 chill
4448.0 11340.0 508.0 92.0 northern

2820.0 11476.0 288.0 92.0 tains
3184.0 11476.0 612.0 92.0 sometimes
3880.0 11476.0 204.0 92.0 last
4172.0 11476.0 212.0 92.0 two
4456.0 11496.0 120.0 72.0 or
4656.0 11480.0 304.0 92.0 three

2820.0 11612.0 280.0 112.0 diiys,
3176.0 11612.0 212.0 96.0 and
3468.0 11640.0 184.0 72.0 are
3732.0 11616.0 536.0 116.0 anything
4348.0 11608.0 180.0 100.0 but
4604.0 11616.0 316.0 112.0 enjoy-

2816.0 11748.0 232.0 96.0 able
3108.0 11752.0 80.0 92.0 If
3248.0 11752.0 180.0 96.0 the
3480.0 11772.0 436.0 92.0 camper
3976.0 11748.0 200.0 96.0 has
4236.0 11772.0 140.0 72.0 no
4432.0 11748.0 524.0 96.0 sheltered

2816.0 11892.0 232.0 108.0 spot
3132.0 11896.0 104.0 80.0 In
3320.0 11888.0 348.0 96.0 which
3760.0 11892.0 124.0 92.0 he
3972.0 11908.0 204.0 76.0 can
4268.0 11884.0 308.0 96.0 while
4652.0 11908.0 304.0 96.0 away

2816.0 12028.0 176.0 88.0 the
3048.0 12024.0 280.0 96.0 time.

2944.0 12164.0 120.0 96.0 In
3148.0 12188.0 64.0 72.0 a
3300.0 12172.0 528.0 112.0 mosquito
3912.0 12172.0 492.0 108.0 country,
4484.0 12164.0 256.0 96.0 such
4832.0 12188.0 124.0 72.0 as

2828.0 12308.0 308.0 92.0 much
3216.0 12308.0 112.0 92.0 of
3408.0 12308.0 180.0 96.0 the
3668.0 12304.0 564.0 96.0 Canadian
4304.0 12304.0 208.0 96.0 and
4600.0 12304.0 312.0 96.0 north-

2824.0 12440.0 400.0 96.0 central
3336.0 12444.0 340.0 96.0 states
3788.0 12444.0 460.0 108.0 affords,
4360.0 12464.0 256.0 76.0 even
4732.0 12444.0 224.0 92.0 into

2824.0 12576.0 208.0 100.0 late
3096.0 12580.0 440.0 112.0 August,
3592.0 12604.0 68.0 76.0 a
3720.0 12580.0 228.0 96.0 tent
4016.0 12584.0 112.0 100.0 of
4196.0 12584.0 180.0 92.0 the
4440.0 12580.0 508.0 100.0 umbrellii

2816.0 12724.0 272.0 112.0 type,
3152.0 12720.0 256.0 96.0 with
3476.0 12720.0 504.0 96.0 screened
4044.0 12720.0 504.0 96.0 windows
4608.0 12724.0 212.0 96.0 and
4888.0 12748.0 60.0 64.0 a

2820.0 12860.0 404.0 112.0 ground
3288.0 12860.0 292.0 96.0 cloth
3640.0 12888.0 184.0 68.0 are
3892.0 12864.0 696.0 116.0 particularly
4652.0 12860.0 304.0 116.0 good.

2824.0 13000.0 392.0 96.0 Within
3304.0 13000.0 280.0 96.0 their
3668.0 13020.0 316.0 72.0 cover
4068.0 13020.0 208.0 92.0 you
4356.0 13024.0 196.0 72.0 can
4636.0 13004.0 316.0 108.0 sleep,

2820.0 13136.0 244.0 96.0 read
3128.0 13136.0 208.0 96.0 and
3404.0 13140.0 244.0 128.0 play
3712.0 13140.0 320.0 96.0 cards
4096.0 13164.0 136.0 72.0 on
4296.0 13140.0 176.0 96.0 the
4536.0 13140.0 412.0 108.0 dullest,

2824.0 13284.0 408.0 88.0 wettest
3360.0 13280.0 204.0 112.0 day
3692.0 13280.0 452.0 96.0 without
4272.0 13280.0 448.0 116.0 wishing
4844.0 13284.0 112.0 88.0 to

2824.0 13420.0 512.0 104.0 goodness
3400.0 13440.0 200.0 88.0 you
3668.0 13440.0 276.0 72.0 were
4012.0 13416.0 276.0 96.0 back
4352.0 13420.0 304.0 96.0 home
4720.0 13420.0 104.0 92.0 In
4892.0 13444.0 64.0 64.0 a

2824.0 13556.0 692.0 96.0 comfortable
3632.0 13556.0 232.0 96.0 flat.
3964.0 13552.0 124.0 96.0 In
4208.0 13560.0 180.0 92.0 the
4500.0 13564.0 452.0 88.0 western

2828.0 13696.0 552.0 92.0 mountain
3476.0 13700.0 484.0 108.0 country,
4060.0 13696.0 292.0 92.0 after
4456.0 13696.0 500.0 112.0 mid-July

2828.0 13828.0 240.0 100.0 flies
3164.0 13832.0 208.0 92.0 and
3480.0 13828.0 268.0 120.0 bugs
3852.0 13836.0 276.0 96.0 have
4232.0 13836.0 724.0 112.0 disappeared,

2836.0 13972.0 204.0 92.0 and
3120.0 13992.0 64.0 68.0 a
3260.0 13968.0 400.0 96.0 shelter
3736.0 13972.0 540.0 96.0 overhead
4356.0 13976.0 608.0 92.0 sometimes

2844.0 14104.0 204.0 92.0 will
3164.0 14108.0 412.0 92.0 suffice.
3692.0 14108.0 212.0 96.0 Hut
4024.0 14112.0 588.0 92.0 remember
4704.0 14136.0 264.0 68.0 even

2840.0 14236.0 248.0 120.0 July
3164.0 14244.0 212.0 92.0 and
3460.0 14244.0 416.0 116.0 August
3960.0 14244.0 368.0 116.0 nights
4408.0 14268.0 176.0 76.0 are
4668.0 14248.0 300.0 96.0 often

2844.0 14380.0 224.0 92.0 cold
3144.0 14388.0 108.0 88.0 at
3332.0 14376.0 252.0 124.0 high
3664.0 14384.0 556.0 100.0 altitudes!

2956.0 14508.0 212.0 104.0 The
3272.0 14516.0 204.0 116.0 bag
3592.0 14524.0 92.0 88.0 Is
3800.0 14524.0 184.0 88.0 the
4112.0 14520.0 228.0 100.0 beat
4460.0 14524.0 268.0 96.0 form
4852.0 14528.0 120.0 92.0 of

2832.0 14652.0 464.0 112.0 sleeping
3384.0 14660.0 616.0 116.0 equipment
4092.0 14668.0 184.0 108.0 yet
4364.0 14664.0 452.0 108.0 devised,
4912.0 14664.0 48.0 96.0 I

2832.0 14788.0 412.0 100.0 believe.
3348.0 14792.0 104.0 96.0 It
3560.0 14796.0 84.0 92.0 is
3752.0 14800.0 256.0 88.0 wise
4124.0 14804.0 108.0 100.0 to
4344.0 14800.0 240.0 96.0 take
4692.0 14804.0 260.0 96.0 with

2824.0 14948.0 200.0 96.0 you
3108.0 14956.0 60.0 68.0 a
3260.0 14928.0 268.0 116.0 light
3616.0 14932.0 260.0 96.0 wool
3968.0 14932.0 468.0 116.0 blanket,
4520.0 14964.0 120.0 72.0 so
4716.0 14944.0 236.0 92.0 that

2820.0 15088.0 204.0 88.0 you
3100.0 15092.0 192.0 68.0 can
3380.0 15072.0 132.0 88.0 lie
3588.0 15100.0 140.0 68.0 on
3804.0 15080.0 188.0 108.0 top
4072.0 15076.0 124.0 92.0 of
4272.0 15080.0 176.0 92.0 the
4528.0 15080.0 200.0 116.0 bag
4808.0 15108.0 140.0 68.0 on

2824.0 15228.0 320.0 68.0 warm
3196.0 15208.0 388.0 108.0 nights,
3636.0 15212.0 212.0 96.0 and
3900.0 15216.0 220.0 92.0 still
4176.0 15216.0 264.0 96.0 have
4492.0 15244.0 60.0 68.0 a
4604.0 15244.0 344.0 76.0 cover.

2828.0 15344.0 80.0 92.0 A
2988.0 15348.0 468.0 112.0 sleeping
3536.0 15348.0 200.0 108.0 bag
3816.0 15372.0 200.0 72.0 can
4108.0 15348.0 124.0 100.0 be
4312.0 15360.0 596.0 92.0 uncomfort-

2824.0 15480.0 236.0 120.0 ably
3116.0 15484.0 208.0 108.0 hot,
3384.0 15488.0 696.0 116.0 particularly
4144.0 15492.0 80.0 96.0 If
4276.0 15516.0 196.0 92.0 you
4532.0 15500.0 416.0 108.0 happen

2812.0 15620.0 104.0 92.0 to
3016.0 15620.0 260.0 96.0 have
3372.0 15644.0 200.0 68.0 one
3676.0 15624.0 112.0 96.0 of
3884.0 15628.0 184.0 92.0 the
4168.0 15628.0 292.0 92.0 older
4556.0 15636.0 404.0 96.0 models

2832.0 15760.0 336.0 92.0 which
3240.0 15764.0 88.0 88.0 Is
3392.0 15772.0 180.0 84.0 not
3640.0 15764.0 320.0 96.0 fitted
4028.0 15768.0 260.0 92.0 with
4360.0 15772.0 172.0 96.0 the
4600.0 15772.0 356.0 112.0 handy

2828.0 15900.0 348.0 108.0 tipper
3244.0 15904.0 764.0 108.0 arrangement
4080.0 15904.0 308.0 92.0 down
4456.0 15908.0 172.0 92.0 the
4696.0 15912.0 260.0 92.0 side.

2952.0 16032.0 116.0 92.0 In
3180.0 16036.0 176.0 100.0 the
3468.0 16048.0 396.0 84.0 matter
3956.0 16048.0 116.0 88.0 of
4184.0 16040.0 496.0 116.0 clothing,
4792.0 16072.0 124.0 72.0 ex-

2840.0 16172.0 320.0 92.0 treme
3244.0 16196.0 248.0 72.0 care
3576.0 16176.0 380.0 96.0 should
4048.0 16176.0 128.0 100.0 be
4264.0 16184.0 280.0 100.0 used.
4628.0 16188.0 336.0 96.0 Shoes

2836.0 16308.0 360.0 96.0 should
3288.0 16312.0 120.0 100.0 be
3500.0 16312.0 292.0 116.0 light,
3884.0 16316.0 188.0 92.0 but
4156.0 16316.0 464.0 100.0 durable.
4700.0 16324.0 260.0 96.0 This

2844.0 16452.0 348.0 92.0 writer
3308.0 16448.0 192.0 96.0 has
3620.0 16460.0 184.0 92.0 but
3924.0 16452.0 280.0 100.0 little
4300.0 16460.0 372.0 112.0 regard
4796.0 16464.0 168.0 96.0 fur

2840.0 16580.0 292.0 96.0 boots
3196.0 16588.0 108.0 92.0 of
3376.0 16588.0 180.0 96.0 the
3628.0 16588.0 580.0 116.0 knee-high
4280.0 16604.0 432.0 112.0 variety,
4780.0 16604.0 136.0 92.0 ad-

2836.0 16724.0 336.0 116.0 vising
3272.0 16728.0 368.0 96.0 rather
3736.0 16756.0 200.0 72.0 one
4036.0 16736.0 116.0 92.0 of
4252.0 16740.0 212.0 88.0 calf
4564.0 16736.0 396.0 116.0 length,

2836.0 16884.0 252.0 72.0 even
3156.0 16868.0 68.0 92.0 it
3300.0 16864.0 176.0 96.0 the
3532.0 16872.0 312.0 92.0 horse
3908.0 16876.0 88.0 84.0 Is
4064.0 16876.0 108.0 92.0 to
4236.0 16872.0 120.0 100.0 be
4420.0 16876.0 172.0 100.0 the
4652.0 16884.0 308.0 88.0 mode

2840.0 16996.0 108.0 92.0 of
3012.0 17004.0 656.0 96.0 locomotion.
3736.0 17008.0 84.0 92.0 A
3888.0 17008.0 240.0 116.0 pair
4192.0 17016.0 112.0 92.0 of
4368.0 17016.0 288.0 112.0 good,
4724.0 17020.0 200.0 92.0 dur-

2836.0 17136.0 228.0 92.0 able
3160.0 17140.0 384.0 96.0 rubber
3636.0 17148.0 640.0 92.0 "sneakers"
4368.0 17156.0 368.0 100.0 should
4840.0 17160.0 120.0 88.0 be

2824.0 17272.0 100.0 96.0 in
3000.0 17276.0 172.0 92.0 the
3248.0 17280.0 344.0 96.0 duffle
3668.0 17280.0 236.0 112.0 bag.
4012.0 17284.0 296.0 120.0 They
4384.0 17312.0 176.0 72.0 are
4632.0 17300.0 288.0 88.0 excel-

2840.0 17408.0 200.0 96.0 lent
3128.0 17420.0 104.0 88.0 to
3316.0 17436.0 284.0 76.0 wear
3676.0 17420.0 416.0 96.0 around
4176.0 17448.0 308.0 100.0 camp
4556.0 17432.0 208.0 92.0 and
4856.0 17436.0 100.0 88.0 In

2844.0 17572.0 392.0 68.0 canoes,
3296.0 17568.0 120.0 80.0 in
3480.0 17568.0 212.0 80.0 ract
3752.0 17580.0 328.0 96.0 many
4132.0 17584.0 64.0 72.0 a
4252.0 17568.0 260.0 108.0 good
4564.0 17568.0 352.0 92.0 woods-

2848.0 17704.0 232.0 76.0 man
3176.0 17692.0 208.0 92.0 will
3500.0 17716.0 184.0 72.0 use
3796.0 17696.0 220.0 96.0 this
4132.0 17704.0 244.0 108.0 type
4484.0 17704.0 108.0 100.0 of
4700.0 17704.0 260.0 96.0 shoe

2852.0 17832.0 428.0 112.0 entirely
3424.0 17828.0 536.0 128.0 during
4116.0 17840.0 240.0 100.0 the
4496.0 17868.0 468.0 68.0 summer

2856.0 17972.0 432.0 84.0 months.

2968.0 18096.0 44.0 92.0 I
3100.0 18096.0 388.0 100.0 believe
3584.0 18108.0 100.0 92.0 In
3780.0 18108.0 372.0 124.0 heavy,
4240.0 18116.0 260.0 96.0 wool
4592.0 18124.0 336.0 88.0 under-

2856.0 18252.0 292.0 76.0 wear.
3264.0 18236.0 472.0 116.0 Perhaps
3820.0 18268.0 204.0 92.0 you
4112.0 18252.0 308.0 92.0 won't
4504.0 18260.0 260.0 88.0 need
4860.0 18268.0 104.0 84.0 It.

2856.0 18364.0 192.0 96.0 but
3124.0 18368.0 80.0 92.0 if
3264.0 18392.0 200.0 88.0 jou
3532.0 18400.0 176.0 68.0 are
3776.0 18380.0 524.0 120.0 spending
4368.0 18412.0 60.0 72.0 a
4496.0 18388.0 188.0 100.0 full
4756.0 18388.0 204.0 120.0 day

2856.0 18500.0 100.0 96.0 in
3020.0 18524.0 60.0 68.0 a
3144.0 18528.0 320.0 72.0 canoo
3532.0 18532.0 116.0 72.0 or
3712.0 18516.0 404.0 92.0 astride
4180.0 18544.0 60.0 68.0 a
4308.0 18520.0 324.0 116.0 horse,
4704.0 18536.0 256.0 84.0 with

2856.0 18640.0 176.0 88.0 the
3132.0 18644.0 716.0 108.0 temperature
3956.0 18652.0 328.0 92.0 below
4392.0 18656.0 108.0 92.0 M
4592.0 18664.0 208.0 96.0 and
4908.0 18696.0 60.0 60.0 a

2856.0 18772.0 372.0 92.0 drizzle
3320.0 18780.0 96.0 88.0 In
3512.0 18776.0 176.0 92.0 the
3772.0 18792.0 192.0 92.0 air.
4052.0 18808.0 204.0 92.0 you
4348.0 18792.0 192.0 92.0 will
4628.0 18796.0 340.0 92.0 thank

2852.0 18912.0 176.0 88.0 the
3084.0 18916.0 280.0 88.0 stars
3424.0 18912.0 164.0 96.0 for
3648.0 18940.0 60.0 68.0 a
3764.0 18924.0 204.0 88.0 suit
4036.0 18924.0 112.0 88.0 of
4204.0 18924.0 328.0 116.0 heavy
4592.0 18932.0 336.0 88.0 under-

2848.0 19044.0 424.0 92.0 clothes.
3440.0 19048.0 104.0 92.0 If
3676.0 19072.0 200.0 92.0 you
4016.0 19056.0 396.0 92.0 tumble
4548.0 19064.0 212.0 92.0 Into
4904.0 19092.0 68.0 68.0 a

2852.0 19180.0 544.0 96.0 mountain
3544.0 19188.0 404.0 92.0 stream
4100.0 19216.0 120.0 64.0 or
4360.0 19192.0 252.0 108.0 lake,
4760.0 19200.0 212.0 92.0 and

2852.0 19336.0 412.0 92.0 emerge
3368.0 19316.0 272.0 92.0 from
3744.0 19320.0 136.0 96.0 its
3980.0 19320.0 432.0 120.0 chilling
4504.0 19328.0 472.0 96.0 clutches

2848.0 19468.0 132.0 72.0 on
3052.0 19472.0 64.0 68.0 a
3184.0 19448.0 232.0 100.0 cold
3492.0 19456.0 484.0 112.0 evening,
4048.0 19476.0 204.0 92.0 you
4324.0 19464.0 200.0 92.0 will
4600.0 19468.0 232.0 108.0 sigh
4912.0 19500.0 56.0 64.0 a

2860.0 19584.0 512.0 108.0 profound
3460.0 19588.0 236.0 108.0 sigh
3780.0 19592.0 116.0 88.0 of
3972.0 19592.0 400.0 112.0 delight
4452.0 19600.0 204.0 88.0 and
4736.0 19624.0 200.0 68.0 con-

2860.0 19724.0 516.0 92.0 tentment
3464.0 19724.0 84.0 92.0 if
3624.0 19744.0 204.0 92.0 you
3924.0 19728.0 272.0 92.0 have
4280.0 19752.0 280.0 72.0 some
4644.0 19756.0 332.0 72.0 warm

2856.0 19852.0 456.0 116.0 clothing
3380.0 19864.0 112.0 88.0 to
3552.0 19860.0 204.0 108.0 slip
3820.0 19864.0 256.0 88.0 into.
4168.0 19864.0 124.0 104.0 If,
4356.0 19864.0 124.0 112.0 by
4540.0 19864.0 436.0 108.0 chance,

2852.0 20008.0 192.0 88.0 you
3128.0 19996.0 272.0 88.0 meet
3492.0 20016.0 356.0 84.0 warm,
3940.0 19996.0 480.0 116.0 pleasant
4508.0 20004.0 468.0 92.0 weather

2864.0 20120.0 376.0 104.0 during
3296.0 20144.0 260.0 92.0 your
3620.0 20128.0 240.0 112.0 trip,
3924.0 20152.0 208.0 88.0 you
4192.0 20156.0 192.0 68.0 can
4452.0 20132.0 284.0 96.0 leave
4800.0 20140.0 184.0 88.0 the

2856.0 20256.0 532.0 92.0 "heavies"
3456.0 20260.0 400.0 112.0 packed
3928.0 20288.0 336.0 88.0 away.
4348.0 20268.0 276.0 112.0 They
4688.0 20268.0 284.0 96.0 don't

2868.0 20392.0 240.0 88.0 take
3196.0 20396.0 316.0 88.0 much
3600.0 20420.0 328.0 76.0 room,
4016.0 20400.0 212.0 92.0 and
4324.0 20404.0 236.0 108.0 they
4644.0 20408.0 336.0 88.0 aren't

2868.0 20528.0 168.0 88.0 too
3116.0 20520.0 364.0 116.0 heavy.
3588.0 20528.0 252.0 96.0 Two
3920.0 20536.0 276.0 88.0 suits
4280.0 20536.0 76.0 100.0 If
4432.0 20560.0 192.0 88.0 you
4712.0 20540.0 276.0 92.0 have

2864.0 20660.0 172.0 92.0 the
3112.0 20680.0 336.0 84.0 room;
3528.0 20664.0 564.0 96.0 otherwise
4168.0 20668.0 212.0 112.0 Just
4456.0 20696.0 216.0 68.0 one.

2980.0 20792.0 300.0 96.0 Don't
3420.0 20792.0 348.0 120.0 skimp
3900.0 20824.0 136.0 72.0 on
4176.0 20800.0 328.0 112.0 heavy
4636.0 20808.0 344.0 88.0 socks,

2864.0 20924.0 276.0 116.0 They
3252.0 20940.0 408.0 104.0 protect
3780.0 20956.0 268.0 88.0 your
4164.0 20936.0 212.0 96.0 feet
4484.0 20964.0 128.0 64.0 on
4736.0 20940.0 248.0 112.0 long

2864.0 21060.0 320.0 100.0 hikes,
3336.0 21064.0 292.0 92.0 often
3784.0 21076.0 628.0 112.0 preventing
4560.0 21072.0 424.0 92.0 blisters

2864.0 21196.0 332.0 92.0 which
3272.0 21200.0 332.0 104.0 might
3676.0 21208.0 240.0 88.0 ruin
3992.0 21208.0 180.0 88.0 the
4240.0 21212.0 328.0 88.0 entire
4640.0 21216.0 340.0 104.0 Jaunt.

2872.0 21328.0 244.0 92.0 Two
3196.0 21328.0 460.0 112.0 changes
3736.0 21336.0 112.0 92.0 of
3936.0 21352.0 308.0 80.0 outer
4328.0 21340.0 392.0 92.0 clothes
4808.0 21368.0 188.0 64.0 are

2876.0 21460.0 408.0 116.0 usually
3360.0 21472.0 444.0 104.0 enough,
3884.0 21492.0 200.0 68.0 one
4168.0 21472.0 260.0 116.0 light
4508.0 21484.0 204.0 88.0 and
4796.0 21500.0 200.0 68.0 one

2876.0 21596.0 312.0 116.0 fairly
3308.0 21596.0 364.0 116.0 heavy.
3824.0 21600.0 312.0 100.0 Don't
4260.0 21608.0 204.0 92.0 fool
4584.0 21616.0 408.0 88.0 around

2872.0 21736.0 248.0 88.0 with
3276.0 21740.0 580.0 88.0 overcoats.
4044.0 21740.0 288.0 116.0 They
4476.0 21768.0 180.0 68.0 are
4816.0 21752.0 180.0 84.0 too

2872.0 21864.0 344.0 116.0 bulky.
3316.0 21868.0 84.0 92.0 A
3472.0 21872.0 204.0 92.0 suit
3752.0 21872.0 112.0 92.0 of
3932.0 21872.0 340.0 112.0 heavy
4344.0 21880.0 648.0 100.0 underwear,

2868.0 22008.0 204.0 88.0 two
3144.0 22024.0 328.0 76.0 warm
3548.0 22008.0 360.0 100.0 shirts,
3984.0 22028.0 332.0 72.0 warm
4388.0 22020.0 312.0 100.0 pants
4776.0 22016.0 208.0 88.0 and

2864.0 22136.0 336.0 100.0 socks,
3332.0 22140.0 256.0 92.0 with
3708.0 22160.0 68.0 72.0 a
3904.0 22144.0 272.0 104.0 good
4304.0 22152.0 444.0 84.0 sweater
4876.0 22172.0 116.0 68.0 or

2868.0 22268.0 400.0 96.0 leather
3352.0 22272.0 356.0 112.0 jacket
3800.0 22276.0 208.0 92.0 will
4092.0 22276.0 264.0 112.0 keep
4436.0 22296.0 196.0 92.0 you
4720.0 22300.0 232.0 72.0 com-

2868.0 22404.0 476.0 100.0 fortable,
3416.0 22432.0 260.0 68.0 even
3752.0 22408.0 84.0 92.0 If
3908.0 22412.0 80.0 88.0 It
4064.0 22408.0 468.0 112.0 happens
4596.0 22416.0 112.0 84.0 to
4780.0 22420.0 200.0 104.0 spit

2872.0 22564.0 280.0 68.0 snow
3280.0 22564.0 120.0 68.0 as
3540.0 22544.0 76.0 88.0 It
3756.0 22548.0 616.0 88.0 sometimes
4504.0 22544.0 252.0 92.0 does
4896.0 22572.0 96.0 64.0 in

2868.0 22676.0 404.0 104.0 August
3352.0 22676.0 104.0 92.0 In
3536.0 22680.0 180.0 88.0 the
3796.0 22684.0 644.0 96.0 mountains,

2984.0 22804.0 284.0 100.0 Your
3328.0 22808.0 180.0 92.0 hat
3572.0 22812.0 380.0 92.0 should
4012.0 22812.0 128.0 92.0 be
4196.0 22808.0 316.0 96.0 broad
4572.0 22820.0 420.0 100.0 enough

2868.0 22940.0 112.0 96.0 of
3076.0 22940.0 268.0 92.0 brim
3448.0 22948.0 108.0 88.0 to
3652.0 22944.0 340.0 92.0 shade
4088.0 22964.0 260.0 96.0 your
4444.0 22968.0 240.0 88.0 eyes
4788.0 22948.0 208.0 92.0 and

2868.0 23084.0 108.0 88.0 to
3036.0 23072.0 268.0 116.0 keep
3368.0 23076.0 176.0 92.0 the
3608.0 23080.0 236.0 88.0 rain
3916.0 23076.0 280.0 96.0 from
4264.0 23084.0 364.0 104.0 easing
4684.0 23080.0 312.0 88.0 down

2848.0 23232.0 260.0 100.0 your
3204.0 23212.0 300.0 92.0 neck.
3628.0 23216.0 88.0 88.0 A
3808.0 23212.0 576.0 92.0 bandanna
4480.0 23212.0 484.0 92.0 handker-

2876.0 23344.0 280.0 104.0 chief
3220.0 23348.0 84.0 88.0 is
3368.0 23344.0 400.0 112.0 handy;
3832.0 23368.0 124.0 68.0 so
4020.0 23348.0 88.0 92.0 Is
4168.0 23368.0 60.0 68.0 a
4288.0 23344.0 224.0 116.0 pair
4568.0 23344.0 112.0 96.0 of
4736.0 23344.0 264.0 100.0 llht

2860.0 23484.0 380.0 108.0 gloves.
3376.0 23476.0 228.0 100.0 You
3700.0 23480.0 248.0 100.0 will,
4044.0 23484.0 120.0 88.0 of
4260.0 23500.0 392.0 80.0 course,
4752.0 23484.0 256.0 84.0 take

2884.0 23620.0 284.0 84.0 ddrne
3240.0 23608.0 268.0 112.0 light
3576.0 23612.0 636.0 92.0 underwear
4332.0 23636.0 64.0 72.0 a
4460.0 23612.0 368.0 112.0 couple
4904.0 23616.0 112.0 88.0 of

2884.0 23748.0 268.0 88.0 suits
3292.0 23748.0 168.0 96.0 for
3600.0 23768.0 64.0 68.0 a
3796.0 23748.0 220.0 108.0 trip
4152.0 23744.0 116.0 96.0 of
4396.0 23744.0 624.0 96.0 reasonable

2880.0 23880.0 388.0 108.0 length.

2980.0 24012.0 284.0 96.0 Your
3364.0 24012.0 456.0 112.0 cooking
3920.0 24012.0 608.0 112.0 equipment
4624.0 24012.0 380.0 92.0 should

2884.0 24152.0 396.0 92.0 consist
3356.0 24148.0 120.0 96.0 of
3548.0 24176.0 60.0 68.0 a
3688.0 24156.0 240.0 88.0 nest
4008.0 24148.0 112.0 96.0 of
4200.0 24156.0 108.0 88.0 at
4384.0 24148.0 256.0 92.0 least
4720.0 24152.0 308.0 92.0 three

2888.0 24288.0 468.0 100.0 buckets,
3476.0 24308.0 64.0 68.0 a
3664.0 24284.0 360.0 112.0 frying
4152.0 24304.0 232.0 92.0 pan,
4500.0 24308.0 56.0 72.0 a
4680.0 24288.0 344.0 112.0 heavy

2892.0 24424.0 316.0 108.0 knife,
3296.0 24448.0 68.0 68.0 a
3452.0 24420.0 756.0 116.0 long-handled
4304.0 24424.0 264.0 100.0 fork,
4660.0 24428.0 360.0 104.0 eating

2892.0 24560.0 288.0 104.0 tools,
3272.0 24580.0 260.0 92.0 cups
3624.0 24560.0 212.0 92.0 and
3932.0 24556.0 372.0 120.0 plates.
4396.0 24560.0 240.0 92.0 Two
4724.0 24572.0 308.0 84.0 extra

3000.0 25220.0 672.0 204.0 "Keller
3748.0 25216.0 392.0 204.0 Late
4224.0 25216.0 496.0 200.0 Than-

3156.0 25672.0 680.0 120.0 .laniektown,
3928.0 25680.0 132.0 96.0 N.
4156.0 25676.0 88.0 92.0 Y
4380.0 25680.0 240.0 116.0 July
4716.0 25684.0 64.0 92.0 It

3104.0 25840.0 216.0 104.0 AP)
3456.0 25844.0 404.0 100.0 Walter
4004.0 25844.0 496.0 112.0 Puering,
4640.0 25848.0 220.0 92.0 Buf-

3048.0 26004.0 240.0 104.0 falo,
3436.0 26008.0 204.0 100.0 lost
4004.0 26004.0 436.0 96.0 300-foot
4588.0 26004.0 304.0 100.0 line

3056.0 26168.0 656.0 128.0 Wednesday
3820.0 26172.0 312.0 100.0 when
4404.0 26180.0 168.0 124.0 big
4680.0 26176.0 220.0 96.0 fish

3052.0 26336.0 364.0 96.0 struck
3480.0 26340.0 168.0 92.0 his
3712.0 26336.0 256.0 96.0 halt

3168.0 26500.0 352.0 116.0 Today
3632.0 26504.0 136.0 92.0 he
3868.0 26508.0 492.0 100.0 returned
4464.0 26512.0 260.0 96.0 with
4832.0 26540.0 64.0 68.0 a

3060.0 26688.0 224.0 72.0 new
3352.0 26664.0 232.0 96.0 line.
3712.0 26668.0 292.0 96.0 Near
4068.0 26668.0 180.0 96.0 the
4308.0 26704.0 280.0 68.0 same
4656.0 26684.0 244.0 108.0 spot

3060.0 26828.0 128.0 96.0 he
3260.0 26832.0 184.0 96.0 felt
3520.0 26860.0 68.0 68.0 a
3652.0 26836.0 224.0 116.0 tug.

3176.0 26996.0 200.0 96.0 His
3432.0 27000.0 336.0 96.0 hooks
3820.0 27000.0 204.0 100.0 had
4084.0 27008.0 412.0 112.0 tangled
4552.0 27016.0 104.0 88.0 In
4716.0 27012.0 188.0 88.0 the

3056.0 27164.0 168.0 92.0 old
3292.0 27164.0 236.0 92.0 line.
3656.0 27168.0 476.0 120.0 Duerlng
4200.0 27176.0 336.0 112.0 pulled
4608.0 27180.0 84.0 92.0 It
4764.0 27176.0 140.0 96.0 In.

3064.0 27332.0 160.0 96.0 On
3276.0 27332.0 180.0 92.0 the
3508.0 27332.0 204.0 100.0 end
3768.0 27336.0 112.0 92.0 of
3932.0 27340.0 76.0 92.0 it
4072.0 27364.0 212.0 68.0 was
4332.0 27368.0 60.0 68.0 a
4444.0 27364.0 460.0 92.0 scrappy

3052.0 27496.0 508.0 112.0 lJ-pnund
3640.0 27500.0 756.0 120.0 nmskellunge.

5088.0 2632.0 372.0 116.0 plates,
5524.0 2648.0 208.0 100.0 you
5804.0 2624.0 200.0 100.0 will
6072.0 2616.0 252.0 108.0 find,
6400.0 2604.0 204.0 100.0 will
6676.0 2628.0 192.0 96.0 pay
6940.0 2604.0 280.0 92.0 their

5092.0 2788.0 260.0 96.0 way.
5428.0 2764.0 136.0 100.0 80
5632.0 2764.0 212.0 92.0 will
5916.0 2788.0 64.0 72.0 a
6044.0 2760.0 280.0 92.0 atout
6400.0 2748.0 444.0 104.0 hunting
6920.0 2740.0 300.0 92.0 knife,

5084.0 2904.0 176.0 92.0 for
5376.0 2904.0 264.0 92.0 each
5764.0 2896.0 460.0 100.0 member
6348.0 2888.0 112.0 92.0 of
6580.0 2880.0 172.0 96.0 the
6876.0 2880.0 344.0 112.0 party.

5084.0 3040.0 296.0 92.0 Take
5452.0 3040.0 368.0 116.0 plenty
5888.0 3040.0 108.0 88.0 of
6068.0 3028.0 468.0 100.0 mutches
6604.0 3012.0 204.0 100.0 and
6880.0 3036.0 296.0 72.0 some

5084.0 3180.0 308.0 112.0 thing
5448.0 3184.0 112.0 84.0 to
5612.0 3176.0 268.0 112.0 keep
5936.0 3176.0 280.0 88.0 them
6276.0 3164.0 216.0 112.0 dry.
6552.0 3152.0 248.0 112.0 Salt,
6856.0 3176.0 360.0 84.0 sugar,

5088.0 3320.0 204.0 100.0 tea,
5388.0 3324.0 192.0 84.0 etc.
5680.0 3332.0 200.0 72.0 can
5984.0 3308.0 116.0 92.0 be
6196.0 3296.0 404.0 100.0 carried
6704.0 3296.0 96.0 88.0 In
6900.0 3288.0 316.0 92.0 small

5084.0 3472.0 396.0 72.0 canvas
5580.0 3448.0 264.0 112.0 bags
5940.0 3444.0 244.0 96.0 with
6288.0 3468.0 68.0 68.0 a
6452.0 3432.0 548.0 96.0 minimum
7104.0 3428.0 116.0 96.0 of

5080.0 3584.0 444.0 100.0 trouble.

5200.0 3728.0 224.0 96.0 The
5532.0 3720.0 484.0 124.0 question
6128.0 3720.0 116.0 96.0 of
6352.0 3708.0 500.0 112.0 selecting
6964.0 3704.0 252.0 96.0 food

5084.0 3864.0 168.0 96.0 for
5316.0 3864.0 260.0 96.0 such
5640.0 3888.0 72.0 72.0 a
5780.0 3864.0 204.0 112.0 trip
6048.0 3856.0 368.0 96.0 shoultl
6484.0 3848.0 120.0 92.0 he
6664.0 3844.0 344.0 96.0 worth
7072.0 3868.0 136.0 72.0 an

5080.0 4004.0 376.0 92.0 article
5528.0 4008.0 108.0 92.0 in
5704.0 4000.0 312.0 96.0 Itself.
6084.0 3996.0 292.0 92.0 Your
6444.0 3984.0 336.0 120.0 guide,
6852.0 3984.0 88.0 96.0 if
7004.0 4008.0 208.0 96.0 you

5084.0 4140.0 256.0 96.0 tnko
5432.0 4160.0 228.0 92.0 one,
5764.0 4136.0 204.0 104.0 will
6064.0 4132.0 120.0 100.0 be
6280.0 4156.0 64.0 72.0 a
6440.0 4128.0 172.0 108.0 big
6704.0 4120.0 272.0 120.0 help.
7076.0 4124.0 140.0 92.0 Of

5080.0 4300.0 376.0 72.0 course
5556.0 4272.0 240.0 100.0 he'll
5896.0 4272.0 152.0 100.0 fill
6144.0 4292.0 204.0 96.0 you
6448.0 4288.0 136.0 88.0 up
6676.0 4264.0 256.0 92.0 with
7032.0 4264.0 184.0 92.0 the

5080.0 4416.0 280.0 96.0 stuff
5420.0 4416.0 128.0 96.0 he
5608.0 4416.0 300.0 96.0 likes.
5968.0 4416.0 84.0 92.0 A
6116.0 4408.0 272.0 116.0 good
6452.0 4396.0 488.0 104.0 outfitter
7004.0 4404.0 208.0 92.0 will

5080.0 4556.0 180.0 92.0 tell
5348.0 4576.0 264.0 92.0 your
5696.0 4552.0 316.0 92.0 needs
6096.0 4552.0 112.0 92.0 to
6292.0 4548.0 180.0 88.0 the
6556.0 4560.0 360.0 84.0 ounce,
7000.0 4540.0 216.0 92.0 and

5084.0 4692.0 504.0 116.0 probably
5688.0 4692.0 268.0 112.0 pack
6052.0 4684.0 80.0 96.0 It
6228.0 4684.0 172.0 96.0 for
6492.0 4700.0 228.0 96.0 you.
6816.0 4676.0 100.0 96.0 If
7008.0 4704.0 208.0 88.0 you

5080.0 4852.0 184.0 72.0 are
5352.0 4832.0 320.0 112.0 going
5768.0 4828.0 124.0 112.0 by
5976.0 4816.0 500.0 124.0 yourself,
6568.0 4816.0 648.0 92.0 remcmeber

5080.0 4972.0 180.0 88.0 the
5384.0 4968.0 540.0 92.0 essestlals
6052.0 4964.0 364.0 104.0 bacon,
6536.0 4956.0 188.0 112.0 dry
6856.0 4952.0 360.0 108.0 benns,

5076.0 5104.0 412.0 96.0 canned
5620.0 5128.0 128.0 68.0 or
5888.0 5096.0 540.0 120.0 powdnred
6568.0 5092.0 284.0 108.0 milk,
6992.0 5116.0 208.0 68.0 raw-

5076.0 5244.0 404.0 100.0 onions,
5596.0 5240.0 296.0 92.0 dried
6004.0 5236.0 364.0 120.0 apples
6480.0 5256.0 116.0 68.0 or
6708.0 5252.0 384.0 92.0 prunes

5076.0 5408.0 120.0 68.0 or
5328.0 5380.0 252.0 92.0 both
5776.0 5376.0 500.0 120.0 potatoes,
6420.0 5372.0 532.0 92.0 macaroni
7092.0 5396.0 124.0 68.0 or

5080.0 5520.0 452.0 108.0 noodles,
5612.0 5520.0 400.0 104.0 cheese,
6088.0 5516.0 312.0 104.0 flour,
6480.0 5512.0 388.0 108.0 baking
6940.0 5532.0 236.0 88.0 pow-

5076.0 5660.0 216.0 92.0 der.
5376.0 5656.0 416.0 96.0 Tinned
5876.0 5656.0 300.0 108.0 stuff,
6272.0 5648.0 304.0 96.0 while
6668.0 5648.0 360.0 112.0 heavy,
7128.0 5652.0 88.0 88.0 Is

5076.0 5796.0 300.0 112.0 great
5480.0 5796.0 116.0 92.0 to
5696.0 5788.0 1076.0 120.0 have-particularly
6880.0 5788.0 296.0 96.0 toma-

5076.0 5940.0 224.0 88.0 toes
5440.0 5928.0 380.0 112.0 which,
5932.0 5932.0 488.0 112.0 togcthrr
6556.0 5928.0 248.0 88.0 with
6944.0 5948.0 272.0 96.0 your

5076.0 6076.0 372.0 88.0 onions
5548.0 6068.0 216.0 96.0 will
5872.0 6072.0 152.0 92.0 fill
6128.0 6072.0 240.0 92.0 that
6472.0 6064.0 432.0 112.0 craving
7004.0 6088.0 208.0 88.0 you

5072.0 6232.0 184.0 72.0 are
5348.0 6208.0 348.0 96.0 bound
5784.0 6212.0 112.0 92.0 to
5976.0 6212.0 204.0 96.0 feel
6276.0 6208.0 168.0 92.0 for
6528.0 6204.0 288.0 92.0 fresh
6912.0 6228.0 264.0 84.0 vege-

5072.0 6344.0 368.0 100.0 tables.
5492.0 6344.0 240.0 96.0 No?
5792.0 6344.0 288.0 108.0 Well,
6128.0 6356.0 172.0 104.0 try
6360.0 6348.0 76.0 88.0 it
6496.0 6340.0 164.0 96.0 for
6712.0 6364.0 64.0 72.0 a
6836.0 6344.0 376.0 92.0 month

5072.0 6484.0 208.0 92.0 and
5384.0 6504.0 204.0 72.0 see.
5692.0 6476.0 332.0 100.0 You'll
6128.0 6488.0 176.0 108.0 get
6408.0 6504.0 116.0 68.0 so
6624.0 6476.0 228.0 96.0 that
6960.0 6504.0 216.0 92.0 any-

5072.0 6624.0 304.0 104.0 thing
5480.0 6620.0 240.0 96.0 that
5828.0 6620.0 292.0 96.0 looks
6232.0 6620.0 208.0 92.0 like
6544.0 6616.0 440.0 112.0 spinach
7092.0 6644.0 124.0 68.0 or

5084.0 6760.0 376.0 92.0 lettuce
5560.0 6756.0 212.0 96.0 will
5872.0 6760.0 156.0 96.0 fill
6124.0 6780.0 204.0 92.0 you
6424.0 6756.0 252.0 92.0 with
6772.0 6756.0 440.0 108.0 delight.

5076.0 6900.0 224.0 92.0 You
5356.0 6896.0 372.0 88.0 should
5792.0 6896.0 244.0 92.0 take
6092.0 6920.0 288.0 72.0 some
6436.0 6900.0 220.0 88.0 sort
6708.0 6892.0 112.0 92.0 of
6872.0 6896.0 296.0 92.0 short-

5076.0 7036.0 388.0 108.0 toning,
5528.0 7040.0 220.0 96.0 too;
5820.0 7036.0 80.0 92.0 it
5960.0 7056.0 356.0 72.0 comes
6380.0 7040.0 100.0 92.0 In
6540.0 7036.0 636.0 88.0 convenient-

5076.0 7172.0 276.0 92.0 sized
5496.0 7192.0 304.0 80.0 cans;
5960.0 7176.0 172.0 96.0 the
6280.0 7176.0 192.0 88.0 oils
6616.0 7172.0 600.0 112.0 commonly

5080.0 7312.0 372.0 88.0 known
5556.0 7332.0 124.0 68.0 as
5780.0 7304.0 288.0 96.0 salud
6176.0 7312.0 192.0 92.0 oils
6472.0 7304.0 196.0 96.0 will
6780.0 7308.0 148.0 92.0 fill
7036.0 7312.0 176.0 88.0 the

5084.0 7448.0 172.0 88.0 bill
5360.0 7444.0 132.0 96.0 all
5596.0 7448.0 312.0 108.0 right.
6012.0 7444.0 224.0 100.0 You
6340.0 7468.0 188.0 68.0 ran
6628.0 7456.0 168.0 96.0 get
6896.0 7444.0 312.0 112.0 along

5080.0 7588.0 248.0 88.0 with
5392.0 7608.0 264.0 92.0 your
5716.0 7588.0 324.0 92.0 bacon
6104.0 7612.0 444.0 84.0 grease-
6604.0 7580.0 176.0 96.0 but
6848.0 7596.0 184.0 80.0 not
7096.0 7612.0 120.0 64.0 so

5080.0 7724.0 252.0 92.0 well.
5436.0 7720.0 288.0 96.0 Your
5828.0 7724.0 148.0 92.0 kit
6072.0 7728.0 376.0 88.0 should
6552.0 7728.0 420.0 84.0 contain
7072.0 7748.0 136.0 68.0 an

5076.0 7872.0 300.0 84.0 extra
5476.0 7884.0 232.0 80.0 can,
5816.0 7864.0 244.0 92.0 with
6168.0 7896.0 64.0 64.0 a
6340.0 7864.0 268.0 108.0 tight
6716.0 7864.0 164.0 100.0 lid,
6992.0 7864.0 224.0 88.0 Into

5080.0 8000.0 336.0 92.0 which
5524.0 8020.0 204.0 92.0 you
5828.0 8000.0 408.0 116.0 flyings
6344.0 8024.0 188.0 68.0 can
6636.0 7996.0 120.0 96.0 be
6856.0 8000.0 352.0 96.0 saved.

5076.0 8136.0 284.0 96.0 Thus
5424.0 8136.0 184.0 92.0 the
5672.0 8136.0 544.0 112.0 drippings
6284.0 8140.0 272.0 92.0 from
6624.0 8140.0 172.0 88.0 the
6868.0 8164.0 300.0 64.0 morn-

5080.0 8272.0 264.0 108.0 ing's
5436.0 8276.0 332.0 92.0 bacon
5856.0 8276.0 196.0 92.0 will
6148.0 8280.0 168.0 112.0 fry
6408.0 8280.0 172.0 88.0 the
6668.0 8280.0 280.0 88.0 trout
7044.0 8280.0 168.0 92.0 for

5076.0 8416.0 376.0 88.0 dinner

5204.0 8580.0 152.0 116.0 By
5436.0 8580.0 176.0 96.0 the
5692.0 8604.0 252.0 92.0 way,
6020.0 8584.0 288.0 104.0 don't
6392.0 8592.0 168.0 88.0 ent
6636.0 8592.0 172.0 88.0 too
6892.0 8592.0 312.0 92.0 much

5080.0 8716.0 272.0 96.0 fried
5436.0 8720.0 280.0 92.0 stuff
5760.0 8720.0 380.0 116.0 -you'll
6232.0 8720.0 504.0 124.0 probably
6824.0 8732.0 180.0 100.0 get
7092.0 8752.0 116.0 64.0 so

5084.0 8852.0 264.0 96.0 tired
5420.0 8856.0 116.0 88.0 of
5608.0 8856.0 80.0 92.0 It
5756.0 8856.0 224.0 92.0 that
6048.0 8880.0 200.0 104.0 you
6324.0 8860.0 340.0 104.0 won't,
6728.0 8884.0 480.0 92.0 anyway.

5080.0 8988.0 232.0 100.0 And
5404.0 8992.0 244.0 108.0 fish,
5740.0 8992.0 276.0 92.0 fixed
6108.0 8996.0 260.0 92.0 with
6464.0 8992.0 364.0 112.0 bacon,
6916.0 9000.0 252.0 108.0 pota-

5080.0 9128.0 252.0 104.0 toes,
5396.0 9124.0 204.0 92.0 and
5672.0 9124.0 368.0 96.0 onions
6108.0 9124.0 104.0 96.0 In
6280.0 9156.0 64.0 64.0 a
6408.0 9128.0 520.0 108.0 chowder,
7000.0 9136.0 208.0 88.0 will

5076.0 9260.0 124.0 92.0 be
5284.0 9284.0 64.0 68.0 a
5432.0 9260.0 488.0 92.0 welcome
6004.0 9260.0 536.0 100.0 diversion
6624.0 9264.0 280.0 100.0 from
6988.0 9268.0 220.0 92.0 fish

5076.0 9392.0 320.0 100.0 that's
5468.0 9392.0 304.0 112.0 fried,
5852.0 9396.0 300.0 112.0 fried,
6232.0 9400.0 300.0 92.0 fried.

5196.0 9528.0 288.0 96.0 Take
5584.0 9556.0 68.0 72.0 a
5752.0 9532.0 204.0 96.0 few
6056.0 9532.0 604.0 112.0 medicines,
6760.0 9560.0 260.0 72.0 even
7128.0 9536.0 84.0 96.0 if

5072.0 9664.0 352.0 112.0 you're
5488.0 9688.0 200.0 72.0 one
5748.0 9668.0 108.0 96.0 of
5912.0 9664.0 296.0 100.0 these
6280.0 9672.0 644.0 96.0 hard-bitten
6984.0 9680.0 180.0 88.0 out-

5076.0 9800.0 556.0 88.0 doorsmen
5768.0 9804.0 232.0 88.0 who
6132.0 9828.0 324.0 68.0 never
6584.0 9816.0 236.0 108.0 gets
6952.0 9808.0 260.0 96.0 sick.

5076.0 9932.0 360.0 96.0 Iodine
5556.0 9960.0 280.0 88.0 sure,
5952.0 9964.0 64.0 72.0 a
6140.0 9936.0 460.0 100.0 laxative
6724.0 9948.0 488.0 112.0 perhaps,

5072.0 10072.0 260.0 96.0 soda
5412.0 10068.0 84.0 96.0 if
5572.0 10072.0 352.0 112.0 you're
6004.0 10076.0 488.0 92.0 addicted
6572.0 10080.0 108.0 88.0 to
6764.0 10080.0 408.0 112.0 Indiges-

5076.0 10204.0 248.0 112.0 tion,
5408.0 10228.0 300.0 76.0 some
5792.0 10208.0 536.0 116.0 bandages
6412.0 10212.0 208.0 100.0 and
6708.0 10216.0 504.0 92.0 adhesive

5080.0 10336.0 168.0 96.0 for
5340.0 10340.0 448.0 96.0 wounds
5880.0 10368.0 116.0 68.0 or
6092.0 10344.0 456.0 120.0 possible
6652.0 10348.0 560.0 108.0 fractures,

5080.0 10476.0 724.0 112.0 unguetheum
5900.0 10480.0 156.0 88.0 for
6156.0 10480.0 360.0 92.0 burns.
6668.0 10488.0 100.0 92.0 If
6856.0 10488.0 356.0 112.0 you're

5080.0 10608.0 504.0 112.0 Invndlng
5644.0 10640.0 64.0 64.0 a
5776.0 10616.0 652.0 88.0 rattlesnake
6492.0 10624.0 476.0 104.0 country,
7036.0 10624.0 176.0 108.0 get

5072.0 10768.0 200.0 68.0 onu
5340.0 10748.0 112.0 92.0 of
5524.0 10752.0 300.0 88.0 those
5896.0 10756.0 584.0 104.0 potassium
6552.0 10756.0 112.0 88.0 of
5076.0 10780.0 2136.0 212.0 pcimun-ganute-I

5740.0 10884.0 300.0 100.0 think
6136.0 10888.0 328.0 96.0 that's
6556.0 10888.0 652.0 112.0 right-kits.

5192.0 11016.0 88.0 92.0 A
5332.0 11040.0 492.0 96.0 compass
5884.0 11020.0 80.0 92.0 Is
6020.0 11024.0 272.0 112.0 good
6352.0 11024.0 108.0 92.0 to
6520.0 11024.0 288.0 96.0 have,
6928.0 11032.0 132.0 84.0 So
7124.0 11028.0 88.0 88.0 is

5076.0 11152.0 500.0 96.0 mlsiiulto
5672.0 11152.0 256.0 116.0 dupe
6024.0 11156.0 208.0 92.0 and
6336.0 11160.0 464.0 92.0 sunburn
6904.0 11160.0 308.0 100.0 stuff,

5080.0 11284.0 80.0 92.0 if
5232.0 11308.0 200.0 92.0 you
5512.0 11288.0 300.0 92.0 burn.
5932.0 11288.0 88.0 96.0 A
6092.0 11288.0 268.0 96.0 deck
6440.0 11296.0 108.0 84.0 of
6616.0 11296.0 308.0 88.0 cards
7000.0 11296.0 208.0 92.0 will

5076.0 11440.0 244.0 92.0 pass
5436.0 11444.0 296.0 72.0 some
5852.0 11420.0 380.0 100.0 leisure
6356.0 11428.0 252.0 88.0 time
6732.0 11428.0 240.0 108.0 and,
7096.0 11428.0 116.0 96.0 of

5072.0 11576.0 396.0 88.0 course,
5536.0 11580.0 208.0 96.0 you
5812.0 11560.0 372.0 96.0 should
6256.0 11560.0 224.0 96.0 find
6560.0 11588.0 284.0 68.0 room
6920.0 11564.0 168.0 96.0 for
7156.0 11588.0 60.0 72.0 a

5076.0 11692.0 264.0 96.0 book
5396.0 11720.0 120.0 68.0 or
5576.0 11700.0 236.0 96.0 two.
5920.0 11700.0 88.0 92.0 A
6064.0 11700.0 556.0 116.0 flashlight
6684.0 11700.0 80.0 92.0 is
6824.0 11700.0 384.0 116.0 handy,

5072.0 11828.0 188.0 96.0 but
5388.0 11828.0 376.0 120.0 hardly
5884.0 11832.0 536.0 96.0 essential.
6568.0 11836.0 220.0 96.0 Tho
6912.0 11860.0 296.0 72.0 same

5072.0 11984.0 244.0 88.0 giies
5404.0 11968.0 168.0 84.0 for
5672.0 11972.0 636.0 100.0 sunglasses,
6412.0 11968.0 348.0 92.0 unless
6856.0 11992.0 204.0 88.0 yon
7112.0 11992.0 104.0 68.0 10

5080.0 12104.0 208.0 108.0 trip
5352.0 12100.0 404.0 92.0 carries
5816.0 12124.0 192.0 88.0 you
6076.0 12128.0 368.0 68.0 across
6504.0 12128.0 64.0 68.0 a
6628.0 12108.0 400.0 108.0 glacier
7092.0 12132.0 120.0 68.0 or

5068.0 12236.0 204.0 92.0 two
5300.0 12284.0 48.0 16.0 -
5400.0 12244.0 252.0 84.0 then
5708.0 12240.0 240.0 112.0 they
6004.0 12240.0 380.0 88.0 border
6436.0 12268.0 132.0 64.0 on
6624.0 12244.0 172.0 88.0 the
6852.0 12268.0 316.0 68.0 neces-

5072.0 12372.0 300.0 92.0 sities
5476.0 12372.0 356.0 92.0 unless
5924.0 12396.0 264.0 88.0 your
6288.0 12400.0 244.0 88.0 eyes
6624.0 12400.0 180.0 68.0 arc
6900.0 12380.0 304.0 108.0 good.

5072.0 12508.0 144.0 88.0 Of
5308.0 12524.0 372.0 72.0 course
5768.0 12508.0 304.0 112.0 you'll
6172.0 12512.0 252.0 88.0 take
6520.0 12532.0 256.0 88.0 your
6876.0 12536.0 328.0 80.0 razor,

5072.0 12664.0 288.0 88.0 soap,
5452.0 12640.0 392.0 104.0 towels,
5944.0 12652.0 188.0 84.0 etc.
6296.0 12644.0 304.0 92.0 Don't
6700.0 12648.0 348.0 108.0 forget
7144.0 12672.0 56.0 64.0 a

5076.0 12776.0 236.0 96.0 dish
5412.0 12776.0 288.0 96.0 cloth
5808.0 12780.0 200.0 88.0 nnd
6116.0 12804.0 68.0 64.0 a
6288.0 12780.0 360.0 112.0 couple
6748.0 12784.0 112.0 92.0 of
6964.0 12784.0 244.0 92.0 dish

5080.0 12912.0 388.0 92.0 towels.
5616.0 12912.0 100.0 92.0 If
5800.0 12916.0 160.0 96.0 It's
6036.0 12940.0 64.0 64.0 a
6184.0 12940.0 324.0 64.0 canoe
6600.0 12920.0 232.0 112.0 trip,
6920.0 12916.0 280.0 92.0 don't

5072.0 13048.0 500.0 92.0 overlook
5660.0 13072.0 288.0 64.0 some
6036.0 13052.0 508.0 108.0 patching
6628.0 13052.0 284.0 92.0 cloth
6996.0 13056.0 212.0 88.0 and

5068.0 13188.0 452.0 88.0 cenu'tit.
5640.0 13176.0 224.0 100.0 You
5920.0 13208.0 240.0 88.0 tuny
6220.0 13188.0 260.0 96.0 need
6536.0 13188.0 280.0 88.0 them
6852.0 13184.0 352.0 96.0 -bad:

5188.0 13316.0 336.0 92.0 There
5616.0 13336.0 200.0 92.0 you
5904.0 13340.0 208.0 80.0 are,
6204.0 13320.0 280.0 104.0 boys,
6628.0 13324.0 156.0 84.0 tio
6868.0 13320.0 348.0 92.0 ahead

5076.0 13456.0 204.0 88.0 and
5364.0 13456.0 268.0 88.0 have
5708.0 13476.0 64.0 68.0 a
5844.0 13456.0 260.0 108.0 good
6188.0 13456.0 296.0 104.0 time;
6568.0 13460.0 200.0 88.0 and
6852.0 13456.0 84.0 92.0 if
7008.0 13480.0 204.0 88.0 you

5080.0 13588.0 264.0 88.0 have
5416.0 13612.0 324.0 76.0 room,
5812.0 13596.0 176.0 104.0 put
6064.0 13588.0 100.0 88.0 In
6240.0 13616.0 60.0 64.0 a
6376.0 13612.0 420.0 68.0 camera
6872.0 13596.0 208.0 88.0 nnd
7152.0 13620.0 64.0 64.0 a

5080.0 13724.0 232.0 108.0 pair
5380.0 13728.0 112.0 84.0 of
5568.0 13724.0 244.0 88.0 firld
5884.0 13724.0 432.0 100.0 glasses.

5548.0 15560.0 876.0 76.0 SSeSeJlif?)e

8080.0 21096.0 1104.0 288.0 sT
9920.0 21008.0 296.0 368.0 of
10240.0 21024.0 1000.0 256.0 Honor!
11952.0 20928.0 176.0 448.0 ))
13728.0 20928.0 552.0 288.0 alll

7696.0 21456.0 104.0 64.0 -
8584.0 21264.0 536.0 448.0 rrl
9656.0 21416.0 632.0 304.0 ir:-
11760.0 21264.0 360.0 368.0 J
12472.0 21288.0 472.0 304.0 li
13168.0 21320.0 856.0 168.0 Adventure
14128.0 21320.0 728.0 200.0 worming
15600.0 21320.0 704.0 208.0 icsweep
16400.0 21368.0 376.0 112.0 o.er
16864.0 21320.0 960.0 168.0 luhcwo

6876.0 21748.0 16.0 20.0 .
6936.0 21748.0 52.0 60.0 ,
7220.0 21696.0 20.0 52.0 ;
7304.0 21752.0 20.0 52.0 ,
7584.0 21760.0 44.0 32.0 ,
8628.0 21664.0 72.0 168.0 I
8816.0 21628.0 84.0 204.0 I
9036.0 21692.0 168.0 132.0 V
9824.0 21652.0 72.0 128.0 P
9964.0 21620.0 364.0 120.0 whose
10404.0 21620.0 324.0 124.0 decks
10788.0 21660.0 284.0 84.0 were
11144.0 21620.0 416.0 124.0 stained
11696.0 21632.0 128.0 112.0 JT
14128.0 21628.0 120.0 144.0 4
14284.0 21632.0 244.0 140.0 vrt
15556.0 21648.0 396.0 140.0 jtjjS.
16904.0 21712.0 128.0 120.0 y

6888.0 21812.0 32.0 40.0 '
7328.0 21924.0 52.0 64.0 4
7456.0 21856.0 160.0 128.0 V
8840.0 21800.0 92.0 136.0 I
9644.0 21804.0 272.0 124.0 with
9972.0 21804.0 512.0 128.0 innocent
10540.0 21804.0 340.0 128.0 Mood
10932.0 21892.0 36.0 40.0 .
11020.0 21896.0 36.0 36.0 .
11116.0 21808.0 452.0 124.0 .whose
11660.0 21752.0 132.0 256.0 (j
14156.0 21816.0 36.0 56.0 "
14948.0 21804.0 120.0 184.0 Ji
15292.0 21812.0 208.0 108.0 Jf
15716.0 21888.0 28.0 32.0 .
18080.0 21820.0 48.0 188.0 j

6796.0 22136.0 20.0 36.0 ,
7804.0 21928.0 944.0 196.0 JlXal
9336.0 21956.0 500.0 212.0 SSaS.
10112.0 22032.0 252.0 92.0 next
10416.0 21992.0 672.0 176.0 port-of-call
11352.0 21928.0 536.0 268.0 .fiL
13612.0 22032.0 236.0 116.0 .r-
14792.0 21948.0 148.0 228.0 fs?
15188.0 21928.0 160.0 208.0 J

5628.0 22168.0 1712.0 108.0 'itUeeiwMeA
7820.0 22132.0 920.0 160.0 jttalW3"
9388.0 22164.0 312.0 132.0 "y'l
10192.0 22224.0 220.0 84.0 was
10484.0 22180.0 520.0 128.0 DOOM!
11924.0 22212.0 296.0 72.0 Xnm
13000.0 22252.0 40.0 88.0 t
13568.0 22260.0 36.0 36.0 ..
13648.0 22244.0 24.0 20.0 -
13780.0 22216.0 296.0 112.0 -"Wj
15100.0 22132.0 200.0 204.0 Jf
15284.0 22152.0 392.0 192.0 eTL
15712.0 22252.0 24.0 24.0 "
15824.0 22132.0 456.0 204.0 yx?
17324.0 22196.0 408.0 132.0 Mtf'
17980.0 22132.0 96.0 200.0 C

6444.0 26096.0 1132.0 372.0 tlizabetb
7696.0 26104.0 932.0 368.0 ALLAN

7448.0 1504.0 440.0 376.0 PRO
8040.0 1504.0 520.0 368.0 GRID
8712.0 1504.0 624.0 376.0 LOOP

7316.0 2216.0 900.0 268.0 Planning
8288.0 2216.0 540.0 264.0 Early
8908.0 2224.0 560.0 212.0 Start.

7332.0 2808.0 624.0 160.0 Xiilional
8104.0 2812.0 520.0 180.0 League
8764.0 2812.0 188.0 156.0 To
9096.0 2816.0 368.0 196.0 Ojion

7600.0 3060.0 504.0 140.0 Season
8184.0 3040.0 796.0 196.0 September
9048.0 3048.0 128.0 156.0 5.

7328.0 3548.0 216.0 128.0 Ten
7680.0 3544.0 408.0 132.0 Teams
8220.0 3548.0 148.0 124.0 To
8508.0 3540.0 520.0 160.0 Operate,
9168.0 3540.0 296.0 132.0 Each

7392.0 3752.0 456.0 152.0 Playing
7920.0 3752.0 412.0 124.0 Eleven
8412.0 3744.0 412.0 132.0 Games
8976.0 3748.0 356.0 132.0 Sched-

7632.0 3960.0 176.0 124.0 ule
7888.0 3952.0 376.0 128.0 Closes
8336.0 3944.0 624.0 136.0 December
9024.0 3952.0 100.0 128.0 5.

7436.0 4456.0 252.0 100.0 New
7808.0 4456.0 324.0 112.0 York,
8252.0 4452.0 252.0 116.0 July
8616.0 4448.0 832.0 108.0 8-(AP)-The

7320.0 4632.0 496.0 96.0 Nutlonul
7896.0 4624.0 480.0 104.0 Football
8448.0 4620.0 428.0 120.0 League
8952.0 4628.0 496.0 96.0 schedule

7324.0 4796.0 168.0 100.0 for
7636.0 4800.0 264.0 112.0 1937,
8056.0 4792.0 624.0 100.0 announced
8840.0 4800.0 328.0 112.0 today
9320.0 4796.0 128.0 116.0 by

7320.0 4972.0 544.0 96.0 President
7932.0 4968.0 192.0 96.0 Joe
8184.0 4964.0 112.0 96.0 F.
8356.0 4964.0 292.0 112.0 Carr,
8708.0 4968.0 268.0 96.0 calls
9040.0 4972.0 168.0 92.0 for
9272.0 4972.0 172.0 88.0 the

7324.0 5144.0 416.0 96.0 earliest
7812.0 5148.0 280.0 88.0 start
8168.0 5144.0 96.0 88.0 In
8336.0 5136.0 180.0 96.0 the
8596.0 5136.0 416.0 120.0 hitttory
9084.0 5144.0 116.0 92.0 of
9272.0 5140.0 176.0 92.0 the

7328.0 5316.0 692.0 112.0 professional
8192.0 5304.0 376.0 96.0 circuit
8740.0 5312.0 264.0 92.0 with
9172.0 5308.0 236.0 96.0 Phil-

7316.0 5488.0 488.0 120.0 adelphia
7924.0 5488.0 460.0 112.0 opening
8496.0 5480.0 184.0 92.0 the
8804.0 5508.0 384.0 68.0 season
9312.0 5504.0 132.0 68.0 on

7312.0 5660.0 444.0 120.0 Sunday,
7824.0 5648.0 616.0 124.0 September
8492.0 5644.0 84.0 116.0 5,
8632.0 5652.0 112.0 92.0 at
8788.0 5648.0 656.0 120.0 Pittsburgh.

7428.0 5832.0 216.0 100.0 Ten
7756.0 5836.0 344.0 88.0 teams
8216.0 5820.0 204.0 92.0 will
8500.0 5824.0 444.0 112.0 operate
9060.0 5820.0 388.0 116.0 during

7320.0 6004.0 180.0 96.0 the
7592.0 6028.0 404.0 80.0 season,
8104.0 5996.0 252.0 92.0 each
8460.0 5988.0 244.0 96.0 club
8800.0 5992.0 440.0 116.0 playing
9336.0 5992.0 108.0 96.0 II

7320.0 6200.0 388.0 88.0 gumes.
7792.0 6172.0 224.0 96.0 The
8104.0 6164.0 476.0 96.0 addition
8672.0 6164.0 124.0 96.0 of
8876.0 6164.0 568.0 96.0 Cleveland

7320.0 6356.0 108.0 84.0 to
7496.0 6348.0 172.0 96.0 the
7740.0 6344.0 484.0 92.0 Western
8300.0 6332.0 484.0 100.0 Division
8860.0 6332.0 372.0 96.0 makes
9304.0 6356.0 136.0 72.0 an

7304.0 6512.0 368.0 120.0 evenly
7780.0 6496.0 516.0 108.0 balanced
8404.0 6496.0 384.0 100.0 circuit
8900.0 6496.0 256.0 96.0 with
9272.0 6500.0 176.0 100.0 the

7308.0 6688.0 460.0 116.0 Chicago
7856.0 6684.0 356.0 100.0 Bears,
8296.0 6672.0 472.0 116.0 Chicago
8856.0 6672.0 588.0 112.0 Cardinuls,

7320.0 6856.0 596.0 108.0 Cleveland,
7988.0 6844.0 440.0 112.0 Detroit,
8504.0 6844.0 216.0 96.0 and
8796.0 6840.0 348.0 100.0 Green
9224.0 6840.0 224.0 120.0 Bay

7316.0 7056.0 120.0 68.0 as
7496.0 7032.0 172.0 96.0 the
7728.0 7032.0 452.0 88.0 western
8244.0 7016.0 252.0 96.0 half.
8556.0 7012.0 580.0 124.0 Brooklyn,
9192.0 7012.0 260.0 96.0 New

7312.0 7196.0 316.0 112.0 York,
7696.0 7188.0 756.0 116.0 Philadelphia,
8516.0 7184.0 668.0 120.0 Pittsburgh,
9244.0 7184.0 208.0 96.0 and

7324.0 7368.0 696.0 108.0 Washington
8120.0 7356.0 312.0 100.0 make
8528.0 7380.0 140.0 96.0 up
8744.0 7360.0 176.0 92.0 the
8988.0 7352.0 460.0 96.0 Eastern

7324.0 7540.0 500.0 96.0 Division.

7440.0 7716.0 336.0 88.0 Green
7848.0 7708.0 248.0 112.0 Bay,
8172.0 7708.0 172.0 84.0 the
8412.0 7700.0 372.0 108.0 league
8848.0 7696.0 600.0 116.0 champion,

7320.0 7876.0 264.0 88.0 open
7656.0 7860.0 128.0 84.0 Its
7856.0 7868.0 376.0 72.0 Hca.inn
8308.0 7844.0 248.0 88.0 with
8632.0 7840.0 180.0 92.0 the
8888.0 7836.0 560.0 92.0 Cardinals

7320.0 8016.0 132.0 68.0 on
7532.0 7988.0 612.0 116.0 September
8216.0 7980.0 136.0 96.0 12.

7552.0 8160.0 172.0 96.0 TO
7788.0 8152.0 432.0 92.0 CI.OSK
8284.0 8144.0 236.0 96.0 I)K.(
8576.0 8144.0 496.0 96.0 KMBKK
9132.0 8136.0 88.0 96.0 5.

7440.0 8328.0 212.0 96.0 The
7716.0 8324.0 496.0 100.0 schedule
8276.0 8320.0 336.0 92.0 closes
8668.0 8344.0 136.0 68.0 on
8864.0 8312.0 588.0 96.0 December

7320.0 8468.0 56.0 96.0 5
7440.0 8472.0 200.0 92.0 and
7712.0 8492.0 132.0 68.0 on
7912.0 8472.0 180.0 84.0 the
8164.0 8460.0 540.0 108.0 following
8772.0 8456.0 436.0 112.0 Sunday
9272.0 8456.0 180.0 92.0 the

7324.0 8608.0 812.0 120.0 championship
8236.0 8604.0 344.0 88.0 teams
8668.0 8596.0 120.0 96.0 of
8876.0 8600.0 180.0 92.0 the
9148.0 8596.0 264.0 96.0 East-

7316.0 8772.0 192.0 72.0 arn
7564.0 8748.0 204.0 96.0 and
7828.0 8748.0 484.0 92.0 Western
8368.0 8740.0 488.0 92.0 Division
8912.0 8736.0 208.0 96.0 will
9176.0 8740.0 280.0 88.0 meet

7336.0 8892.0 164.0 92.0 for
7608.0 8888.0 176.0 92.0 the
7896.0 8880.0 328.0 96.0 world
8332.0 8880.0 232.0 96.0 title
8676.0 8880.0 208.0 92.0 and
9000.0 8876.0 184.0 92.0 the
9296.0 8872.0 160.0 100.0 Ed

7324.0 9028.0 348.0 116.0 Thorp
7732.0 9016.0 552.0 100.0 Memorial
8348.0 9016.0 464.0 116.0 Trophy.
8868.0 9016.0 220.0 96.0 The
9152.0 9036.0 304.0 88.0 game

7316.0 9164.0 200.0 92.0 will
7584.0 9168.0 120.0 88.0 be
7768.0 9156.0 376.0 120.0 played
8212.0 9176.0 136.0 72.0 on
8408.0 9152.0 184.0 96.0 the
8656.0 9152.0 312.0 92.0 home
9032.0 9148.0 264.0 96.0 field
9352.0 9148.0 112.0 96.0 of

7324.0 9308.0 176.0 92.0 tho
7592.0 9304.0 484.0 92.0 Western
8176.0 9296.0 480.0 92.0 Division
8756.0 9296.0 440.0 88.0 winner.

7432.0 9448.0 212.0 92.0 The
7728.0 9436.0 544.0 104.0 schedule:

7436.0 9576.0 616.0 120.0 September
8176.0 9576.0 60.0 96.0 6
8476.0 9572.0 752.0 116.0 Philadelphia
9356.0 9568.0 108.0 100.0 at

7320.0 9720.0 648.0 104.0 Pittsburgh.

7432.0 9852.0 616.0 116.0 September
8112.0 9848.0 780.0 112.0 10-Brooklyn
8948.0 9852.0 112.0 92.0 at
9124.0 9840.0 304.0 100.0 Phila-

7320.0 9988.0 408.0 112.0 delphia
7840.0 9988.0 456.0 112.0 (night),
8388.0 9988.0 424.0 96.0 Detroit
8904.0 9996.0 116.0 88.0 at
9112.0 9984.0 312.0 92.0 Cleve-

7324.0 10128.0 260.0 92.0 land.
7432.0 10256.0 616.0 116.0 September
8104.0 10260.0 112.0 96.0 12
8340.0 10256.0 564.0 96.0 Cardinals
8956.0 10260.0 108.0 96.0 at
9120.0 10260.0 340.0 92.0 Green

7320.0 10400.0 244.0 116.0 Bay.

7432.0 10536.0 620.0 116.0 September
8184.0 10528.0 112.0 100.0 17
8532.0 10532.0 268.0 96.0 New
8928.0 10532.0 296.0 96.0 York
9352.0 10532.0 112.0 96.0 at

7324.0 10676.0 700.0 108.0 Washington
8140.0 10672.0 436.0 112.0 (night),
8676.0 10672.0 568.0 96.0 Cleveland
9360.0 10672.0 104.0 92.0 at

7328.0 10808.0 756.0 116.0 Philadelphia.

7432.0 10948.0 620.0 116.0 September
8180.0 10940.0 112.0 96.0 19
8412.0 10944.0 336.0 96.0 Bears
8884.0 10944.0 108.0 92.0 at
9116.0 10944.0 344.0 96.0 Groon

7324.0 11080.0 248.0 120.0 Buy,
7684.0 11080.0 568.0 100.0 Cardinals
8360.0 11084.0 104.0 88.0 at
8584.0 11080.0 452.0 108.0 Detroit,
9152.0 11080.0 272.0 92.0 Pitts-

7324.0 11220.0 328.0 116.0 burgh
7740.0 11228.0 108.0 88.0 at
7936.0 11216.0 568.0 116.0 Brooklyn,

7404.0 11352.0 616.0 116.0 September
8076.0 11352.0 108.0 96.0 24
8312.0 11348.0 564.0 100.0 Cardinals
8932.0 11352.0 104.0 100.0 at
9100.0 11348.0 324.0 100.0 Wash-

7320.0 11492.0 356.0 108.0 ington
7752.0 11492.0 456.0 112.0 (night).

7428.0 11624.0 620.0 116.0 September
8204.0 11624.0 108.0 92.0 26
8496.0 11624.0 264.0 96.0 New
8908.0 11620.0 288.0 100.0 York
9352.0 11624.0 104.0 96.0 at

7324.0 11764.0 648.0 112.0 Pittsburgh,
8052.0 11764.0 568.0 96.0 Cleveland
8704.0 11768.0 112.0 92.0 at
8900.0 11764.0 564.0 116.0 Brooklyn,

7320.0 11900.0 548.0 92.0 Cardinals
7972.0 11908.0 112.0 88.0 at
8184.0 11904.0 760.0 108.0 Philadelphia.

7432.0 12036.0 456.0 92.0 October
7988.0 12036.0 440.0 96.0 3-New
8520.0 12036.0 292.0 96.0 York
8904.0 12048.0 104.0 84.0 at
9120.0 12036.0 304.0 96.0 Phila-

7320.0 12168.0 440.0 116.0 delphia,
7908.0 12172.0 416.0 92.0 Detroit
8464.0 12184.0 112.0 80.0 at
8716.0 12176.0 348.0 92.0 Green
9212.0 12176.0 248.0 108.0 Bay,

7316.0 12308.0 528.0 116.0 Brooklyn
7916.0 12316.0 112.0 84.0 at
8100.0 12308.0 732.0 116.0 Washington,
8904.0 12308.0 556.0 96.0 Cardinuls

7320.0 12448.0 104.0 92.0 ut
7500.0 12448.0 600.0 92.0 Cleveland.

7520.0 12608.0 456.0 92.0 HKAHS
8076.0 12608.0 172.0 96.0 AT
8340.0 12612.0 544.0 96.0 HTTSIH
8940.0 12612.0 324.0 96.0 KGII.

7432.0 12776.0 456.0 96.0 October
8004.0 12780.0 52.0 92.0 4
8100.0 12780.0 420.0 96.0 -Bears
8616.0 12788.0 116.0 88.0 at
8832.0 12780.0 624.0 116.0 Pittsburgh

7328.0 12916.0 432.0 104.0 (night).

7428.0 13052.0 456.0 92.0 October
8040.0 13048.0 116.0 96.0 10
8452.0 13052.0 744.0 116.0 Philadelphia
9348.0 13056.0 108.0 88.0 at

7316.0 13180.0 728.0 120.0 Washington,
8140.0 13188.0 344.0 96.0 Green
8576.0 13196.0 232.0 108.0 Bay
8896.0 13200.0 112.0 84.0 at
9100.0 13196.0 312.0 88.0 Cardi-

7324.0 13324.0 252.0 100.0 nals,
7712.0 13328.0 340.0 88.0 Bears
8192.0 13332.0 100.0 92.0 at
8416.0 13328.0 600.0 108.0 Cleveland,
9136.0 13332.0 276.0 92.0 Pitts-

7328.0 13456.0 320.0 108.0 burgh
7724.0 13472.0 116.0 84.0 at
7916.0 13464.0 448.0 92.0 Detroit.

7436.0 13596.0 452.0 92.0 October
7964.0 13596.0 972.0 116.0 17-Philadelphia
9016.0 13604.0 104.0 88.0 at
9204.0 13600.0 252.0 92.0 New

7328.0 13728.0 300.0 100.0 York,
7752.0 13732.0 624.0 104.0 Pittuburgh
8496.0 13744.0 108.0 80.0 at
8724.0 13736.0 732.0 104.0 Washington,

8216.0 14304.0 784.0 392.0 The
9208.0 14304.0 664.0 400.0 last
10056.0 14304.0 1192.0 400.0 Slaver
11424.0 14296.0 832.0 400.0 Sails
12464.0 14432.0 504.0 264.0 on
13176.0 14304.0 424.0 392.0 its
13800.0 14296.0 664.0 400.0 last
14656.0 14288.0 1808.0 552.0 desperate
16656.0 14304.0 1440.0 528.0 voyage!

6916.0 25672.0 84.0 40.0 'ft
9900.0 25672.0 100.0 40.0 -m.
13360.0 25672.0 176.0 40.0 x-jX"
13604.0 25672.0 32.0 40.0 y
13844.0 25672.0 36.0 40.0 r
13972.0 25672.0 44.0 32.0 m
14096.0 25672.0 48.0 40.0 a
14240.0 25672.0 12.0 28.0 n
14296.0 25672.0 16.0 32.0 n

7272.0 25788.0 416.0 204.0 with

6452.0 26644.0 576.0 176.0 GEORGE
7100.0 26640.0 656.0 188.0 SANDERS
7932.0 26644.0 384.0 188.0 JANE
8388.0 26652.0 728.0 184.0 DARWELL
9292.0 26660.0 556.0 188.0 JOSEPH
9920.0 26640.0 1044.0 200.0 SCHILDRRALT

6464.0 26964.0 544.0 100.0 ARTIU'R
7056.0 26968.0 416.0 100.0 HOHL1
7516.0 26972.0 460.0 100.0 MINNA
8008.0 26976.0 620.0 108.0 COMBELL
8720.0 26980.0 364.0 104.0 BILLY
9124.0 26976.0 972.0 144.0 BEVAN'J.Fsrrell
10132.0 26968.0 840.0 108.0 MACDONALD

6472.0 27156.0 548.0 108.0 FRANCIS
7072.0 27160.0 348.0 100.0 FORD
7544.0 27168.0 332.0 100.0 PAl'L
7928.0 27168.0 504.0 108.0 HURST.
8484.0 27172.0 532.0 108.0 HOLMES
9064.0 27176.0 608.0 108.0 HERBERT
9792.0 27168.0 468.0 108.0 EDWIN
10312.0 27160.0 668.0 108.0 MAXWELL

6480.0 27412.0 464.0 104.0 Directed
7000.0 27416.0 124.0 124.0 by
7160.0 27420.0 256.0 100.0 TAY
7456.0 27424.0 648.0 100.0 GARNETT
8228.0 27436.0 508.0 100.0 Associate
8776.0 27432.0 508.0 104.0 Producer
9336.0 27436.0 520.0 124.0 Nunnally
9876.0 27428.0 476.0 136.0 Johnson
10484.0 27420.0 304.0 112.0 Based
10832.0 27452.0 144.0 72.0 on

6476.0 27636.0 48.0 68.0 a
6576.0 27608.0 336.0 104.0 Novel
6968.0 27604.0 128.0 132.0 by
7144.0 27608.0 396.0 136.0 George
7592.0 27620.0 60.0 100.0 S
7732.0 27620.0 284.0 136.0 King
8096.0 27660.0 40.0 44.0 .
8224.0 27624.0 552.0 108.0 DARRYL
8820.0 27628.0 64.0 104.0 F
8960.0 27628.0 564.0 108.0 ZANUCK
9580.0 27632.0 112.0 100.0 In
9744.0 27628.0 388.0 136.0 Charge
10184.0 27620.0 128.0 112.0 of
10352.0 27616.0 628.0 116.0 Production

10168.0 1512.0 712.0 312.0 NEW
11008.0 1512.0 640.0 320.0 GYM

9908.0 2920.0 68.0 200.0 I
11184.0 2920.0 60.0 176.0 )
11804.0 2920.0 64.0 200.0 i
12024.0 2920.0 76.0 200.0 I
13636.0 2996.0 48.0 124.0 i
13864.0 2944.0 28.0 56.0 '

9712.0 6248.0 56.0 260.0 I
9948.0 6260.0 1524.0 248.0 Cunningham
11660.0 6248.0 72.0 260.0 1

9648.0 6716.0 884.0 156.0 Cunningham,
10684.0 6716.0 688.0 136.0 Cincinnati
11512.0 6752.0 592.0 132.0 attorney,
12256.0 6728.0 240.0 132.0 and
12636.0 6728.0 444.0 148.0 Frank,
13224.0 6732.0 652.0 156.0 telephone

9652.0 6936.0 608.0 108.0 company
10404.0 6888.0 500.0 140.0 official,
11052.0 6940.0 208.0 76.0 are
11412.0 6940.0 264.0 80.0 new
11808.0 6896.0 620.0 132.0 members
12564.0 6904.0 136.0 132.0 of
12856.0 6904.0 200.0 128.0 the
13196.0 6904.0 408.0 128.0 Board
13748.0 6908.0 132.0 128.0 of

9832.0 7060.0 608.0 132.0 Directors
10528.0 7060.0 140.0 128.0 of
10760.0 7060.0 192.0 128.0 the
11040.0 7060.0 684.0 140.0 Cincinnati
11812.0 7068.0 804.0 152.0 Gymnasium
12712.0 7072.0 532.0 136.0 Athletic
13332.0 7076.0 360.0 128.0 Club.

9560.0 7540.0 564.0 96.0 Cardinals
10204.0 7544.0 112.0 92.0 at
10400.0 7540.0 376.0 108.0 Bears,
10856.0 7540.0 344.0 96.0 Green
11284.0 7540.0 232.0 112.0 Bay
11608.0 7548.0 108.0 84.0 at

9560.0 7676.0 600.0 112.0 Cleveland,
10248.0 7676.0 548.0 112.0 Brooklyn
10876.0 7684.0 104.0 88.0 at
11064.0 7676.0 456.0 96.0 Detroit.

9684.0 7816.0 460.0 92.0 October
10276.0 7812.0 108.0 92.0 24
10528.0 7808.0 532.0 116.0 Brooklyn
11204.0 7824.0 116.0 84.0 at
11468.0 7808.0 248.0 96.0 New

9560.0 7944.0 320.0 112.0 York,
9964.0 7948.0 712.0 116.0 Washington
10756.0 7956.0 112.0 88.0 at
10948.0 7948.0 760.0 112.0 Philadelphia,

9556.0 8084.0 572.0 96.0 Cleveland
10192.0 8088.0 112.0 88.0 at
10368.0 8088.0 356.0 92.0 Green
10800.0 8084.0 244.0 116.0 Bay,
11116.0 8084.0 432.0 96.0 Detroit
11608.0 8088.0 104.0 92.0 at

9560.0 8220.0 364.0 104.0 Beais,
9992.0 8220.0 564.0 92.0 Cardinals
10628.0 8224.0 116.0 88.0 at
10812.0 8220.0 664.0 112.0 Pittsburgh.

9684.0 8356.0 456.0 96.0 October
10244.0 8356.0 116.0 92.0 31
10488.0 8356.0 356.0 100.0 Green
10948.0 8360.0 220.0 116.0 Bay
11296.0 8368.0 112.0 84.0 at
11532.0 8360.0 148.0 92.0 De-

9560.0 8492.0 288.0 108.0 troit,
9960.0 8496.0 328.0 96.0 Bears
10392.0 8500.0 116.0 92.0 at
10612.0 8496.0 264.0 92.0 New
10976.0 8492.0 328.0 112.0 York,
11408.0 8500.0 272.0 88.0 Pitts-

9564.0 8636.0 348.0 108.0 burgh
9980.0 8640.0 108.0 84.0 at
10164.0 8632.0 776.0 112.0 Philadelphia,
11008.0 8632.0 712.0 116.0 Washington

9568.0 8776.0 112.0 88.0 at
9792.0 8768.0 564.0 112.0 Brooklyn,
10460.0 8768.0 572.0 96.0 Cleveland
11144.0 8776.0 120.0 88.0 at
11372.0 8764.0 308.0 100.0 Cardi-

9568.0 8904.0 264.0 96.0 nals.
9684.0 9036.0 592.0 100.0 November
10356.0 9036.0 60.0 96.0 7
10552.0 9036.0 624.0 116.0 Pittsburgh
11268.0 9040.0 116.0 96.0 at
11468.0 9036.0 248.0 96.0 New

9568.0 9172.0 328.0 112.0 York,
9976.0 9176.0 336.0 96.0 Green
10404.0 9176.0 240.0 120.0 Bay
10724.0 9180.0 116.0 92.0 at
10924.0 9180.0 372.0 108.0 Beurs,
11380.0 9176.0 300.0 96.0 Phila-

9568.0 9312.0 428.0 116.0 delphia
10080.0 9320.0 112.0 92.0 at
10280.0 9312.0 584.0 116.0 Brooklyn,
10948.0 9316.0 576.0 100.0 Cleveland
11612.0 9320.0 104.0 92.0 at

9572.0 9452.0 448.0 96.0 Detroit.

9684.0 9580.0 596.0 100.0 November
10412.0 9576.0 116.0 104.0 14
10660.0 9580.0 412.0 104.0 Detroit
11208.0 9588.0 120.0 96.0 at
11464.0 9584.0 252.0 100.0 New

9580.0 9720.0 324.0 108.0 York,
10004.0 9720.0 540.0 116.0 Brooklyn
10656.0 9724.0 112.0 92.0 at
10888.0 9724.0 360.0 104.0 Bears,
11364.0 9724.0 316.0 96.0 Wash-

9576.0 9860.0 376.0 116.0 ington
10036.0 9868.0 108.0 88.0 at
10232.0 9856.0 668.0 120.0 Pittsburgh,
10984.0 9860.0 744.0 120.0 Philadelphia

9568.0 9996.0 112.0 84.0 at
9748.0 9992.0 340.0 92.0 Green
10160.0 9992.0 224.0 112.0 Bay
10472.0 9988.0 772.0 96.0 (Milwaukee).

9688.0 10128.0 600.0 96.0 November
10364.0 10132.0 108.0 92.0 21
10612.0 10132.0 528.0 112.0 Brooklyn
11212.0 10136.0 120.0 96.0 at
11408.0 10132.0 272.0 92.0 Pitts-

9576.0 10264.0 372.0 116.0 burgh,
10044.0 10272.0 344.0 92.0 Green
10492.0 10272.0 232.0 116.0 Bay
10820.0 10276.0 108.0 92.0 at
11020.0 10272.0 264.0 92.0 New
11404.0 10272.0 312.0 108.0 York,

9576.0 10408.0 416.0 96.0 Detroit
10040.0 10404.0 112.0 96.0 at
10204.0 10404.0 600.0 112.0 Cardinals,
10852.0 10408.0 708.0 116.0 Washington
11612.0 10412.0 104.0 96.0 at

9572.0 10540.0 596.0 100.0 Cleveland.

9696.0 10676.0 600.0 100.0 November
10428.0 10680.0 120.0 92.0 25
10696.0 10680.0 900.0 120.0 (Thanksgiving)

9584.0 10812.0 332.0 100.0 Bears
10020.0 10824.0 112.0 88.0 at
10260.0 10816.0 460.0 112.0 Detroit,
10844.0 10820.0 252.0 88.0 New
11212.0 10816.0 292.0 100.0 York
11612.0 10816.0 108.0 100.0 at

9580.0 10948.0 564.0 120.0 Brooklyn.

9692.0 11080.0 600.0 100.0 November
10416.0 11084.0 116.0 96.0 28
10780.0 11084.0 332.0 100.0 Green
11256.0 11088.0 228.0 120.0 Bay
11608.0 11096.0 108.0 92.0 at

9580.0 11220.0 736.0 120.0 Washington,
10380.0 11224.0 568.0 100.0 Cleveland
11012.0 11232.0 108.0 88.0 at
11184.0 11224.0 368.0 92.0 Bears.

9692.0 11352.0 584.0 100.0 December
10348.0 11360.0 56.0 92.0 5
10532.0 11356.0 328.0 96.0 Bears
10936.0 11372.0 108.0 84.0 at
11120.0 11360.0 592.0 112.0 Cardinals,

9580.0 11492.0 704.0 120.0 Washington
10368.0 11504.0 108.0 88.0 at
10560.0 11496.0 256.0 96.0 New
10896.0 11496.0 320.0 96.0 York.

9572.0 11808.0 516.0 236.0 Price
10172.0 11812.0 396.0 228.0 Hill
10672.0 11816.0 620.0 232.0 Teams

9780.0 12144.0 416.0 236.0 Will
10340.0 12152.0 248.0 224.0 Be
10740.0 12152.0 792.0 288.0 Battling

9868.0 12484.0 344.0 228.0 For
10288.0 12480.0 460.0 236.0 Title
10812.0 12484.0 196.0 232.0 In
11076.0 12488.0 636.0 232.0 U.0.

9684.0 13052.0 200.0 108.0 Old
9964.0 13056.0 316.0 100.0 rivals
10360.0 13060.0 112.0 96.0 in
10556.0 13060.0 180.0 96.0 the
10812.0 13056.0 100.0 100.0 C.
10996.0 13052.0 116.0 100.0 Y.
11196.0 13060.0 120.0 96.0 O.
11396.0 13056.0 268.0 100.0 Paro-

9560.0 13196.0 284.0 96.0 chial
9932.0 13196.0 372.0 96.0 School
10392.0 13196.0 492.0 96.0 Baseball
10980.0 13192.0 424.0 120.0 League
11504.0 13196.0 196.0 96.0 will

9572.0 13336.0 280.0 92.0 meet
9932.0 13332.0 168.0 96.0 for
10176.0 13336.0 180.0 92.0 the
10440.0 13332.0 380.0 96.0 circuit
10896.0 13332.0 808.0 116.0 championship

9568.0 13468.0 216.0 92.0 this
9840.0 13472.0 484.0 108.0 morning
10380.0 13476.0 120.0 88.0 at
10552.0 13468.0 428.0 116.0 Crosley
11032.0 13468.0 328.0 108.0 Field,
11416.0 13472.0 288.0 96.0 when

9580.0 13604.0 276.0 120.0 Holy
9944.0 13608.0 412.0 120.0 Family
10440.0 13608.0 212.0 92.0 and
10740.0 13608.0 140.0 92.0 St.
10960.0 13608.0 428.0 104.0 Teresa,
11468.0 13608.0 240.0 96.0 both

9584.0 13736.0 308.0 92.0 Price
10024.0 13740.0 208.0 92.0 Hill
10368.0 13744.0 380.0 92.0 teams,
10856.0 13740.0 292.0 96.0 clash
11268.0 13744.0 172.0 92.0 for
11548.0 13748.0 168.0 88.0 the

10520.0 26112.0 824.0 472.0 Mickey
11448.0 26104.0 1136.0 376.0 ROONEY

11792.0 1520.0 1608.0 336.0 DIRECTORS

11876.0 6324.0 784.0 208.0 OSCAR.
12740.0 6324.0 996.0 224.0 ARANK

12356.0 8348.0 580.0 80.0 NATIONAL
12996.0 8356.0 320.0 76.0 l.r.Atil

11928.0 8472.0 312.0 84.0 I'layrr
12340.0 8476.0 240.0 76.0 Club.
12972.0 8480.0 92.0 72.0 ti.
13132.0 8480.0 164.0 76.0 AH.
13416.0 8480.0 96.0 72.0 II.
13588.0 8480.0 96.0 72.0 II.

11824.0 8596.0 448.0 88.0 Mrdnlrk,
12340.0 8604.0 124.0 72.0 tit.
12548.0 8600.0 360.0 80.0 Louie..
12976.0 8604.0 96.0 72.0 (Ill
13124.0 8608.0 144.0 68.0 2110
13376.0 8608.0 100.0 72.0 S3
13544.0 8604.0 144.0 72.0 I0A

11824.0 8724.0 88.0 76.0 F.
11996.0 8724.0 340.0 84.0 M'wutr,
12412.0 8724.0 508.0 92.0 Pltteburib
12976.0 8732.0 44.0 76.0 6
13124.0 8732.0 144.0 76.0 17ft
13376.0 8736.0 100.0 72.0 AH
13540.0 8728.0 148.0 76.0 Itm

11816.0 8852.0 344.0 76.0 Juriim,
12272.0 8856.0 364.0 80.0 tmcuijcj
12968.0 8860.0 96.0 64.0 till
13120.0 8860.0 140.0 72.0 li
13372.0 8860.0 96.0 68.0 ,m
13584.0 8856.0 92.0 72.0 71

11824.0 8980.0 424.0 88.0 Whitney,
12320.0 8980.0 596.0 88.0 I'hIUdeliihl.
13132.0 8988.0 140.0 68.0 i:i:i
13384.0 8984.0 92.0 72.0 :ii
13592.0 8988.0 100.0 68.0 St

11892.0 9108.0 384.0 84.0 auglian,
12360.0 9108.0 544.0 88.0 rilteliumh,
12972.0 9112.0 96.0 72.0 SS
13120.0 9112.0 144.0 76.0 V,i
13368.0 9112.0 100.0 72.0 41
13584.0 9108.0 100.0 72.0 till

13804.0 8480.0 160.0 72.0 I'et.

13796.0 8604.0 172.0 80.0 ,;mt

13800.0 8728.0 168.0 80.0 .'JSA

13792.0 8856.0 172.0 76.0 .:uu

13804.0 8984.0 160.0 72.0 .:uu

13796.0 9112.0 172.0 76.0 .MO

13804.0 9392.0 164.0 76.0 rtt.

13808.0 9512.0 164.0 80.0 .373

13796.0 9640.0 172.0 76.0 .3110

13796.0 9772.0 168.0 72.0 .SAD

13800.0 9896.0 164.0 76.0 MS

13800.0 10020.0 168.0 76.0 .347

12348.0 9264.0 596.0 80.0 AMERICAN
13008.0 9268.0 456.0 80.0 I.CAI.LK.

11932.0 9388.0 312.0 92.0 Player
12344.0 9392.0 236.0 76.0 Club.

11824.0 9516.0 348.0 84.0 (lehrlK,
12248.0 9516.0 196.0 76.0 New
12512.0 9516.0 336.0 80.0 York..

11816.0 9644.0 500.0 80.0 Uehrlniier,
12420.0 9640.0 372.0 76.0 Di'trnlt.
12832.0 9692.0 20.0 28.0 .

11804.0 9772.0 380.0 84.0 Walker,
12288.0 9768.0 320.0 80.0 Detroit
12716.0 9824.0 20.0 24.0 .
12772.0 9820.0 24.0 28.0 .
12828.0 9820.0 20.0 24.0 .

11820.0 9900.0 264.0 76.0 Writ,
12176.0 9900.0 124.0 68.0 St.
12396.0 9896.0 248.0 76.0 Louie

11828.0 10024.0 420.0 84.0 Kudrllff,
12320.0 10024.0 372.0 84.0 Chlruto
12776.0 10072.0 76.0 28.0 ..

12972.0 9392.0 96.0 76.0 CI.
13132.0 9392.0 160.0 80.0 AH.

12980.0 9520.0 96.0 68.0 1111
13132.0 9516.0 140.0 76.0 315

13120.0 9644.0 140.0 76.0 217

12972.0 9776.0 92.0 72.0 CI
13120.0 9772.0 136.0 76.0 2113

12972.0 9896.0 92.0 76.0 A1
13124.0 9896.0 140.0 72.0 210

12976.0 10028.0 96.0 68.0 60
13124.0 10024.0 136.0 72.0 244

13416.0 9392.0 96.0 72.0 H.
13584.0 9392.0 100.0 72.0 II.

13380.0 9516.0 100.0 72.0 AS
13592.0 9516.0 100.0 72.0 HI

11824.0 10436.0 368.0 96.0 school
12260.0 10460.0 376.0 72.0 crown.
12772.0 10432.0 332.0 96.0 Game
13168.0 10440.0 332.0 88.0 starts
13568.0 10436.0 112.0 92.0 at
13748.0 10424.0 212.0 100.0 9:30

11824.0 10604.0 436.0 100.0 o'clock.

11944.0 10776.0 228.0 92.0 The
12256.0 10772.0 832.0 92.0 circumstances
13160.0 10772.0 100.0 96.0 in
13348.0 10768.0 184.0 92.0 the
13616.0 10764.0 304.0 96.0 cham-

11828.0 10944.0 496.0 124.0 pionship
12408.0 10944.0 428.0 124.0 pairing
12920.0 10964.0 172.0 68.0 are
13184.0 10944.0 392.0 116.0 unique
13672.0 10936.0 104.0 96.0 in
13856.0 10936.0 100.0 100.0 C.

11832.0 11112.0 120.0 100.0 Y.
12040.0 11116.0 116.0 92.0 O.
12248.0 11112.0 540.0 116.0 parochial
12880.0 11108.0 440.0 108.0 records,
13408.0 11108.0 296.0 96.0 since
13792.0 11108.0 168.0 92.0 the

11820.0 11312.0 300.0 68.0 same
12192.0 11288.0 336.0 92.0 teams
12596.0 11280.0 252.0 92.0 that
12924.0 11280.0 536.0 112.0 competed
13548.0 11276.0 168.0 96.0 for
13788.0 11272.0 168.0 92.0 the

11820.0 11420.0 816.0 112.0 championship
12736.0 11420.0 108.0 92.0 in
12936.0 11416.0 212.0 92.0 1936
13228.0 11440.0 184.0 72.0 are
13500.0 11416.0 460.0 112.0 fighting

11836.0 11564.0 168.0 88.0 for
12084.0 11560.0 76.0 88.0 it
12236.0 11560.0 308.0 108.0 again
12616.0 11556.0 224.0 92.0 this
12912.0 11576.0 268.0 92.0 year.
13308.0 11548.0 284.0 124.0 Holy
13664.0 11548.0 248.0 92.0 Fam-

11828.0 11696.0 140.0 116.0 ily
12040.0 11724.0 216.0 64.0 was
12324.0 11696.0 172.0 92.0 the
12564.0 11696.0 416.0 88.0 winner
13048.0 11692.0 188.0 92.0 last
13316.0 11712.0 416.0 84.0 season,
13800.0 11688.0 116.0 92.0 de-

11824.0 11836.0 424.0 112.0 feating
12300.0 11836.0 140.0 92.0 St.
12492.0 11832.0 432.0 104.0 Teresa,
12972.0 11828.0 60.0 96.0 S
13092.0 11832.0 100.0 92.0 to
13244.0 11828.0 80.0 92.0 0.

11944.0 11972.0 220.0 92.0 The
12220.0 11976.0 204.0 84.0 two
12476.0 11964.0 336.0 96.0 finals
12868.0 11972.0 328.0 92.0 teams
13248.0 11988.0 184.0 72.0 are
13488.0 11964.0 180.0 96.0 the
13724.0 11960.0 232.0 116.0 only

11828.0 12108.0 636.0 96.0 undefeated
12564.0 12104.0 408.0 112.0 squads
13060.0 12128.0 100.0 72.0 m
13248.0 12104.0 184.0 92.0 the
13528.0 12104.0 432.0 92.0 43-tearn

11820.0 12244.0 108.0 96.0 C.
11992.0 12244.0 120.0 92.0 Y.
12172.0 12240.0 116.0 92.0 O.
12344.0 12240.0 456.0 108.0 League,
12856.0 12240.0 340.0 96.0 whose
13260.0 12236.0 504.0 100.0 schedule
13800.0 12260.0 116.0 68.0 ex-

11824.0 12372.0 388.0 92.0 tended
12292.0 12396.0 240.0 68.0 over
12612.0 12376.0 120.0 92.0 13
12808.0 12372.0 368.0 88.0 weeks.
13316.0 12372.0 280.0 112.0 Holy
13676.0 12368.0 252.0 96.0 Fam-

11824.0 12516.0 140.0 120.0 ily
12064.0 12512.0 92.0 92.0 is
12244.0 12516.0 532.0 92.0 conceded
12868.0 12516.0 172.0 92.0 the
13124.0 12512.0 344.0 96.0 ablest
13556.0 12512.0 400.0 108.0 pitcher

11824.0 12656.0 100.0 88.0 in
12008.0 12656.0 184.0 92.0 the
12276.0 12652.0 228.0 112.0 loop
12632.0 12648.0 1016.0 116.0 fourteen-year-old
13732.0 12648.0 224.0 96.0 Phil

11824.0 12788.0 312.0 104.0 Seltz,
12232.0 12792.0 228.0 88.0 who
12548.0 12788.0 388.0 96.0 struck
13036.0 12796.0 172.0 88.0 out
13300.0 12788.0 120.0 92.0 IS
13512.0 12808.0 240.0 76.0 men
13856.0 12792.0 100.0 92.0 In

11824.0 12924.0 500.0 116.0 bringing
12408.0 12924.0 160.0 92.0 his
12652.0 12928.0 296.0 88.0 team
13028.0 12952.0 56.0 72.0 a
13160.0 12920.0 316.0 100.0 l-to-0
13560.0 12924.0 396.0 112.0 victory

11816.0 13084.0 260.0 72.0 over
12152.0 13064.0 148.0 92.0 St.
12376.0 13056.0 408.0 116.0 Joseph
12872.0 13060.0 632.0 112.0 Orphanage
13596.0 13064.0 104.0 92.0 In
13784.0 13060.0 168.0 96.0 the

11820.0 13200.0 620.0 92.0 semifinals.

11948.0 13336.0 536.0 116.0 Opposing
12552.0 13336.0 292.0 96.0 SelU
12904.0 13336.0 196.0 92.0 will
13164.0 13336.0 120.0 96.0 be
13352.0 13364.0 60.0 68.0 a
13476.0 13336.0 480.0 112.0 slugging

11820.0 13476.0 148.0 96.0 St.
12052.0 13476.0 384.0 88.0 Teresi
12516.0 13484.0 384.0 96.0 roster,
12988.0 13476.0 388.0 92.0 headed
13472.0 13476.0 136.0 116.0 by
13692.0 13476.0 260.0 88.0 Jack

11832.0 13608.0 520.0 112.0 Maloney,
12436.0 13612.0 236.0 88.0 who
12768.0 13608.0 92.0 92.0 Is
12944.0 13612.0 212.0 92.0 also
13240.0 13612.0 184.0 96.0 the
13516.0 13608.0 432.0 92.0 number

11816.0 13772.0 204.0 64.0 one
12104.0 13748.0 348.0 88.0 hurler
12524.0 13748.0 116.0 88.0 of
12716.0 13748.0 188.0 88.0 the
12972.0 13748.0 248.0 88.0 club.

13776.0 26776.0 160.0 272.0 R

12176.0 7772.0 724.0 272.0 Leading
13016.0 7784.0 636.0 208.0 Halters
13912.0 7656.0 40.0 496.0 j

11816.0 8144.0 32.0 100.0 4
12352.0 8184.0 32.0 36.0 "
12404.0 8184.0 32.0 32.0 '"
12984.0 8192.0 64.0 44.0 Nil
13056.0 8192.0 56.0 44.0 ii,"
13120.0 8192.0 8.0 32.0 1
13152.0 8196.0 16.0 36.0 1
13424.0 8196.0 24.0 32.0 ei
13596.0 8200.0 48.0 32.0 ii
13704.0 8196.0 128.0 44.0 iirfieji

11456.0 26992.0 1728.0 536.0 NOW
13760.0 27160.0 176.0 280.0 k

13704.0 27552.0 272.0 288.0 O

14424.0 1528.0 656.0 376.0 YANK
15224.0 1520.0 688.0 376.0 PILOT

14092.0 2252.0 144.0 56.0 ret
14492.0 2248.0 244.0 60.0 it
15164.0 2244.0 128.0 64.0 T-1
15764.0 2232.0 80.0 76.0 T
16132.0 2220.0 44.0 64.0 1
16288.0 2212.0 8.0 60.0 !
16344.0 2208.0 100.0 64.0 in
16548.0 2208.0 176.0 64.0 me
16840.0 2208.0 216.0 64.0 Dan
17152.0 2208.0 308.0 80.0 game
17568.0 2208.0 216.0 56.0 ana
17884.0 2208.0 620.0 52.0 eumi-uun-a

14088.0 2272.0 504.0 192.0 TOOK
14660.0 2260.0 444.0 200.0 Leaf
15160.0 2260.0 532.0 192.0 FrOIll
15764.0 2260.0 780.0 180.0 JjOOK'nvo
16628.0 2316.0 384.0 92.0 others
17096.0 2316.0 300.0 88.0 when
17488.0 2308.0 580.0 108.0 McCarthy
18156.0 2296.0 348.0 96.0 called

16288.0 2488.0 8.0 60.0 :
16340.0 2476.0 124.0 68.0 on
16536.0 2452.0 208.0 92.0 two
16812.0 2476.0 308.0 68.0 more
17184.0 2448.0 480.0 124.0 pitchers
17728.0 2452.0 112.0 88.0 to
17900.0 2440.0 248.0 104.0 take
18216.0 2436.0 296.0 96.0 their

14104.0 2848.0 192.0 148.0 Of
14456.0 2840.0 248.0 152.0 Cub
14880.0 2828.0 344.0 156.0 I'Hot
15376.0 2832.0 140.0 148.0 In
15688.0 2820.0 456.0 148.0 Vniiiii

14268.0 3080.0 320.0 148.0 Own
14664.0 3076.0 236.0 152.0 Phi
14928.0 3116.0 296.0 108.0 vers
15296.0 3068.0 252.0 148.0 For
15620.0 3060.0 456.0 152.0 (lame.

14100.0 3568.0 432.0 136.0 Grimm
14600.0 3564.0 428.0 136.0 Bossed
15100.0 3560.0 572.0 132.0 Nationals
15744.0 3560.0 148.0 124.0 To
15972.0 3544.0 280.0 160.0 Only

14224.0 3776.0 452.0 164.0 Victory
14732.0 3772.0 324.0 156.0 They
15116.0 3768.0 280.0 132.0 Ever
15452.0 3768.0 320.0 128.0 Have
15828.0 3756.0 276.0 132.0 Won

14760.0 3980.0 140.0 128.0 In
15020.0 3972.0 192.0 160.0 Big
15316.0 3968.0 252.0 132.0 Tilt.

14436.0 4476.0 176.0 100.0 BY
14664.0 4476.0 632.0 104.0 WARREN
15348.0 4464.0 564.0 104.0 BROWN.

14192.0 4640.0 496.0 120.0 Chicago,
14812.0 4644.0 268.0 116.0 July
15184.0 4636.0 452.0 100.0 8-(US)
15776.0 4632.0 480.0 96.0 Another

14076.0 4840.0 216.0 72.0 one
14364.0 4820.0 112.0 96.0 of
14528.0 4816.0 172.0 96.0 the
14764.0 4812.0 468.0 96.0 All-Star
15292.0 4832.0 372.0 96.0 games
15724.0 4804.0 192.0 96.0 has
15980.0 4824.0 272.0 92.0 gone

14076.0 4984.0 148.0 96.0 Its
14312.0 5004.0 256.0 92.0 way,
14632.0 4984.0 220.0 96.0 and
14932.0 4980.0 180.0 100.0 the
15180.0 4976.0 572.0 100.0 American
15828.0 4968.0 420.0 116.0 League

14068.0 5144.0 420.0 104.0 cluster
14604.0 5148.0 108.0 96.0 of
14848.0 5144.0 616.0 96.0 luminaries
15600.0 5144.0 92.0 92.0 is
15820.0 5136.0 436.0 112.0 shining

14072.0 5316.0 496.0 116.0 brighter
14656.0 5316.0 280.0 92.0 than
15032.0 5336.0 264.0 72.0 ever.

14200.0 5484.0 292.0 96.0 That
14544.0 5480.0 308.0 128.0 being
14928.0 5488.0 180.0 88.0 the
15168.0 5508.0 240.0 68.0 case
15472.0 5480.0 80.0 96.0 it
15624.0 5504.0 340.0 68.0 seems
16024.0 5476.0 228.0 120.0 Just

14072.0 5672.0 68.0 76.0 a
14212.0 5648.0 168.0 100.0 bit
14448.0 5656.0 276.0 116.0 catty
14796.0 5660.0 120.0 88.0 to
14988.0 5656.0 428.0 108.0 suggest
15484.0 5648.0 244.0 96.0 that
15796.0 5648.0 180.0 96.0 the
16040.0 5648.0 172.0 92.0 vic-

14068.0 5820.0 424.0 100.0 torious
14560.0 5820.0 580.0 100.0 American
15212.0 5816.0 424.0 116.0 League
15712.0 5812.0 400.0 124.0 swiped
16192.0 5836.0 64.0 68.0 a

14068.0 6016.0 296.0 92.0 page
14440.0 5992.0 260.0 96.0 from
14776.0 5988.0 512.0 96.0 National
15364.0 5984.0 428.0 116.0 League
15868.0 5980.0 388.0 100.0 tactics

14072.0 6156.0 280.0 96.0 used
14432.0 6160.0 192.0 96.0 last
14692.0 6180.0 276.0 96.0 year
15044.0 6152.0 104.0 100.0 In
15220.0 6152.0 172.0 96.0 the
15464.0 6156.0 256.0 112.0 only
15792.0 6148.0 464.0 100.0 All-Star

14072.0 6352.0 332.0 92.0 game
14468.0 6328.0 164.0 96.0 the
14696.0 6324.0 576.0 100.0 Nationals
15332.0 6348.0 256.0 72.0 ever
15648.0 6328.0 272.0 88.0 have
15980.0 6344.0 272.0 68.0 won.

14200.0 6496.0 236.0 96.0 Tho
14508.0 6496.0 412.0 108.0 tactics,
15004.0 6520.0 284.0 76.0 come
15364.0 6492.0 116.0 96.0 to
15556.0 6488.0 316.0 100.0 think
15944.0 6488.0 120.0 96.0 of
16144.0 6488.0 108.0 108.0 it,

14076.0 6656.0 300.0 68.0 were
14432.0 6632.0 396.0 116.0 simple.
14924.0 6632.0 288.0 116.0 They
15264.0 6652.0 276.0 72.0 were
15600.0 6624.0 460.0 116.0 thought
16124.0 6648.0 132.0 84.0 up

14068.0 6768.0 152.0 112.0 by
14320.0 6768.0 408.0 100.0 Charlie
14836.0 6768.0 440.0 108.0 Grimm,
15368.0 6764.0 476.0 108.0 Chicago
15936.0 6756.0 320.0 100.0 Cubs'

14068.0 6924.0 552.0 92.0 manager,
14716.0 6908.0 260.0 92.0 who
15072.0 6904.0 196.0 96.0 had
15364.0 6904.0 400.0 108.0 charge
15860.0 6900.0 116.0 92.0 of
16072.0 6896.0 180.0 92.0 the

14068.0 7040.0 260.0 96.0 1936
14396.0 7044.0 504.0 96.0 National
14976.0 7036.0 408.0 120.0 Leaguo
15460.0 7040.0 544.0 92.0 All-Stars.

14204.0 7180.0 232.0 96.0 The
14524.0 7180.0 548.0 96.0 consisted
15160.0 7184.0 112.0 88.0 of
15364.0 7176.0 400.0 112.0 merely
15860.0 7164.0 384.0 112.0 taking

14072.0 7312.0 204.0 96.0 the
14348.0 7316.0 220.0 92.0 best
14636.0 7320.0 316.0 112.0 parts
15024.0 7316.0 108.0 92.0 of
15196.0 7340.0 60.0 68.0 a
15320.0 7312.0 328.0 116.0 going
15724.0 7308.0 200.0 92.0 ball
16000.0 7304.0 240.0 92.0 club

14068.0 7452.0 236.0 92.0 and
14384.0 7452.0 332.0 112.0 filling
14796.0 7452.0 116.0 92.0 in
14988.0 7452.0 176.0 92.0 the
15232.0 7472.0 264.0 88.0 gaps
15568.0 7448.0 260.0 88.0 with
15900.0 7468.0 60.0 68.0 a
16036.0 7444.0 204.0 92.0 few

14072.0 7588.0 288.0 92.0 odds
14436.0 7588.0 192.0 92.0 and
14708.0 7588.0 284.0 92.0 ends
15068.0 7584.0 108.0 96.0 of
15252.0 7592.0 228.0 84.0 star
15564.0 7576.0 488.0 96.0 material
16136.0 7580.0 108.0 88.0 to

14104.0 7728.0 164.0 88.0 rct
14360.0 7728.0 232.0 88.0 nine
14668.0 7748.0 256.0 68.0 men
15012.0 7744.0 132.0 72.0 on
15224.0 7724.0 176.0 92.0 the
15492.0 7720.0 284.0 96.0 field,
15856.0 7740.0 124.0 68.0 as
16060.0 7716.0 184.0 88.0 the

14080.0 7856.0 308.0 92.0 rules
14452.0 7860.0 624.0 96.0 demanded.

14204.0 7992.0 264.0 100.0 This
14568.0 8004.0 420.0 108.0 system
15100.0 7988.0 420.0 100.0 worked
15640.0 7988.0 208.0 96.0 last
15956.0 8012.0 288.0 92.0 year.

14072.0 8128.0 112.0 96.0 It
14312.0 8132.0 416.0 92.0 walked
14860.0 8124.0 320.0 120.0 again
15296.0 8132.0 108.0 96.0 in
15528.0 8124.0 712.0 116.0 Washington

14068.0 8264.0 232.0 92.0 last
14372.0 8268.0 704.0 108.0 Wednesday.

14196.0 8400.0 208.0 100.0 Joo
14476.0 8404.0 612.0 112.0 McCarthy,
15168.0 8400.0 172.0 92.0 the
15424.0 8400.0 444.0 92.0 Yankee
15948.0 8420.0 252.0 64.0 man-

14064.0 8564.0 316.0 88.0 ager,
14444.0 8544.0 224.0 88.0 who
14748.0 8540.0 220.0 96.0 had
15048.0 8540.0 164.0 88.0 the
15284.0 8540.0 520.0 92.0 selection
15872.0 8540.0 116.0 88.0 of
16064.0 8536.0 180.0 92.0 the

14068.0 8672.0 580.0 96.0 American
14800.0 8676.0 420.0 112.0 League
15356.0 8672.0 472.0 92.0 All-Star
15968.0 8672.0 288.0 88.0 team

14272.0 9328.0 760.0 392.0 The
15336.0 9320.0 416.0 400.0 CI
15844.0 9492.0 824.0 224.0 own
16988.0 9324.0 1344.0 384.0 Prince

14268.0 9808.0 176.0 176.0 Al
14524.0 9808.0 708.0 208.0 Schacht,
15316.0 9816.0 604.0 172.0 famous
16008.0 9804.0 680.0 180.0 baseball
16780.0 9804.0 868.0 204.0 comedian,
17732.0 9800.0 240.0 176.0 will
18064.0 9812.0 276.0 216.0 put

14272.0 10120.0 180.0 104.0 on
14540.0 10044.0 204.0 180.0 his
14844.0 10076.0 264.0 156.0 act
15212.0 10048.0 548.0 180.0 before
15844.0 10044.0 256.0 180.0 the
16200.0 10044.0 400.0 224.0 night
16696.0 10040.0 300.0 180.0 ball
17088.0 10112.0 452.0 156.0 game
17644.0 10036.0 688.0 180.0 between

14272.0 10284.0 236.0 180.0 the
14648.0 10284.0 408.0 180.0 Reds
15184.0 10284.0 296.0 180.0 and
15628.0 10284.0 708.0 220.0 Chicago
16472.0 10276.0 444.0 184.0 Cubs
17060.0 10276.0 688.0 240.0 Monday
17872.0 10272.0 464.0 228.0 night.

14900.0 10532.0 108.0 168.0 It
15116.0 10524.0 240.0 172.0 will
15484.0 10520.0 196.0 180.0 be
15800.0 10596.0 80.0 100.0 a
16004.0 10516.0 404.0 180.0 show
16520.0 10520.0 480.0 180.0 worth
17128.0 10532.0 576.0 208.0 seeing.

14816.0 10872.0 624.0 392.0 AL
15696.0 10864.0 2120.0 408.0 SCHACHT

15716.0 11352.0 196.0 132.0 IN
16080.0 11356.0 808.0 128.0 PERSON

14276.0 11628.0 940.0 232.0 MONDAY
15400.0 11628.0 712.0 224.0 NIGHT
16292.0 11628.0 240.0 220.0 AT
16724.0 11628.0 892.0 224.0 CROSLEY
17792.0 11624.0 540.0 224.0 FIELD

14268.0 12048.0 132.0 160.0 A
14504.0 12056.0 592.0 204.0 greater
15188.0 12028.0 724.0 184.0 fireworks
16020.0 12028.0 576.0 236.0 display
16700.0 12032.0 364.0 180.0 than
17172.0 12104.0 364.0 108.0 ever
17640.0 12032.0 300.0 180.0 also
18052.0 12028.0 272.0 184.0 has

14272.0 12268.0 368.0 176.0 been
14728.0 12268.0 836.0 184.0 scheduled
15648.0 12272.0 292.0 176.0 and
16020.0 12268.0 412.0 184.0 there
16512.0 12272.0 260.0 172.0 will
16864.0 12268.0 192.0 180.0 be
17128.0 12268.0 256.0 180.0 the
17472.0 12292.0 856.0 208.0 customary

14272.0 12500.0 388.0 180.0 band
14792.0 12528.0 680.0 160.0 concert.
15660.0 12504.0 560.0 184.0 Tickets
16340.0 12576.0 236.0 108.0 are
16700.0 12580.0 200.0 104.0 on
17020.0 12504.0 296.0 180.0 sale
17440.0 12528.0 168.0 156.0 at
17720.0 12508.0 592.0 200.0 Straus',

15496.0 12740.0 380.0 180.0 Sixth
15992.0 12740.0 300.0 176.0 and
16400.0 12744.0 672.0 176.0 Walnut.

14280.0 13112.0 568.0 288.0 Get
15048.0 13120.0 744.0 288.0 Your
16000.0 13112.0 1152.0 288.0 Tickets
17392.0 13112.0 936.0 288.0 NOW

13276.0 23672.0 80.0 156.0 1
13440.0 23716.0 592.0 104.0 WARNER
14132.0 23712.0 528.0 104.0 BAXTER
14924.0 23656.0 84.0 148.0 2
15092.0 23704.0 692.0 104.0 ELIZABETH
15892.0 23696.0 420.0 104.0 ALLAN
16572.0 23656.0 96.0 148.0 3
16760.0 23700.0 608.0 108.0 WALLACE
17456.0 23696.0 512.0 108.0 BEERY...

13268.0 23948.0 24.0 24.0 .
13432.0 23948.0 20.0 24.0 .
13508.0 23868.0 392.0 128.0 Cspuin
14004.0 23860.0 124.0 104.0 of
14232.0 23864.0 144.0 100.0 the
14472.0 23864.0 184.0 96.0 Usl
14936.0 23920.0 192.0 44.0 .,,
15176.0 23856.0 200.0 96.0 Her
15436.0 23852.0 208.0 100.0 love
15704.0 23844.0 148.0 104.0 for
15916.0 23848.0 396.0 96.0 Warner
16588.0 23860.0 268.0 100.0 Hard
16928.0 23852.0 292.0 112.0 futed,
17340.0 23840.0 628.0 108.0 soft-hesrttd

13268.0 24024.0 304.0 100.0 silver
13640.0 24012.0 304.0 108.0 sflost.
14020.0 24016.0 232.0 96.0 who
14316.0 24004.0 172.0 104.0 lied
14568.0 24040.0 104.0 68.0 10
14928.0 24000.0 324.0 100.0 Baxter
15304.0 23996.0 156.0 104.0 led
15508.0 24024.0 100.0 72.0 to
15656.0 24000.0 152.0 96.0 the
15856.0 24020.0 452.0 96.0 sirangesi
16588.0 24012.0 460.0 124.0 ualawig
17140.0 24000.0 108.0 104.0 of
17348.0 24004.0 160.0 96.0 the
17604.0 24028.0 140.0 72.0 Its
17800.0 24068.0 28.0 32.0 .
17872.0 24072.0 28.0 28.0 .
17948.0 24068.0 28.0 28.0 .

13272.0 24172.0 156.0 100.0 the
13500.0 24168.0 176.0 128.0 (tirl
13744.0 24168.0 56.0 96.0 h
13928.0 24144.0 452.0 120.0 Ioved"o
14444.0 24156.0 228.0 100.0 hide
14940.0 24180.0 424.0 68.0 romsnce
15428.0 24176.0 212.0 68.0 ever
15708.0 24140.0 300.0 104.0 lived!
16676.0 24144.0 616.0 120.0 homutinitd
17348.0 24144.0 336.0 104.0 forthe
17728.0 24144.0 244.0 108.0 FUN

13268.0 24324.0 160.0 100.0 the
13468.0 24312.0 260.0 108.0 black
13768.0 24344.0 276.0 68.0 curse
14088.0 24308.0 108.0 104.0 of
14240.0 24312.0 128.0 96.0 his
14412.0 24336.0 200.0 96.0 pai
14644.0 24316.0 24.0 84.0 !
16584.0 24312.0 104.0 96.0 of
16732.0 24340.0 68.0 68.0 it
16824.0 24312.0 28.0 88.0 !
16896.0 24308.0 280.0 112.0 Beery
17220.0 24328.0 96.0 72.0 st
17352.0 24300.0 152.0 100.0 his
17544.0 24324.0 384.0 96.0 grestejt
17952.0 24296.0 28.0 96.0 !

14932.0 24468.0 92.0 144.0 4
15100.0 24516.0 500.0 100.0 MICKEY
15660.0 24516.0 628.0 108.0 ROONEY.,

14664.0 24688.0 40.0 68.0 i
14932.0 24664.0 288.0 100.0 Cabin
15276.0 24664.0 184.0 112.0 boy
15504.0 24656.0 184.0 108.0 and
15736.0 24692.0 200.0 84.0 imp
15976.0 24664.0 100.0 96.0 ol

16128.0 24696.0 168.0 64.0 mis
16300.0 24720.0 28.0 20.0 -

14944.0 24840.0 236.0 76.0 cruel
15256.0 24876.0 32.0 36.0 .
15352.0 24880.0 36.0 32.0 .
15452.0 24876.0 36.0 40.0 .
15548.0 24840.0 216.0 72.0 who
15896.0 24840.0 432.0 92.0 Detrayed
16488.0 24848.0 36.0 72.0 s
16972.0 24840.0 532.0 104.0 "fcirHii

14992.0 24964.0 108.0 96.0 he
15172.0 24960.0 476.0 112.0 betrsyfra
15716.0 24956.0 104.0 100.0 of
15904.0 24964.0 156.0 96.0 the

16128.0 24996.0 172.0 88.0 cap
16300.0 25020.0 20.0 16.0 -

14956.0 25140.0 180.0 68.0 lain
15204.0 25128.0 116.0 76.0 he
15388.0 25128.0 396.0 76.0 adored'

14952.0 25432.0 92.0 148.0 5
15124.0 25480.0 532.0 120.0 JOSEPH
15768.0 25484.0 528.0 100.0 SCHILD

14752.0 25624.0 52.0 112.0 1
14964.0 25632.0 496.0 104.0 KRAUT
15528.0 25704.0 24.0 28.0 .
15612.0 25708.0 20.0 24.0 .
15696.0 25700.0 24.0 28.0 .
15788.0 25636.0 348.0 96.0 Dealer

14972.0 25816.0 340.0 64.0 numan
15360.0 25816.0 256.0 64.0 souis
15720.0 25864.0 20.0 16.0 .
15776.0 25852.0 28.0 28.0 .
15848.0 25816.0 352.0 68.0 nuntta

14968.0 25932.0 148.0 96.0 the
15176.0 25932.0 308.0 96.0 world
15544.0 25924.0 176.0 104.0 and
15780.0 25928.0 412.0 104.0 haunted

14764.0 26176.0 20.0 20.0 .
14976.0 26120.0 632.0 84.0 inegiiiows'

14976.0 26080.0 56.0 40.0 .i
15296.0 26076.0 60.0 44.0 ii
15588.0 26084.0 20.0 36.0 ,

16332.0 1496.0 208.0 96.0 and
16616.0 1492.0 184.0 100.0 the
16884.0 1488.0 296.0 120.0 right
17256.0 1492.0 104.0 88.0 to
17440.0 1508.0 324.0 72.0 name
17840.0 1480.0 172.0 92.0 the
18088.0 1468.0 412.0 116.0 line-up

16336.0 1632.0 204.0 96.0 and
16668.0 1632.0 332.0 92.0 make
17132.0 1648.0 204.0 92.0 any
17460.0 1624.0 504.0 104.0 changes,
18092.0 1608.0 412.0 112.0 meiely

16340.0 1768.0 452.0 96.0 reached
16896.0 1764.0 196.0 92.0 out
17184.0 1760.0 208.0 100.0 and
17492.0 1752.0 472.0 124.0 grabbed
18064.0 1752.0 220.0 92.0 five
18384.0 1740.0 120.0 96.0 of

16336.0 1908.0 160.0 92.0 his
16588.0 1928.0 240.0 72.0 own
16932.0 1900.0 520.0 92.0 Yankees.

16456.0 2044.0 336.0 92.0 There
16916.0 2060.0 272.0 72.0 were
17296.0 2036.0 256.0 100.0 four
17664.0 2032.0 300.0 96.0 other
18068.0 2024.0 436.0 116.0 players

16340.0 2624.0 292.0 60.0 iniee
16812.0 2624.0 380.0 76.0 inning
17360.0 2624.0 348.0 60.0 luiua.
17932.0 2624.0 208.0 52.0 auv
18324.0 2624.0 184.0 44.0 mo

16344.0 2724.0 496.0 96.0 Yankees
16976.0 2724.0 108.0 100.0 In
17216.0 2724.0 172.0 96.0 the
17524.0 2720.0 460.0 92.0 All-Star
18112.0 2712.0 416.0 112.0 line-up

16340.0 2864.0 324.0 92.0 didn't
16756.0 2864.0 312.0 92.0 leave
17152.0 2864.0 312.0 92.0 much
17560.0 2860.0 172.0 96.0 for
17816.0 2856.0 172.0 92.0 the
18072.0 2856.0 232.0 92.0 rest
18392.0 2848.0 120.0 96.0 of

16340.0 3000.0 176.0 92.0 the
16588.0 3004.0 264.0 112.0 boys
16936.0 3004.0 112.0 92.0 to
17116.0 3000.0 156.0 92.0 do.

16456.0 3144.0 216.0 96.0 Tho
16772.0 3148.0 580.0 92.0 American
17452.0 3136.0 432.0 108.0 league
17984.0 3128.0 532.0 100.0 All-Stan

16352.0 3280.0 364.0 96.0 scored
16836.0 3280.0 304.0 116.0 eight
17248.0 3300.0 288.0 80.0 runs.
17688.0 3276.0 216.0 92.0 The
18012.0 3264.0 444.0 100.0 Yankee

16340.0 3416.0 316.0 96.0 drove
16748.0 3416.0 112.0 92.0 in
16952.0 3416.0 168.0 92.0 six
17196.0 3420.0 108.0 88.0 of
17388.0 3416.0 340.0 92.0 them.

16472.0 3556.0 220.0 92.0 The
16812.0 3552.0 248.0 96.0 best
17172.0 3552.0 176.0 116.0 job
17460.0 3552.0 124.0 96.0 of
17704.0 3544.0 472.0 120.0 pitching
18288.0 3556.0 232.0 72.0 was

16344.0 3688.0 260.0 96.0 done
16668.0 3688.0 144.0 116.0 by
16868.0 3688.0 396.0 96.0 Gomez
17320.0 3692.0 108.0 96.0 in
17492.0 3688.0 168.0 92.0 his
17720.0 3684.0 288.0 96.0 three
18068.0 3676.0 444.0 108.0 innings

16348.0 3828.0 340.0 104.0 which
16760.0 3824.0 356.0 116.0 began
17184.0 3828.0 180.0 96.0 the
17436.0 3844.0 348.0 92.0 game.

16460.0 3964.0 216.0 96.0 The
16796.0 3968.0 476.0 108.0 greatest
17380.0 3960.0 552.0 100.0 defensive
18036.0 3956.0 252.0 116.0 play
18400.0 3944.0 116.0 96.0 In

16352.0 4096.0 172.0 92.0 the
16580.0 4120.0 328.0 88.0 game
16968.0 4120.0 220.0 68.0 was
17244.0 4096.0 276.0 92.0 done
17588.0 4092.0 140.0 112.0 by
17780.0 4088.0 188.0 96.0 Joe
18024.0 4088.0 136.0 104.0 Di
18224.0 4080.0 260.0 112.0 Mag-

16344.0 4236.0 192.0 112.0 glo,
16604.0 4240.0 104.0 92.0 in
16776.0 4240.0 300.0 108.0 right
17140.0 4236.0 280.0 96.0 field.
17520.0 4228.0 708.0 108.0 Incidentally
18296.0 4224.0 176.0 92.0 Mc-

16348.0 4376.0 400.0 112.0 Carthy
16852.0 4368.0 700.0 116.0 deliberately
17672.0 4364.0 504.0 92.0 switched
18288.0 4360.0 232.0 96.0 him

16344.0 4508.0 276.0 104.0 from
16732.0 4508.0 180.0 96.0 his
17024.0 4508.0 404.0 96.0 normal
17548.0 4504.0 484.0 112.0 position,
18132.0 4500.0 388.0 92.0 center

16352.0 4644.0 276.0 108.0 field,
16692.0 4668.0 268.0 68.0 over
17020.0 4644.0 220.0 88.0 Into
17300.0 4636.0 332.0 116.0 right,
17700.0 4636.0 440.0 92.0 because
18204.0 4632.0 124.0 92.0 of
18388.0 4620.0 136.0 100.0 Dl

16352.0 4784.0 508.0 108.0 Mario's
16940.0 4788.0 304.0 104.0 great
17308.0 4776.0 548.0 112.0 throwing
17924.0 4796.0 260.0 72.0 arm.
18300.0 4772.0 172.0 92.0 Mc-

16348.0 4920.0 396.0 124.0 Carthy
16844.0 4916.0 424.0 112.0 figured
17360.0 4916.0 316.0 92.0 there
17772.0 4912.0 332.0 116.0 might
18204.0 4928.0 312.0 76.0 come

16344.0 5084.0 64.0 68.0 a
16500.0 5060.0 260.0 88.0 time
16856.0 5060.0 312.0 88.0 when
17248.0 5052.0 200.0 96.0 Joe
17544.0 5048.0 340.0 92.0 would
17972.0 5052.0 244.0 108.0 stop
18308.0 5068.0 208.0 68.0 one

16348.0 5192.0 112.0 96.0 of
16556.0 5196.0 184.0 88.0 the
16844.0 5212.0 384.0 92.0 enemy
17328.0 5196.0 296.0 96.0 from
17788.0 5184.0 372.0 108.0 taking
18272.0 5180.0 252.0 92.0 that

16344.0 5336.0 296.0 92.0 extia
16720.0 5328.0 268.0 92.0 base
17064.0 5328.0 108.0 92.0 at
17248.0 5352.0 60.0 68.0 a
17384.0 5324.0 424.0 96.0 critical
17884.0 5320.0 504.0 92.0 moment.

16460.0 5464.0 160.0 92.0 He
16700.0 5464.0 188.0 100.0 did
16972.0 5464.0 232.0 92.0 that
17272.0 5460.0 336.0 96.0 about
17684.0 5460.0 244.0 92.0 four
17996.0 5456.0 324.0 92.0 times
18404.0 5452.0 112.0 92.0 in

16348.0 5604.0 172.0 100.0 the
16588.0 5628.0 320.0 88.0 game
17056.0 5600.0 128.0 92.0 nd
17248.0 5600.0 268.0 96.0 each
17588.0 5620.0 200.0 76.0 one
17856.0 5596.0 244.0 92.0 hurt
18164.0 5612.0 348.0 72.0 worse

16352.0 5740.0 256.0 92.0 than
16680.0 5740.0 188.0 92.0 the
16944.0 5760.0 196.0 72.0 one
17208.0 5736.0 396.0 92.0 before.

16460.0 5876.0 100.0 92.0 It
16624.0 5876.0 264.0 92.0 hurt
16956.0 5872.0 508.0 96.0 National
17532.0 5868.0 420.0 112.0 League
18012.0 5860.0 300.0 124.0 pride
18380.0 5880.0 136.0 72.0 no

16348.0 6008.0 320.0 96.0 doubt
16756.0 6016.0 120.0 84.0 to
16976.0 6008.0 264.0 96.0 have
17328.0 6012.0 148.0 88.0 its
17568.0 6004.0 468.0 116.0 pitchers
18132.0 5996.0 388.0 92.0 cuffed

16348.0 6148.0 404.0 92.0 around
16908.0 6148.0 184.0 92.0 the
17224.0 6164.0 244.0 92.0 way
17616.0 6144.0 184.0 88.0 the
17932.0 6136.0 584.0 100.0 American

16352.0 6280.0 548.0 116.0 Leaguers
16984.0 6280.0 204.0 100.0 did.

16696.0 6576.0 268.0 124.0 JOE
17024.0 6580.0 412.0 124.0 LOUIS
17504.0 6580.0 176.0 120.0 TO
17748.0 6572.0 412.0 128.0 PLAY.

16460.0 6784.0 256.0 96.0 Two
16824.0 6784.0 288.0 96.0 close
17216.0 6804.0 376.0 96.0 games
17700.0 6780.0 268.0 96.0 loom
18072.0 6772.0 448.0 120.0 Sunday

16348.0 6960.0 580.0 92.0 afternoon
17064.0 6956.0 204.0 92.0 and
17412.0 6952.0 324.0 116.0 night
17864.0 6948.0 308.0 92.0 when
18312.0 6944.0 208.0 100.0 Joe

16348.0 7128.0 396.0 96.0 Ixmis's
16896.0 7128.0 416.0 92.0 Detroit
17456.0 7124.0 392.0 96.0 Brown
17988.0 7112.0 528.0 104.0 Bombers

16352.0 7268.0 424.0 96.0 Softball
16928.0 7268.0 280.0 92.0 team
17348.0 7264.0 448.0 92.0 invades
17924.0 7256.0 592.0 96.0 Northside

16356.0 7412.0 272.0 88.0 Park
16720.0 7408.0 112.0 92.0 to
16924.0 7404.0 236.0 116.0 play
17244.0 7404.0 176.0 92.0 the
17512.0 7400.0 328.0 96.0 Dines
17924.0 7400.0 284.0 92.0 team
18296.0 7388.0 220.0 100.0 and

16300.0 7592.0 8.0 108.0 j
16352.0 7576.0 524.0 60.0 uomcuna
17012.0 7576.0 104.0 64.0 or
17248.0 7576.0 180.0 56.0 uie
17572.0 7576.0 520.0 52.0 .-,oU,c...
18336.0 7576.0 180.0 44.0 ,u

16300.0 7712.0 12.0 88.0 i
16360.0 7712.0 332.0 88.0 Major
16764.0 7712.0 452.0 64.0 carman
17288.0 7712.0 460.0 76.0 league,
17860.0 7712.0 196.0 52.0 ino

16356.0 7852.0 160.0 64.0 ers
16620.0 7852.0 80.0 60.0 w
16732.0 7828.0 108.0 92.0 ill
16956.0 7824.0 232.0 116.0 play
17296.0 7820.0 340.0 88.0 Dines
17736.0 7816.0 108.0 92.0 at
17944.0 7816.0 52.0 92.0 S
18100.0 7836.0 64.0 68.0 o
18204.0 7816.0 312.0 88.0 clock

16352.0 7968.0 196.0 88.0 and
16636.0 7964.0 532.0 96.0 Comellos
17244.0 7968.0 116.0 88.0 at
17440.0 7952.0 236.0 100.0 8:30
17752.0 7948.0 420.0 100.0 o'clock.
18284.0 7952.0 232.0 96.0 Con

16352.0 8104.0 528.0 92.0 sidc.rable
16984.0 8104.0 436.0 88.0 Interest
17524.0 8096.0 196.0 92.0 has
17816.0 8088.0 256.0 96.0 been
18172.0 8088.0 296.0 100.0 mani-

16356.0 8248.0 336.0 88.0 fested
16788.0 8244.0 112.0 92.0 in
16992.0 8240.0 172.0 92.0 the
17248.0 8260.0 380.0 92.0 games
17708.0 8260.0 116.0 68.0 as
17904.0 8236.0 192.0 92.0 Joe
18184.0 8228.0 332.0 96.0 Louis

16356.0 8388.0 84.0 92.0 is
16512.0 8384.0 584.0 96.0 scheduled
17176.0 8392.0 104.0 88.0 to
17360.0 8380.0 252.0 112.0 play
17684.0 8376.0 244.0 92.0 first
18004.0 8372.0 256.0 92.0 base
18340.0 8372.0 176.0 96.0 for

16352.0 8552.0 64.0 68.0 a
16496.0 8524.0 204.0 92.0 few
16796.0 8524.0 428.0 108.0 Innings
17308.0 8520.0 108.0 92.0 in
17508.0 8520.0 264.0 88.0 each
17856.0 8512.0 448.0 108.0 contest,
18392.0 8528.0 124.0 76.0 as

16360.0 8664.0 220.0 88.0 well
16652.0 8684.0 132.0 68.0 as
16860.0 8668.0 360.0 84.0 coach.

16760.0 25128.0 244.0 84.0 ktw
17072.0 25128.0 192.0 84.0 '"fc
17336.0 25128.0 80.0 96.0 f
17508.0 25148.0 32.0 28.0 -
18056.0 25156.0 44.0 44.0 i

16316.0 25536.0 24.0 20.0 -

16252.0 25664.0 92.0 64.0 in
16500.0 25684.0 56.0 44.0 v

16240.0 25816.0 116.0 84.0 oy
16476.0 25816.0 68.0 60.0 a
17068.0 25816.0 80.0 72.0 x
17468.0 25844.0 32.0 16.0 -

16240.0 25928.0 120.0 124.0 by

17036.0 26180.0 64.0 112.0 2

152.0 28544.0 248.0 152.0 TV
