15720 25316
616.0 920.0 416.0 408.0 U.
1144.0 912.0 320.0 416.0 S.
1584.0 920.0 880.0 496.0 Jury
2672.0 912.0 1600.0 408.0 Returns
4488.0 912.0 448.0 384.0 12
5144.0 888.0 992.0 408.0 True
6336.0 880.0 904.0 464.0 Bills,

552.0 1528.0 1504.0 408.0 Pauline
2232.0 1528.0 864.0 408.0 Van
3280.0 1512.0 992.0 400.0 Dam
4472.0 1496.0 1608.0 416.0 Indicted
6256.0 1496.0 1232.0 408.0 Twice

632.0 2136.0 428.0 104.0 Twelve
1132.0 2136.0 720.0 104.0 indictments
1920.0 2152.0 284.0 80.0 were

512.0 2268.0 532.0 100.0 returned
1172.0 2272.0 140.0 112.0 by
1424.0 2276.0 200.0 92.0 the
1744.0 2264.0 452.0 100.0 Federal

508.0 2396.0 388.0 100.0 Grand
948.0 2400.0 276.0 116.0 Jury
1276.0 2400.0 256.0 96.0 here
1588.0 2396.0 616.0 120.0 yesterday,

508.0 2528.0 584.0 116.0 including
1156.0 2532.0 208.0 96.0 two
1428.0 2532.0 440.0 112.0 against
1928.0 2528.0 228.0 96.0 Pau-

504.0 2660.0 228.0 100.0 line
792.0 2664.0 240.0 96.0 Van
1096.0 2660.0 312.0 112.0 Dam,
1464.0 2664.0 300.0 92.0 after
1812.0 2660.0 388.0 108.0 nearly

504.0 2792.0 216.0 96.0 two
768.0 2788.0 276.0 116.0 days
1092.0 2792.0 124.0 96.0 of
1260.0 2792.0 624.0 112.0 testimony.
1960.0 2792.0 240.0 96.0 The

504.0 2924.0 248.0 92.0 true
848.0 2924.0 256.0 92.0 bills
1204.0 2940.0 268.0 80.0 were
1568.0 2920.0 392.0 112.0 signed
2060.0 2920.0 140.0 96.0 bv

500.0 3052.0 460.0 112.0 Rodney
1048.0 3056.0 340.0 108.0 Kelly,
1480.0 3052.0 508.0 92.0 foreman
2076.0 3048.0 120.0 96.0 of

504.0 3184.0 188.0 92.0 the
756.0 3184.0 256.0 112.0 jury
1076.0 3184.0 352.0 92.0 which
1496.0 3184.0 96.0 92.0 is
1656.0 3180.0 532.0 116.0 expected

504.0 3312.0 112.0 96.0 to
700.0 3312.0 660.0 112.0 investigate
1444.0 3316.0 236.0 88.0 vice
1764.0 3312.0 112.0 92.0 in
1964.0 3312.0 228.0 92.0 this

504.0 3460.0 288.0 88.0 area,
876.0 3444.0 428.0 116.0 mainly
1384.0 3448.0 188.0 100.0 the
1656.0 3440.0 532.0 100.0 numbers

500.0 3576.0 408.0 100.0 racket

616.0 3704.0 232.0 96.0 The
892.0 3704.0 724.0 96.0 indictments
1660.0 3696.0 524.0 100.0 returned

492.0 3836.0 448.0 108.0 against
980.0 3836.0 260.0 96.0 Mrs.
1280.0 3836.0 224.0 96.0 Van
1552.0 3832.0 280.0 100.0 Dam
1872.0 3848.0 312.0 80.0 came

496.0 3984.0 132.0 76.0 as
704.0 3980.0 64.0 80.0 a
848.0 3960.0 360.0 104.0 result
1284.0 3964.0 112.0 96.0 of
1476.0 3984.0 148.0 76.0 an
1712.0 3964.0 476.0 96.0 October

504.0 4096.0 112.0 92.0 14
720.0 4088.0 244.0 124.0 "joy
1080.0 4092.0 292.0 96.0 ride"
1472.0 4096.0 204.0 96.0 she
1788.0 4092.0 220.0 96.0 and
2120.0 4108.0 68.0 80.0 a

492.0 4220.0 400.0 112.0 friend,
1008.0 4224.0 448.0 96.0 Marsha
1568.0 4224.0 616.0 108.0 Anderson,

496.0 4352.0 264.0 96.0 took
812.0 4352.0 120.0 100.0 in
992.0 4372.0 68.0 76.0 a
1116.0 4352.0 224.0 100.0 taxi
1388.0 4356.0 208.0 96.0 cab
1656.0 4352.0 224.0 100.0 and
1928.0 4356.0 256.0 100.0 sub-

528.0 4616.0 484.0 268.0 New
1132.0 4612.0 536.0 268.0 Lead

528.0 5036.0 852.0 276.0 Studied
1496.0 5040.0 232.0 264.0 In

528.0 5468.0 696.0 268.0 Co-Ed
1336.0 5464.0 836.0 272.0 Murder

604.0 5896.0 812.0 116.0 LEXINGTON,
1544.0 5900.0 240.0 112.0 Ky.,
1916.0 5900.0 260.0 96.0 Nov.

484.0 6028.0 48.0 104.0 1
628.0 6044.0 140.0 88.0 up
916.0 6040.0 88.0 88.0 A
1100.0 6052.0 240.0 76.0 new
1432.0 6032.0 256.0 96.0 lead
1776.0 6036.0 116.0 92.0 to
1984.0 6032.0 192.0 92.0 the

480.0 6164.0 580.0 96.0 murderer
1204.0 6164.0 116.0 96.0 of
1452.0 6164.0 332.0 112.0 Betty
1924.0 6160.0 248.0 100.0 Oail

476.0 6300.0 428.0 104.0 Brown,
964.0 6296.0 804.0 112.0 Transylvania
1828.0 6292.0 348.0 108.0 co-ed,

476.0 6444.0 312.0 80.0 came
860.0 6428.0 348.0 112.0 today
1272.0 6444.0 120.0 80.0 as
1456.0 6428.0 360.0 116.0 police
1888.0 6424.0 288.0 96.0 tried

472.0 6560.0 120.0 96.0 to
688.0 6560.0 248.0 96.0 find
1036.0 6572.0 68.0 80.0 a
1204.0 6556.0 200.0 96.0 few
1500.0 6556.0 288.0 96.0 solid
1884.0 6556.0 292.0 92.0 facts

476.0 6708.0 412.0 96.0 among
940.0 6704.0 68.0 84.0 a
1064.0 6684.0 456.0 116.0 barrage
1576.0 6688.0 124.0 96.0 of
1752.0 6704.0 476.0 96.0 guesses.

600.0 6820.0 356.0 100.0 Police
1016.0 6836.0 284.0 84.0 were
1356.0 6820.0 116.0 92.0 to
1524.0 6816.0 516.0 116.0 question
2104.0 6836.0 68.0 76.0 a

468.0 6968.0 272.0 80.0 man
796.0 6952.0 252.0 92.0 who
1104.0 6948.0 236.0 100.0 said
1392.0 6952.0 144.0 92.0 he
1592.0 6964.0 224.0 80.0 saw
1872.0 6964.0 64.0 80.0 a
1992.0 6964.0 200.0 100.0 per-

472.0 7104.0 200.0 76.0 son
784.0 7080.0 448.0 116.0 leaving
1320.0 7080.0 192.0 96.0 the
1620.0 7080.0 548.0 96.0 Morrison

468.0 7212.0 244.0 100.0 Hall
768.0 7212.0 552.0 112.0 driveway
1368.0 7212.0 344.0 96.0 about
1768.0 7212.0 44.0 100.0 1
1868.0 7228.0 92.0 80.0 a.
2020.0 7228.0 140.0 76.0 m.

472.0 7344.0 416.0 112.0 Friday.
956.0 7344.0 272.0 96.0 This
1288.0 7360.0 212.0 80.0 was
1568.0 7344.0 344.0 92.0 about
1972.0 7340.0 196.0 100.0 the

464.0 7476.0 272.0 96.0 time
824.0 7476.0 276.0 96.0 Miss
1184.0 7480.0 416.0 104.0 Brown,
468.0 7472.0 1696.0 232.0 19-year-old

700.0 7604.0 364.0 100.0 honor
1112.0 7608.0 448.0 96.0 student
1612.0 7604.0 228.0 96.0 and
1888.0 7604.0 228.0 96.0 Sun-

468.0 7736.0 216.0 116.0 day
816.0 7740.0 384.0 96.0 school
1328.0 7736.0 484.0 108.0 teacher,
1944.0 7752.0 224.0 80.0 was

468.0 7868.0 572.0 112.0 strangled
1100.0 7868.0 116.0 100.0 in
1272.0 7868.0 196.0 96.0 her
1520.0 7868.0 424.0 116.0 parked
2000.0 7884.0 220.0 76.0 car.

588.0 8000.0 692.0 104.0 Meanwhile,
1376.0 8000.0 192.0 96.0 the
1676.0 8000.0 260.0 116.0 plan
2044.0 8000.0 116.0 92.0 to

464.0 8132.0 680.0 116.0 fingerprint
1196.0 8128.0 144.0 100.0 all
1392.0 8128.0 520.0 100.0 students
1972.0 8128.0 148.0 96.0 liv-

456.0 8260.0 192.0 116.0 ing
736.0 8264.0 120.0 92.0 at
944.0 8260.0 200.0 96.0 the
1232.0 8264.0 412.0 112.0 college
1732.0 8260.0 424.0 100.0 started

392.0 8468.0 20.0 16.0 .
460.0 8392.0 404.0 112.0 slowly.
924.0 8392.0 360.0 96.0 Police
1336.0 8392.0 220.0 96.0 had
1616.0 8388.0 536.0 100.0 intended

464.0 8524.0 116.0 96.0 to
692.0 8524.0 332.0 108.0 begin
1144.0 8524.0 256.0 96.0 with
1512.0 8524.0 300.0 96.0 male
1928.0 8524.0 180.0 92.0 stu-

400.0 8640.0 12.0 20.0 '
460.0 8656.0 328.0 96.0 dents
852.0 8652.0 112.0 100.0 in
1032.0 8676.0 220.0 72.0 one
1312.0 8656.0 112.0 92.0 of
1480.0 8656.0 200.0 96.0 the
1744.0 8656.0 408.0 100.0 dorms,

452.0 8780.0 204.0 104.0 but
740.0 8784.0 196.0 104.0 the
1036.0 8788.0 288.0 92.0 work
1416.0 8804.0 228.0 76.0 was
1736.0 8780.0 416.0 100.0 shifted

448.0 8912.0 120.0 100.0 to
664.0 8916.0 196.0 96.0 the
960.0 8916.0 352.0 116.0 police
1404.0 8916.0 416.0 96.0 station
1924.0 8936.0 192.0 76.0 sev-

400.0 9064.0 12.0 20.0 '
456.0 9048.0 228.0 96.0 eral
760.0 9044.0 392.0 100.0 blocks
1224.0 9064.0 296.0 96.0 away
1596.0 9048.0 220.0 96.0 and
1892.0 9044.0 264.0 104.0 only

456.0 9196.0 64.0 76.0 a
584.0 9176.0 212.0 100.0 few
852.0 9180.0 520.0 96.0 students
1420.0 9196.0 324.0 80.0 came
1800.0 9176.0 116.0 100.0 in
1976.0 9176.0 136.0 96.0 be-

452.0 9304.0 240.0 104.0 fore
776.0 9328.0 340.0 80.0 noon.

580.0 9440.0 100.0 100.0 It
768.0 9440.0 600.0 116.0 developed
1456.0 9440.0 260.0 96.0 that
1804.0 9436.0 348.0 120.0 police

452.0 9572.0 300.0 96.0 cant
804.0 9572.0 312.0 96.0 force
1172.0 9568.0 504.0 100.0 studimts
1732.0 9572.0 116.0 100.0 to
1900.0 9568.0 212.0 100.0 sub-

460.0 9700.0 204.0 104.0 mit
744.0 9704.0 116.0 96.0 to
948.0 9700.0 892.0 116.0 fingerprinting,
1928.0 9696.0 220.0 100.0 and

388.0 9848.0 24.0 100.0 ".
456.0 9836.0 264.0 104.0 thus
776.0 9836.0 708.0 116.0 presumably
1536.0 9832.0 356.0 96.0 would
1956.0 9832.0 196.0 96.0 not.

456.0 9972.0 184.0 112.0 get
752.0 9984.0 64.0 80.0 a
940.0 9968.0 208.0 96.0 full
1268.0 9964.0 180.0 104.0 file
1568.0 9968.0 120.0 92.0 to
1800.0 9960.0 344.0 100.0 check

384.0 10108.0 20.0 116.0 ;
464.0 10100.0 352.0 116.0 prints
916.0 10100.0 356.0 96.0 found
1364.0 10096.0 112.0 100.0 in
1576.0 10096.0 196.0 96.0 the
1868.0 10088.0 280.0 100.0 dead

460.0 10232.0 284.0 112.0 girl's
816.0 10248.0 188.0 80.0 car

580.0 10356.0 356.0 104.0 Police
1040.0 10360.0 316.0 100.0 Chief
1452.0 10360.0 104.0 96.0 E.
1664.0 10360.0 108.0 96.0 C.
1876.0 10356.0 268.0 96.0 Hale

388.0 10548.0 12.0 24.0 .
452.0 10496.0 256.0 96.0 took
784.0 10500.0 216.0 92.0 two
1084.0 10492.0 416.0 96.0 actions
1576.0 10488.0 112.0 100.0 in
1776.0 10508.0 132.0 76.0 an
1996.0 10488.0 108.0 96.0 ef-

452.0 10624.0 224.0 100.0 fort
760.0 10624.0 124.0 96.0 to
972.0 10624.0 200.0 96.0 cut
1256.0 10624.0 312.0 92.0 down
1668.0 10616.0 488.0 120.0 duplica-

444.0 10756.0 232.0 96.0 tion
736.0 10756.0 120.0 92.0 of
912.0 10756.0 348.0 92.0 effort
1312.0 10752.0 216.0 96.0 and
1592.0 10772.0 60.0 76.0 a
1716.0 10752.0 252.0 96.0 flow
2024.0 10744.0 120.0 100.0 of

444.0 10904.0 608.0 76.0 erroneous
1168.0 10876.0 748.0 104.0 Information.

572.0 11020.0 152.0 92.0 He
780.0 11024.0 168.0 88.0 set
1008.0 11036.0 156.0 88.0 up
1216.0 11032.0 56.0 80.0 a
1328.0 11012.0 488.0 108.0 meeting
1872.0 11008.0 260.0 96.0 with

444.0 11144.0 176.0 100.0 Dr.
708.0 11148.0 292.0 96.0 Irvln
1092.0 11148.0 456.0 108.0 Lunger.
1636.0 11140.0 500.0 116.0 Transyl-

444.0 11280.0 324.0 96.0 vanla
840.0 11280.0 444.0 112.0 College
1348.0 11272.0 596.0 120.0 president,
2012.0 11292.0 128.0 80.0 so

380.0 11412.0 12.0 108.0 ;
440.0 11412.0 420.0 116.0 college
928.0 11408.0 480.0 100.0 officials
1480.0 11408.0 228.0 96.0 and
1780.0 11404.0 316.0 96.0 detec-

440.0 11540.0 276.0 100.0 tives
796.0 11540.0 372.0 96.0 would
1248.0 11540.0 288.0 96.0 work
1624.0 11536.0 512.0 112.0 together

372.0 11676.0 20.0 108.0 ;
436.0 11672.0 116.0 100.0 In
628.0 11672.0 432.0 116.0 getting
1132.0 11672.0 748.0 96.0 information.

372.0 11844.0 24.0 16.0 -
560.0 11804.0 244.0 100.0 And
888.0 11808.0 148.0 96.0 he
1116.0 11800.0 452.0 104.0 ordered
1648.0 11800.0 252.0 96.0 that
1980.0 11800.0 148.0 96.0 all

372.0 11928.0 20.0 104.0 '.
432.0 11936.0 740.0 100.0 Information
1228.0 11956.0 136.0 76.0 on
1420.0 11936.0 200.0 92.0 the
1680.0 11932.0 452.0 96.0 murder

432.0 12068.0 360.0 96.0 would
888.0 12072.0 140.0 92.0 be
1120.0 12064.0 424.0 100.0 cleared
1640.0 12064.0 484.0 112.0 through

368.0 12192.0 244.0 104.0 ihls
800.0 12196.0 380.0 104.0 office.
1372.0 12196.0 436.0 96.0 Instead
2012.0 12192.0 120.0 96.0 of

440.0 12332.0 484.0 112.0 through
1124.0 12328.0 592.0 100.0 detectives
1908.0 12320.0 224.0 100.0 and

364.0 12440.0 28.0 128.0 ',
432.0 12460.0 332.0 100.0 aides.

556.0 12588.0 520.0 96.0 Rewards
1160.0 12592.0 164.0 92.0 for
1392.0 12584.0 728.0 100.0 information

364.0 12704.0 28.0 108.0 ;
432.0 12716.0 440.0 120.0 leading
924.0 12724.0 116.0 96.0 to
1096.0 12716.0 612.0 100.0 conviction
1764.0 12716.0 116.0 96.0 of
1928.0 12712.0 192.0 100.0 the

364.0 12872.0 28.0 120.0 ;
428.0 12848.0 316.0 100.0 killer
796.0 12868.0 252.0 80.0 now
1104.0 12852.0 264.0 96.0 total
1424.0 12848.0 336.0 100.0 $1917.

360.0 13132.0 36.0 120.0 :
488.0 13092.0 776.0 160.0 Divorces
1328.0 13084.0 744.0 164.0 Granted

360.0 13308.0 32.0 124.0 '.
552.0 13340.0 352.0 112.0 Judge
1012.0 13340.0 252.0 96.0 Carl
1368.0 13344.0 140.0 92.0 W.
1624.0 13340.0 268.0 96.0 Rich
2000.0 13336.0 116.0 100.0 In

424.0 13476.0 556.0 96.0 Domestic
1104.0 13472.0 560.0 96.0 Relations
1780.0 13468.0 344.0 96.0 Court

352.0 13656.0 40.0 40.0 .
428.0 13608.0 464.0 116.0 granted
960.0 13600.0 432.0 100.0 divorce
1452.0 13604.0 448.0 96.0 decrees
1956.0 13604.0 156.0 92.0 to:

504.0 13764.0 212.0 80.0 Bum.
788.0 13764.0 200.0 76.0 Dolly
1060.0 13764.0 96.0 80.0 F.,
1224.0 13764.0 88.0 68.0 V
1400.0 13764.0 192.0 68.0 250
1664.0 13756.0 180.0 76.0 Duck
1916.0 13756.0 212.0 76.0 Creek

356.0 13836.0 196.0 92.0 "t,rj.,
632.0 13836.0 996.0 84.0 stfnoofnhr-bool'keptr.
1708.0 13840.0 176.0 72.0 from
1964.0 13840.0 164.0 72.0 Peul

556.0 13932.0 112.0 76.0 33.
736.0 13932.0 136.0 72.0 533
936.0 13932.0 260.0 68.0 Howell
1252.0 13932.0 184.0 68.0 Ave.,
1496.0 13928.0 376.0 68.0 salesmen.

356.0 14008.0 36.0 40.0 '
504.0 14040.0 152.0 80.0 Day.
728.0 14048.0 80.0 64.0 Jo
872.0 14044.0 176.0 72.0 Ann.
1128.0 14040.0 80.0 68.0 18
1292.0 14040.0 184.0 72.0 2904
1536.0 14036.0 332.0 72.0 FeirfielrJ
1932.0 14036.0 192.0 72.0 An.,

352.0 14104.0 264.0 100.0 'clerk,
680.0 14124.0 180.0 72.0 from
932.0 14124.0 296.0 68.0 William
1292.0 14128.0 52.0 68.0 J.
1440.0 14124.0 80.0 68.0 21
1628.0 14120.0 176.0 72.0 6201
1884.0 14116.0 212.0 76.0 Grata-

404.0 14208.0 160.0 72.0 lnd
628.0 14212.0 164.0 68.0 Avt.
896.0 14208.0 272.0 72.0 laborer

348.0 14360.0 40.0 40.0 .
500.0 14316.0 196.0 76.0 tick.
776.0 14320.0 240.0 68.0 Velme
1100.0 14320.0 120.0 72.0 M..
1288.0 14316.0 112.0 76.0 2.
1480.0 14312.0 140.0 72.0 203
1700.0 14312.0 60.0 76.0 f.
1848.0 14316.0 276.0 68.0 Univer.

352.0 14404.0 192.0 84.0 cti'v
616.0 14404.0 188.0 72.0 Avf.,
880.0 14404.0 348.0 68.0 waitress,
1300.0 14396.0 176.0 72.0 from
1556.0 14396.0 208.0 72.0 Eddie
1836.0 14396.0 96.0 76.0 L.
2008.0 14396.0 112.0 72.0 2B.

348.0 14484.0 244.0 96.0 ,2520
652.0 14484.0 332.0 72.0 Norwood
1052.0 14488.0 196.0 72.0 Ave.,
1300.0 14480.0 192.0 72.0 truck
1560.0 14480.0 228.0 72.0 driver

500.0 14592.0 516.0 76.0 Baudendlstle.
1096.0 14588.0 260.0 80.0 Shirley
1448.0 14592.0 116.0 72.0 36.
1648.0 14588.0 184.0 68.0 1900
1900.0 14588.0 224.0 68.0 Mont-

404.0 14692.0 156.0 52.0 rose
672.0 14676.0 120.0 72.0 St..
912.0 14668.0 460.0 76.0 switchboard
1476.0 14680.0 356.0 68.0 operator,
1944.0 14668.0 180.0 68.0 from

352.0 14760.0 268.0 80.0 ,Alvin.
680.0 14760.0 116.0 72.0 36.
860.0 14760.0 196.0 68.0 2045
1112.0 14760.0 220.0 68.0 Bickel
1392.0 14756.0 196.0 72.0 Ave.,
1644.0 14756.0 200.0 68.0 theel
1904.0 14752.0 212.0 72.0 metal

348.0 14848.0 328.0 76.0 .worker.

496.0 14952.0 220.0 76.0 Howe,
784.0 14948.0 296.0 92.0 Shirley,
1148.0 14948.0 116.0 76.0 35,
1324.0 14948.0 188.0 72.0 4210
1576.0 14944.0 348.0 80.0 longlend
1992.0 14944.0 120.0 76.0 St..

400.0 15032.0 216.0 80.0 clerk,
716.0 15028.0 184.0 76.0 from
1004.0 15016.0 296.0 88.0 Clifford
1396.0 15036.0 68.0 64.0 M
1624.0 15032.0 120.0 72.0 45.
1848.0 15028.0 276.0 72.0 factory

348.0 15120.0 332.0 72.0 .worker.

344.0 15240.0 36.0 44.0 t
496.0 15224.0 308.0 76.0 Parmer).
888.0 15220.0 284.0 76.0 Charles
1432.0 15220.0 108.0 76.0 IB,
1632.0 15220.0 184.0 72.0 5282
1896.0 15220.0 196.0 68.0 Mont-

388.0 15324.0 284.0 60.0 oomerv
788.0 15308.0 148.0 76.0 Rd.,
1064.0 15304.0 348.0 80.0 Norwood,
1532.0 15300.0 284.0 84.0 farmer,
1936.0 15300.0 180.0 72.0 from

396.0 15392.0 144.0 68.0 Lois
620.0 15392.0 64.0 68.0 M
828.0 15388.0 84.0 72.0 18
1020.0 15388.0 100.0 68.0 Kit
1196.0 15392.0 44.0 68.0 4
1340.0 15388.0 292.0 72.0 London.
1720.0 15388.0 144.0 72.0 Ky..
1944.0 15388.0 164.0 68.0 tele,

384.0 15472.0 232.0 80.0 phone
688.0 15480.0 348.0 68.0 operator

492.0 15580.0 224.0 76.0 Keith.
808.0 15580.0 252.0 76.0 Dewey
1144.0 15584.0 84.0 76.0 J..
1308.0 15576.0 112.0 76.0 38.
1516.0 15576.0 168.0 72.0 IO0I
1788.0 15576.0 328.0 72.0 Parkslde

448.0 15664.0 72.0 76.0 I.,
576.0 15664.0 172.0 72.0 from
808.0 15660.0 360.0 76.0 fliiaberh
1224.0 15660.0 96.0 72.0 A..
1372.0 15664.0 116.0 72.0 23.
1548.0 15664.0 192.0 72.0 4932
1796.0 15660.0 316.0 72.0 Roanoke

344.0 15748.0 320.0 72.0 .Avenue

492.0 15856.0 260.0 76.0 Pattee,
816.0 15856.0 196.0 72.0 Irene
1072.0 15848.0 96.0 88.0 f.,
1224.0 15852.0 108.0 80.0 58,
1388.0 15848.0 188.0 76.0 3510
1636.0 15852.0 272.0 76.0 Section
1964.0 15852.0 120.0 68.0 Rd.

340.0 15936.0 228.0 72.0 'from
664.0 15936.0 188.0 80.0 Eltls,
948.0 15936.0 116.0 72.0 58,
1168.0 15936.0 444.0 76.0 Vandenberq
1704.0 15940.0 112.0 64.0 Air
1908.0 15936.0 204.0 72.0 Force

388.0 16020.0 192.0 72.0 Base.
652.0 16020.0 200.0 72.0 Calif,
948.0 16020.0 336.0 72.0 chemical
1344.0 16028.0 352.0 64.0 enaineer.

488.0 16132.0 316.0 76.0 Wagners
920.0 16128.0 184.0 72.0 Ollie
1192.0 16124.0 84.0 80.0 J'..
1356.0 16128.0 112.0 80.0 25,
1556.0 16124.0 132.0 72.0 511
1780.0 16124.0 68.0 72.0 E.
1944.0 16124.0 164.0 72.0 13th

340.0 16208.0 176.0 76.0 'St..
600.0 16216.0 288.0 68.0 laborer,
976.0 16208.0 184.0 72.0 from
1236.0 16208.0 228.0 72.0 Jewell
1540.0 16208.0 76.0 76.0 C.
1724.0 16208.0 112.0 72.0 29.
1920.0 16208.0 188.0 76.0 2143

344.0 16296.0 308.0 72.0 'Central
728.0 16300.0 164.0 68.0 Ave.

344.0 16384.0 32.0 32.0 '
484.0 16404.0 244.0 76.0 Banks.
792.0 16404.0 196.0 72.0 Mary
1088.0 16400.0 108.0 76.0 19.
1264.0 16400.0 124.0 72.0 143
1448.0 16400.0 208.0 72.0 Peete
1724.0 16400.0 124.0 76.0 St-
1904.0 16408.0 208.0 64.0 salad

336.0 16488.0 208.0 104.0 ,e,irl,
616.0 16488.0 172.0 72.0 from
864.0 16488.0 192.0 72.0 Troy.
1136.0 16488.0 112.0 72.0 23.
1324.0 16484.0 172.0 72.0 1232
1572.0 16488.0 168.0 68.0 Vine
1816.0 16480.0 72.0 76.0 St

340.0 16644.0 28.0 32.0 .
484.0 16596.0 212.0 80.0 lillie,
792.0 16600.0 328.0 72.0 Normen.
1212.0 16592.0 108.0 76.0 38.
1420.0 16592.0 184.0 68.0 1750
1692.0 16592.0 192.0 72.0 Pulte
1980.0 16588.0 124.0 76.0 St..

344.0 16680.0 316.0 80.0 .generel
736.0 16688.0 408.0 64.0 contrector
1248.0 16680.0 168.0 68.0 from
1496.0 16680.0 172.0 68.0 Jeen
1772.0 16680.0 96.0 68.0 20

484.0 16792.0 288.0 72.0 Merino.
864.0 16788.0 268.0 76.0 Judith.
1224.0 16788.0 104.0 68.0 19.
1412.0 16784.0 144.0 76.0 339
1640.0 16788.0 172.0 72.0 Glen
1896.0 16784.0 208.0 76.0 Oaks,

372.0 16876.0 348.0 68.0 weifress.
784.0 16868.0 184.0 76.0 from
1028.0 16872.0 340.0 76.0 Anthony.
1432.0 16872.0 76.0 68.0 21
1612.0 16872.0 72.0 68.0 U.
1752.0 16872.0 60.0 68.0 S.
1872.0 16872.0 232.0 68.0 Army.

484.0 16980.0 248.0 76.0 Duwet.
820.0 16980.0 296.0 76.0 Amelia.
1196.0 16980.0 108.0 76.0 76.
1384.0 16980.0 140.0 72.0 818
1604.0 16980.0 228.0 68.0 Grand
1912.0 16980.0 192.0 68.0 Ave.,

372.0 17060.0 188.0 76.0 from
628.0 17064.0 380.0 72.0 Ferdinand
1084.0 17064.0 52.0 64.0 H
1256.0 17060.0 112.0 76.0 Bl.
1440.0 17064.0 292.0 72.0 Dayton.
1804.0 17060.0 196.0 72.0 Ohio.

476.0 17176.0 236.0 76.0 Grent.
776.0 17176.0 240.0 76.0 Wiley.
1092.0 17172.0 116.0 76.0 29.
1276.0 17176.0 136.0 64.0 444
1468.0 17172.0 372.0 76.0 McGregor
1904.0 17168.0 200.0 76.0 Ave.,

332.0 17256.0 340.0 80.0 'laborer,
744.0 17256.0 180.0 72.0 from
992.0 17256.0 200.0 72.0 Anne
1260.0 17252.0 52.0 72.0 L

332.0 17348.0 28.0 32.0 '
480.0 17364.0 196.0 80.0 Petty
784.0 17364.0 256.0 72.0 Robert
1124.0 17364.0 32.0 72.0 J
1292.0 17364.0 104.0 68.0 54.
1488.0 17364.0 192.0 72.0 5926
1760.0 17360.0 344.0 72.0 Elmwood

336.0 17444.0 236.0 80.0 'Ave.,
644.0 17448.0 288.0 76.0 welder,
1008.0 17444.0 184.0 72.0 from
1260.0 17448.0 376.0 76.0 Merqaret,
1716.0 17444.0 116.0 80.0 50,
1908.0 17460.0 196.0 60.0 Brer.,

372.0 17532.0 172.0 68.0 tkel
608.0 17548.0 232.0 52.0 nurse.

328.0 17612.0 32.0 104.0 '.
476.0 17640.0 296.0 76.0 Brulley.
840.0 17640.0 280.0 72.0 Helton.
1176.0 17636.0 112.0 76.0 37.
1340.0 17636.0 176.0 76.0 3491
1588.0 17636.0 268.0 80.0 Harvey
1904.0 17636.0 196.0 76.0 Ave..

372.0 17720.0 40.0 160.0 i
412.0 17728.0 244.0 72.0 suitor,
736.0 17724.0 180.0 68.0 from
996.0 17724.0 328.0 76.0 Amanda,
1400.0 17720.0 116.0 80.0 33,
1608.0 17720.0 132.0 72.0 103
1820.0 17720.0 280.0 76.0 Findlay

424.0 17812.0 196.0 64.0 treet.

332.0 17960.0 20.0 28.0 .
476.0 17916.0 444.0 72.0 Hutchinson.
976.0 17912.0 320.0 72.0 Maroery
1340.0 17912.0 120.0 76.0 M..
1508.0 17908.0 124.0 80.0 29.
1696.0 17912.0 180.0 68.0 1119
1924.0 17912.0 172.0 64.0 Wal.

368.0 18004.0 128.0 60.0 put
564.0 17996.0 124.0 80.0 St.,
752.0 17996.0 276.0 76.0 factory
1096.0 17992.0 284.0 76.0 worker,
1444.0 17992.0 180.0 68.0 from
1688.0 17992.0 212.0 76.0 Ralph
1972.0 17996.0 124.0 76.0 W..

328.0 18080.0 156.0 80.0 .42.

328.0 18224.0 20.0 24.0 .
472.0 18188.0 340.0 80.0 liqhtner,
868.0 18184.0 208.0 76.0 Betty
1132.0 18184.0 100.0 80.0 K.,
1284.0 18184.0 112.0 76.0 45,
1452.0 18176.0 368.0 84.0 loveland,
1872.0 18184.0 220.0 76.0 sales,

364.0 18268.0 184.0 76.0 from
612.0 18268.0 256.0 72.0 Donald
928.0 18272.0 132.0 76.0 W..
1120.0 18268.0 116.0 80.0 43,
1292.0 18268.0 180.0 72.0 4325
1536.0 18268.0 300.0 68.0 Whelsel
1896.0 18268.0 196.0 80.0 Ave.,

332.0 18356.0 432.0 72.0 .tnechinist.

468.0 18460.0 360.0 72.0 ieckham.
912.0 18460.0 248.0 72.0 Gussie
1236.0 18460.0 116.0 80.0 M..
1428.0 18456.0 112.0 76.0 42.
1620.0 18456.0 148.0 72.0 667
1840.0 18460.0 248.0 68.0 Melish

372.0 18544.0 192.0 80.0 Ave.,
660.0 18544.0 372.0 72.0 domestic,
1132.0 18540.0 168.0 72.0 from
1392.0 18540.0 252.0 76.0 Willie.
1740.0 18540.0 116.0 80.0 SO,
1952.0 18540.0 140.0 72.0 225

328.0 18628.0 272.0 68.0 .Forest
668.0 18632.0 164.0 64.0 Ave.

324.0 18748.0 24.0 32.0 .
468.0 18708.0 220.0 76.0 Hicks,
772.0 18708.0 192.0 72.0 Lillie
1044.0 18704.0 100.0 80.0 B.,
1220.0 18704.0 112.0 76.0 41.
1408.0 18704.0 136.0 72.0 533
1620.0 18700.0 200.0 76.0 Delta
1896.0 18704.0 188.0 76.0 Ave.,

316.0 18792.0 212.0 68.0 .mall
636.0 18792.0 216.0 76.0 clerk,
964.0 18784.0 184.0 72.0 from
1256.0 18788.0 304.0 76.0 Herbert,
1668.0 18788.0 116.0 72.0 36.
1900.0 18780.0 176.0 76.0 2701

324.0 18872.0 284.0 76.0 .Serine
664.0 18872.0 220.0 72.0 Grove
944.0 18872.0 204.0 72.0 Ave.,
1204.0 18868.0 324.0 72.0 foreman.

316.0 19012.0 24.0 20.0 .
464.0 18956.0 280.0 72.0 Golden,
828.0 18956.0 244.0 72.0 Stella).
1156.0 18952.0 108.0 72.0 36.
1344.0 18956.0 184.0 60.0 404
1612.0 18952.0 476.0 76.0 Montgomery

364.0 19036.0 148.0 76.0 Rd..
580.0 19036.0 468.0 76.0 bookkeeper,
1120.0 19032.0 172.0 72.0 from
1356.0 19036.0 304.0 72.0 Everett,
1732.0 19028.0 116.0 80.0 48,
1916.0 19036.0 144.0 64.0 tele-

356.0 19124.0 232.0 64.0 vision
660.0 19132.0 420.0 60.0 repeirmen.

464.0 19204.0 248.0 76.0 Miller,
788.0 19200.0 176.0 72.0 Cerl.
1040.0 19196.0 120.0 80.0 30,
1236.0 19196.0 168.0 76.0 2541
1480.0 19196.0 336.0 72.0 Williams
1892.0 19192.0 136.0 68.0 Ave

316.0 19280.0 404.0 80.0 'Norwood,
788.0 19284.0 224.0 72.0 filler,
1080.0 19280.0 176.0 72.0 from
1320.0 19280.0 324.0 72.0 Berbero.
1712.0 19280.0 116.0 72.0 23.
1892.0 19268.0 184.0 84.0 3161

312.0 19360.0 400.0 76.0 'Jefferson
788.0 19368.0 196.0 68.0 Ave..
1064.0 19364.0 348.0 76.0 Norwood,
1488.0 19364.0 216.0 72.0 sales.

316.0 19448.0 28.0 28.0 '
464.0 19448.0 340.0 64.0 Becknell.
884.0 19448.0 192.0 64.0 Rubv
1152.0 19448.0 40.0 64.0 f
1316.0 19448.0 112.0 64.0 36.
1508.0 19444.0 192.0 68.0 2350
1772.0 19440.0 308.0 68.0 Wheeler

364.0 19544.0 76.0 52.0 M
476.0 19584.0 16.0 20.0 ,
588.0 19548.0 312.0 56.0 wrapper
1028.0 19544.0 116.0 56.0 fro

1040.0 19528.0 168.0 72.0 from
1300.0 19528.0 272.0 76.0 Robert.
1664.0 19524.0 124.0 76.0 3B.
1880.0 19520.0 204.0 76.0 truck

312.0 19616.0 296.0 64.0 'driver.

1016.0 20000.0 1040.0 256.0 RALICE
2240.0 19976.0 1080.0 272.0 STUDIO

968.0 20340.0 60.0 112.0 1
1068.0 20380.0 224.0 72.0 our
1352.0 20340.0 616.0 140.0 Specialist
2040.0 20332.0 132.0 108.0 In
2236.0 20328.0 492.0 112.0 Custom
2796.0 20320.0 568.0 132.0 Framing

876.0 20512.0 304.0 112.0 4954
1252.0 20504.0 692.0 116.0 GLENWAT
2020.0 20500.0 292.0 116.0 AVE.
2704.0 20492.0 228.0 112.0 WA
3004.0 20480.0 440.0 128.0 M34

1228.0 20680.0 396.0 136.0 OCT.
1720.0 20680.0 168.0 132.0 30
1984.0 20672.0 432.0 140.0 THRU
2528.0 20664.0 404.0 140.0 NOV.
3012.0 20668.0 88.0 128.0 4

660.0 20984.0 60.0 156.0 ,
1076.0 21016.0 412.0 124.0 nrr
2160.0 20876.0 464.0 200.0 FINE
2740.0 20872.0 428.0 196.0 ART

856.0 21080.0 100.0 164.0 3
1076.0 21060.0 412.0 156.0 un
1712.0 21132.0 1908.0 216.0 REPRODUCTIONS

860.0 21408.0 492.0 92.0 LARGEST
1416.0 21408.0 240.0 88.0 AND
1728.0 21408.0 380.0 96.0 FINEST
2172.0 21400.0 616.0 100.0 SELECTION
2856.0 21404.0 108.0 92.0 IN
3032.0 21400.0 372.0 96.0 TOWN

772.0 21552.0 940.0 96.0 CONTEMPORARY
2112.0 21548.0 596.0 96.0 COLONIAL
3088.0 21544.0 424.0 92.0 PERIOD

776.0 21688.0 856.0 100.0 IMPRESSIONIST
2148.0 21696.0 448.0 88.0 FRENCH
2668.0 21692.0 700.0 92.0 PROVINCIAL

776.0 21836.0 848.0 96.0 EXPRESSIONIST
2144.0 21836.0 756.0 92.0 TRADITIONAL

620.0 22012.0 324.0 92.0 DAILT
1020.0 22008.0 220.0 92.0 t:J0
1300.0 22012.0 108.0 84.0 to
1476.0 22008.0 220.0 92.0 1:30
2524.0 22008.0 252.0 88.0 Me,
2840.0 22004.0 68.0 92.0 f,
2976.0 22004.0 172.0 92.0 FrL
3224.0 22004.0 156.0 92.0 tM

944.0 22784.0 1408.0 400.0 aaaaas

1208.0 22832.0 800.0 280.0 Willi

272.0 23584.0 3664.0 768.0 B1H

276.0 24204.0 964.0 272.0 YaanOCD
1392.0 24220.0 792.0 244.0 QOux?
2364.0 24204.0 1476.0 276.0 GOQOGOG

280.0 24448.0 48.0 140.0 1
2748.0 24516.0 964.0 136.0 esseaeasiaasssss.sse..
3712.0 24592.0 120.0 48.0 eea
3832.0 24584.0 92.0 52.0 m

2396.0 2128.0 588.0 116.0 sequently
3116.0 2124.0 120.0 96.0 in
3392.0 2140.0 148.0 80.0 an
3672.0 2116.0 440.0 120.0 alleged

2376.0 2264.0 376.0 96.0 stolen
2804.0 2276.0 208.0 80.0 car.

2508.0 2420.0 136.0 96.0 In
2736.0 2432.0 208.0 84.0 one
3028.0 2408.0 712.0 108.0 indictment,
3832.0 2404.0 264.0 96.0 Mrs.

2380.0 2552.0 240.0 96.0 Van
2700.0 2548.0 276.0 96.0 Dam
3048.0 2560.0 236.0 80.0 was
3372.0 2532.0 480.0 120.0 charged
3932.0 2556.0 156.0 76.0 on

2388.0 2684.0 224.0 92.0 two
2680.0 2676.0 388.0 96.0 counts
3132.0 2672.0 128.0 96.0 of
3332.0 2668.0 780.0 116.0 transporting

2388.0 2812.0 116.0 96.0 in
2612.0 2804.0 580.0 100.0 interstate
3300.0 2816.0 632.0 80.0 commerce

2384.0 2940.0 264.0 96.0 blue
2700.0 2932.0 268.0 100.0 steel
3024.0 2928.0 544.0 104.0 revolver.

2496.0 3096.0 132.0 100.0 In
2760.0 3088.0 448.0 100.0 other
3356.0 3084.0 736.0 96.0 indictments

2372.0 3228.0 448.0 108.0 against
2876.0 3224.0 244.0 92.0 Mrs.
3192.0 3220.0 256.0 92.0 Van
3512.0 3216.0 272.0 96.0 Dam
3852.0 3212.0 232.0 96.0 and

2384.0 3360.0 280.0 92.0 Misj
2796.0 3352.0 624.0 100.0 Andf.-rson,
3556.0 3344.0 184.0 96.0 the
3880.0 3352.0 224.0 88.0 two

2388.0 3504.0 292.0 80.0 were
2784.0 3480.0 480.0 112.0 charged
3388.0 3472.0 260.0 100.0 with
3756.0 3472.0 308.0 100.0 inter-

2372.0 3624.0 300.0 88.0 state
2788.0 3608.0 880.0 116.0 transportation
3780.0 3604.0 128.0 92.0 of
4024.0 3620.0 60.0 76.0 a

2364.0 3748.0 372.0 96.0 stolen
2820.0 3744.0 356.0 92.0 motor
3264.0 3736.0 428.0 100.0 vehicle
3776.0 3732.0 304.0 96.0 from

2364.0 3872.0 636.0 96.0 Cincinnati
3056.0 3872.0 112.0 92.0 to
3228.0 3864.0 544.0 120.0 Newport.

2488.0 4056.0 348.0 96.0 ALSO
2928.0 4048.0 652.0 100.0 'NDICTED
3704.0 4060.0 380.0 84.0 Were

2356.0 4168.0 224.0 120.0 two
2628.0 4188.0 408.0 92.0 former
3080.0 4180.0 328.0 96.0 bank
3448.0 4176.0 640.0 116.0 employees

2356.0 4336.0 148.0 76.0 on
2572.0 4312.0 676.0 112.0 embezzling
3352.0 4308.0 724.0 112.0 charges.

2356.0 4444.0 360.0 100.0 Helen
2760.0 4448.0 280.0 96.0 June
3084.0 4436.0 556.0 116.0 Mergard,
3684.0 4436.0 152.0 100.0 25.
3884.0 4436.0 192.0 92.0 594

2352.0 4580.0 512.0 112.0 Dorgene
2960.0 4572.0 220.0 112.0 Ln.,
3284.0 4568.0 208.0 96.0 Mt.
3592.0 4560.0 480.0 112.0 carmel,

2352.0 4700.0 580.0 124.0 employed
3008.0 4720.0 120.0 76.0 as
3208.0 4716.0 72.0 80.0 a
3368.0 4692.0 704.0 116.0 bookkeeper

2352.0 4836.0 300.0 96.0 from
2720.0 4828.0 660.0 120.0 September
3448.0 4828.0 84.0 108.0 3,
3604.0 4820.0 272.0 108.0 1960,
3948.0 4824.0 124.0 96.0 to

2348.0 4968.0 504.0 108.0 January
2908.0 4964.0 84.0 104.0 5.
3052.0 4960.0 288.0 108.0 1961,
3404.0 4956.0 116.0 96.0 at
3568.0 4952.0 192.0 100.0 the
3816.0 4948.0 204.0 100.0 Mil-

2348.0 5096.0 252.0 96.0 ford
2724.0 5088.0 508.0 104.0 National
3356.0 5084.0 348.0 108.0 Bank.
3820.0 5080.0 204.0 100.0 Mil-

2348.0 5228.0 284.0 100.0 ford,
2728.0 5240.0 212.0 76.0 was
3016.0 5220.0 508.0 116.0 charged
3600.0 5236.0 148.0 76.0 on
3836.0 5212.0 228.0 96.0 two

2344.0 5356.0 436.0 100.0 counts,
2864.0 5368.0 204.0 80.0 one
3152.0 5348.0 132.0 96.0 of
3376.0 5344.0 688.0 112.0 embezzling

2344.0 5488.0 316.0 100.0 $1080
2744.0 5484.0 276.0 96.0 from
3104.0 5476.0 208.0 96.0 the
3408.0 5476.0 324.0 104.0 bank,
3820.0 5472.0 240.0 96.0 and

2344.0 5632.0 216.0 80.0 one
2680.0 5612.0 112.0 96.0 of
2896.0 5608.0 472.0 112.0 making
3480.0 5604.0 268.0 96.0 false
3860.0 5620.0 148.0 76.0 en-

2344.0 5744.0 272.0 100.0 tries
2708.0 5736.0 468.0 116.0 relating
3268.0 5740.0 132.0 92.0 to
3484.0 5732.0 188.0 96.0 the
3756.0 5728.0 304.0 116.0 Joint

2348.0 5876.0 484.0 92.0 account
2936.0 5880.0 36.0 80.0 t
3016.0 5868.0 208.0 96.0 her
3272.0 5864.0 240.0 100.0 and
3552.0 5864.0 196.0 92.0 her
3788.0 5860.0 224.0 108.0 hus-

2344.0 6004.0 340.0 104.0 band,
2752.0 5996.0 552.0 100.0 Kenneth.

2464.0 6160.0 304.0 96.0 John
2876.0 6148.0 400.0 104.0 Sebald
3404.0 6144.0 376.0 104.0 Ferris.
3892.0 6144.0 164.0 104.0 44,

2344.0 6292.0 244.0 96.0 5262
2656.0 6284.0 508.0 112.0 Morning
3232.0 6280.0 300.0 112.0 Side,
3592.0 6256.0 520.0 128.0 Oxford,'

2344.0 6428.0 428.0 92.0 former
2868.0 6412.0 280.0 104.0 head
3268.0 6412.0 444.0 100.0 cashier
3820.0 6408.0 236.0 96.0 and

2344.0 6556.0 484.0 100.0 director
2888.0 6552.0 112.0 96.0 of
3064.0 6548.0 208.0 96.0 the
3352.0 6544.0 412.0 100.0 Oxford
3836.0 6544.0 172.0 92.0 Na-

2344.0 6688.0 356.0 96.0 tional
2804.0 6680.0 336.0 108.0 Bank,
3252.0 6676.0 456.0 108.0 Oxford,
3812.0 6688.0 244.0 80.0 was

2336.0 6820.0 492.0 116.0 charged
2868.0 6836.0 132.0 76.0 on
3048.0 6812.0 236.0 100.0 five
3324.0 6812.0 428.0 104.0 counts,
3800.0 6824.0 208.0 80.0 cov-

2340.0 6952.0 320.0 112.0 ering
2796.0 6944.0 588.0 116.0 February,
3528.0 6940.0 256.0 112.0 1960,
3928.0 6940.0 128.0 96.0 to

2340.0 7084.0 420.0 124.0 March,
2828.0 7084.0 256.0 96.0 1981.
3152.0 7080.0 260.0 100.0 The
3476.0 7076.0 240.0 96.0 first
3780.0 7068.0 276.0 100.0 four

2336.0 7220.0 412.0 96.0 counts
2804.0 7212.0 400.0 112.0 charge
3268.0 7208.0 296.0 100.0 false
3624.0 7204.0 424.0 100.0 entries

2340.0 7352.0 224.0 100.0 and
2640.0 7348.0 196.0 100.0 the
2904.0 7344.0 208.0 100.0 last
3184.0 7344.0 368.0 96.0 count
3612.0 7336.0 392.0 100.0 embez-

2336.0 7484.0 300.0 116.0 zling
2696.0 7480.0 216.0 100.0 and
2972.0 7496.0 108.0 80.0 m
3120.0 7472.0 32.0 100.0 i
3192.0 7496.0 64.0 76.0 s
3292.0 7492.0 64.0 76.0 s
3392.0 7492.0 60.0 76.0 a
3496.0 7492.0 168.0 96.0 pp
3700.0 7472.0 32.0 96.0 1
3772.0 7472.0 276.0 112.0 ylng

2340.0 7616.0 300.0 96.0 bank
2692.0 7612.0 328.0 96.0 funds
3068.0 7608.0 124.0 100.0 of
3244.0 7608.0 344.0 108.0 $6136.

2456.0 7796.0 88.0 92.0 A
2608.0 7788.0 552.0 100.0 FORMER
3216.0 7784.0 476.0 100.0 Terrace
3744.0 7780.0 296.0 96.0 Park

2336.0 7928.0 524.0 104.0 resident,
2952.0 7920.0 340.0 112.0 Lloyd
3404.0 7912.0 640.0 100.0 Francis

2332.0 8056.0 540.0 104.0 Gardner,
2924.0 8072.0 244.0 76.0 now
3232.0 8072.0 76.0 72.0 a
3372.0 8048.0 484.0 96.0 resident
3916.0 8044.0 128.0 96.0 of

2336.0 8188.0 540.0 108.0 Madison,
2924.0 8184.0 268.0 112.0 Ind.,
3248.0 8200.0 244.0 76.0 was
3548.0 8176.0 488.0 100.0 Indicted

2328.0 8340.0 144.0 80.0 on
2540.0 8324.0 220.0 92.0 two
2816.0 8320.0 424.0 108.0 counts,
3308.0 8316.0 276.0 96.0 both
3644.0 8308.0 400.0 116.0 dating

2336.0 8456.0 112.0 92.0 to
2500.0 8452.0 388.0 108.0 March
2940.0 8448.0 80.0 96.0 7.
3076.0 8448.0 248.0 96.0 The
3392.0 8444.0 244.0 96.0 first
3688.0 8444.0 352.0 92.0 count

2328.0 8588.0 472.0 112.0 charges
2864.0 8580.0 224.0 96.0 him
3164.0 8576.0 284.0 96.0 with
3524.0 8572.0 512.0 116.0 carrying

2336.0 8736.0 308.0 96.0 away
2736.0 8712.0 248.0 96.0 with
3076.0 8712.0 388.0 96.0 intent
3552.0 8712.0 108.0 88.0 to
3744.0 8704.0 288.0 96.0 steal

2328.0 8856.0 292.0 92.0 from
2688.0 8852.0 192.0 92.0 the
2940.0 8844.0 512.0 96.0 Madeira
3520.0 8836.0 524.0 116.0 Building

2332.0 8980.0 96.0 96.0 &
2516.0 8984.0 300.0 96.0 Loan
2900.0 8976.0 208.0 108.0 Co.,
3192.0 8972.0 536.0 100.0 Madeira,
3816.0 8972.0 224.0 92.0 two

2332.0 9112.0 680.0 116.0 typewriters
3128.0 9104.0 244.0 100.0 and
3500.0 9124.0 60.0 76.0 a
3676.0 9104.0 364.0 96.0 check

2324.0 9244.0 584.0 120.0 protector.

2440.0 9408.0 236.0 92.0 The
2720.0 9396.0 396.0 104.0 second
3160.0 9400.0 364.0 96.0 count
3560.0 9396.0 472.0 108.0 charges

2324.0 9536.0 236.0 96.0 him
2640.0 9536.0 260.0 96.0 with
2972.0 9524.0 772.0 120.0 transporting
3820.0 9524.0 208.0 96.0 the

2324.0 9664.0 352.0 100.0 check
2788.0 9660.0 564.0 124.0 protector
3468.0 9660.0 108.0 96.0 in
3688.0 9656.0 344.0 96.0 lnter-

2660.0 9928.0 420.0 160.0 Suits
3196.0 9912.0 560.0 188.0 Filed.

2380.0 10176.0 584.0 100.0 COMMON
3028.0 10172.0 436.0 100.0 PLEAS
3520.0 10164.0 440.0 104.0 COURT

2408.0 10344.0 360.0 72.0 AI85632.
2848.0 10340.0 104.0 68.0 Alt
3020.0 10336.0 288.0 72.0 lumber
3392.0 10332.0 52.0 72.0 1
3516.0 10324.0 336.0 76.0 Millwofk
3928.0 10320.0 120.0 76.0 Co.

2312.0 10452.0 68.0 48.0 vs
2480.0 10432.0 36.0 72.0 i
2616.0 10428.0 68.0 76.0 C
2760.0 10428.0 436.0 76.0 Eicheoeroer
3360.0 10420.0 120.0 72.0 For
3548.0 10420.0 224.0 76.0 S2643
3840.0 10432.0 92.0 56.0 on

2312.0 10524.0 188.0 64.0 note.

2400.0 10624.0 372.0 72.0 AI85653.
2840.0 10620.0 184.0 68.0 Artiei
3088.0 10616.0 56.0 76.0 J.
3220.0 10616.0 172.0 72.0 Hert
3460.0 10632.0 92.0 52.0 vs.
3620.0 10612.0 164.0 72.0 Jane
3852.0 10608.0 192.0 68.0 Nerl.

2308.0 10716.0 116.0 68.0 For
2484.0 10712.0 308.0 72.0 divorce.

2396.0 10828.0 88.0 68.0 Al
2504.0 10828.0 260.0 72.0 85654.
2844.0 10820.0 160.0 72.0 Ruth
3076.0 10812.0 140.0 76.0 Coi
3296.0 10832.0 112.0 56.0 vs.
3492.0 10812.0 280.0 76.0 Emmett
3848.0 10804.0 196.0 76.0 Tate.

2308.0 10916.0 112.0 68.0 For
2508.0 10916.0 44.0 72.0 S
2572.0 10912.0 296.0 76.0 110,000
2944.0 10916.0 364.0 76.0 damages.

2392.0 11028.0 372.0 72.0 A185655.
2872.0 11024.0 428.0 80.0 Marguerite
3416.0 11012.0 396.0 76.0 BrirJoeford
3928.0 11028.0 104.0 52.0 vs.

2300.0 11116.0 356.0 76.0 Raymond
2724.0 11112.0 416.0 72.0 Bridoeford.
3268.0 11108.0 132.0 68.0 For
3472.0 11104.0 288.0 72.0 divorce.

2392.0 11228.0 368.0 72.0 AIB5656.
2888.0 11224.0 360.0 76.0 Equitable
3388.0 11216.0 144.0 72.0 life
3644.0 11216.0 400.0 68.0 Assurence

2300.0 11316.0 272.0 80.0 Society
2660.0 11332.0 100.0 52.0 vs.
2840.0 11312.0 284.0 68.0 Norman
3212.0 11308.0 76.0 72.0 C.
3384.0 11300.0 304.0 76.0 Westfall
3772.0 11308.0 76.0 64.0 et
3940.0 11304.0 96.0 68.0 at.

2296.0 11408.0 116.0 68.0 For
2508.0 11404.0 312.0 76.0 S22.357
2904.0 11400.0 128.0 72.0 end
3124.0 11392.0 448.0 76.0 foreclosure
3652.0 11388.0 80.0 76.0 of
3820.0 11404.0 220.0 56.0 more,

2296.0 11508.0 176.0 68.0 gage

2392.0 11600.0 364.0 76.0 AI85657.
2824.0 11596.0 240.0 80.0 Gladys
3124.0 11592.0 68.0 72.0 E.
3264.0 11596.0 104.0 68.0 M.
3440.0 11592.0 252.0 84.0 Freiley
3752.0 11604.0 108.0 56.0 vs.
3924.0 11588.0 84.0 68.0 A4-

2296.0 11696.0 148.0 68.0 Oert
2540.0 11696.0 60.0 68.0 E.
2704.0 11692.0 248.0 72.0 frailer
3120.0 11684.0 124.0 68.0 For
3344.0 11680.0 296.0 80.0 divorce,
3728.0 11680.0 312.0 76.0 custody

2296.0 11780.0 68.0 76.0 of
2444.0 11780.0 320.0 72.0 children
2844.0 11780.0 128.0 68.0 end
3048.0 11772.0 348.0 80.0 eiimony.

2384.0 11892.0 372.0 76.0 A1S565B.
2860.0 11892.0 196.0 68.0 North
3160.0 11884.0 412.0 72.0 Felrmount
3664.0 11876.0 196.0 76.0 local
3964.0 11876.0 72.0 72.0 L

2292.0 11988.0 52.0 64.0 A
2436.0 11980.0 44.0 72.0 B
2600.0 11980.0 112.0 72.0 Co.
2804.0 11996.0 96.0 52.0 vs.
2988.0 11976.0 240.0 68.0 Bessie
3324.0 11972.0 352.0 68.0 Anderson
3764.0 11972.0 76.0 64.0 et
3936.0 11964.0 100.0 72.0 of.

2296.0 12072.0 112.0 68.0 For
2500.0 12068.0 144.0 76.0 SIS
2680.0 12068.0 140.0 72.0 805
2900.0 12064.0 128.0 76.0 and
3120.0 12060.0 448.0 72.0 foreclosure
3648.0 12052.0 80.0 76.0 of
3820.0 12060.0 188.0 64.0 mort-

2292.0 12176.0 172.0 64.0 gage
2384.0 12264.0 368.0 76.0 A185659.
2840.0 12264.0 272.0 72.0 Herbert
3192.0 12260.0 320.0 72.0 Sender!
3584.0 12276.0 96.0 52.0 v.
3756.0 12252.0 280.0 72.0 Glentse

2292.0 12380.0 52.0 56.0 l.
2440.0 12356.0 324.0 72.0 Senders,
2892.0 12352.0 108.0 72.0 for
3088.0 12348.0 320.0 76.0 divorce.

2384.0 12472.0 48.0 64.0 A
2452.0 12468.0 304.0 76.0 185660.
2860.0 12464.0 164.0 72.0 Phrll
3208.0 12464.0 80.0 68.0 A.
3404.0 12456.0 220.0 72.0 Menii
3724.0 12456.0 96.0 72.0 Jf.
3928.0 12472.0 108.0 52.0 v.

2288.0 12560.0 276.0 72.0 Mirths
2636.0 12560.0 60.0 68.0 i.
2760.0 12556.0 232.0 68.0 Menzi.
3116.0 12548.0 128.0 72.0 For
3312.0 12548.0 304.0 72.0 divorce.

2380.0 12672.0 376.0 72.0 AI8566I.
2824.0 12676.0 308.0 64.0 Alimony
3212.0 12664.0 272.0 72.0 Baiada
3556.0 12676.0 88.0 56.0 vs.
3724.0 12656.0 308.0 72.0 larbara

2292.0 12756.0 248.0 76.0 Baiack
2700.0 12752.0 112.0 76.0 For
2880.0 12752.0 288.0 72.0 divorce.

2380.0 12872.0 52.0 68.0 A
2452.0 12868.0 304.0 72.0 185462.
2832.0 12864.0 188.0 84.0 Betty
3092.0 12864.0 76.0 72.0 A,
3260.0 12860.0 336.0 72.0 Burnette
3664.0 12872.0 104.0 52.0 vs.
3848.0 12856.0 188.0 72.0 John

2288.0 12964.0 56.0 68.0 I.
2444.0 12956.0 360.0 72.0 Burnette.
2940.0 12952.0 108.0 72.0 For
3144.0 12944.0 324.0 80.0 divorce,
3564.0 12940.0 284.0 80.0 custody
3948.0 12944.0 84.0 72.0 of

2284.0 13048.0 312.0 76.0 children
2664.0 13048.0 128.0 68.0 end
2848.0 13044.0 292.0 76.0 alimony

2376.0 13160.0 376.0 76.0 AI65663.
2808.0 13156.0 176.0 80.0 Mary
3044.0 13160.0 52.0 68.0 J.
3164.0 13152.0 260.0 72.0 Peters
3484.0 13164.0 96.0 56.0 vs.
3636.0 13144.0 256.0 80.0 Joseph
3956.0 13136.0 60.0 72.0 P.

2284.0 13252.0 260.0 68.0 Peters.
2668.0 13248.0 112.0 72.0 cor
2844.0 13244.0 264.0 72.0 divorce
3204.0 13240.0 308.0 72.0 custody
3572.0 13232.0 68.0 68.0 of
3700.0 13232.0 324.0 72.0 children

2288.0 13356.0 120.0 52.0 eno
2488.0 13340.0 304.0 72.0 alimony

2372.0 13452.0 368.0 72.0 AI85664.
2804.0 13444.0 124.0 72.0 Riv
2980.0 13440.0 220.0 72.0 Roark
3260.0 13456.0 112.0 52.0 vs.
3436.0 13436.0 252.0 76.0 Shirley
3740.0 13432.0 80.0 72.0 A.
3880.0 13432.0 112.0 72.0 Mc-

2280.0 13536.0 252.0 68.0 Devitt.
2668.0 13532.0 116.0 68.0 For
2860.0 13524.0 300.0 80.0 S35.GOO
3240.0 13524.0 364.0 76.0 damages.

2376.0 13648.0 364.0 68.0 AI85665.
2844.0 13648.0 160.0 64.0 John
3100.0 13636.0 232.0 72.0 Dixon
3432.0 13652.0 96.0 48.0 vs.
3624.0 13628.0 220.0 72.0 Oente
3948.0 13628.0 68.0 68.0 R.

2280.0 13732.0 260.0 72.0 Canton
2652.0 13740.0 72.0 52.0 et
2788.0 13744.0 60.0 56.0 el
2984.0 13728.0 116.0 68.0 For
3164.0 13724.0 484.0 72.0 cancellation
3708.0 13716.0 80.0 72.0 of
3848.0 13732.0 144.0 56.0 con-

2280.0 13828.0 172.0 64.0 tract
2368.0 13932.0 372.0 72.0 A185666.
2800.0 13924.0 204.0 72.0 Oolite
3064.0 13924.0 352.0 72.0 Harrison
3472.0 13936.0 96.0 56.0 vs.
3628.0 13916.0 160.0 72.0 Fred
3852.0 13920.0 140.0 68.0 Her-

2276.0 14040.0 204.0 52.0 nson.
2596.0 14020.0 120.0 68.0 For
2776.0 14016.0 276.0 76.0 divorce.

2368.0 14132.0 344.0 76.0 AI85667
2808.0 14136.0 172.0 64.0 Mam
3048.0 14124.0 300.0 84.0 Supply,
3424.0 14132.0 160.0 68.0 Inc.,
3644.0 14132.0 100.0 56.0 vs.
3812.0 14116.0 176.0 72.0 Fred-

2276.0 14224.0 180.0 72.0 erick
2544.0 14224.0 356.0 68.0 McKeniie
2972.0 14224.0 68.0 60.0 et
3120.0 14216.0 96.0 68.0 el.
3368.0 14212.0 120.0 72.0 For
3560.0 14208.0 184.0 76.0 S324
3872.0 14204.0 148.0 76.0 one)

2272.0 14312.0 144.0 72.0 fore
2472.0 14316.0 236.0 68.0 'osure
2780.0 14304.0 72.0 76.0 of
2920.0 14308.0 368.0 76.0 mortgage

2364.0 14424.0 372.0 72.0 AIB566B.
2792.0 14420.0 240.0 76.0 Phille
3076.0 14416.0 296.0 80.0 Meyers
3428.0 14412.0 92.0 68.0 Jr.
3572.0 14424.0 92.0 56.0 vs.
3720.0 14400.0 292.0 76.0 Charles

2276.0 14516.0 44.0 68.0 V
2420.0 14516.0 268.0 76.0 Worley
2764.0 14516.0 68.0 60.0 et
2900.0 14512.0 84.0 68.0 ai.
3104.0 14504.0 128.0 72.0 For
3312.0 14496.0 244.0 84.0 B4500
3620.0 14496.0 132.0 76.0 end
3824.0 14496.0 164.0 72.0 fore-

2268.0 14604.0 272.0 72.0 closure
2608.0 14616.0 80.0 52.0 or
2752.0 14600.0 364.0 72.0 mortgage.

2364.0 14716.0 48.0 68.0 A
2436.0 14712.0 296.0 72.0 '85669,
2832.0 14712.0 152.0 64.0 Paw
3072.0 14704.0 80.0 72.0 A.
3252.0 14700.0 320.0 104.0 O'Brien,
3660.0 14696.0 356.0 72.0 Hamilton

2268.0 14800.0 260.0 76.0 County
2640.0 14796.0 344.0 72.0 Treasurer
3112.0 14808.0 108.0 52.0 vs.
3340.0 14792.0 92.0 68.0 W.
3540.0 14772.0 52.0 88.0 J.
3700.0 14784.0 312.0 80.0 Spooner

2272.0 14900.0 60.0 64.0 et
2424.0 14892.0 128.0 88.0 el.,
2652.0 14892.0 204.0 72.0 doing
2944.0 14880.0 324.0 72.0 business
3376.0 14896.0 80.0 52.0 es
3548.0 14872.0 192.0 72.0 Little
3832.0 14868.0 180.0 72.0 Chef

2272.0 14980.0 188.0 68.0 Drive
2536.0 14976.0 96.0 72.0 In.
2760.0 14976.0 112.0 64.0 For
2936.0 14968.0 184.0 76.0 S295
3188.0 14964.0 424.0 76.0 defmguent
3676.0 14956.0 332.0 84.0 personal

2280.0 15072.0 324.0 72.0 property
2676.0 15068.0 140.0 64.0 tee.

2360.0 15172.0 372.0 76.0 AI85670.
2812.0 15168.0 272.0 72.0 Thomas
3200.0 15168.0 236.0 68.0 Nixon
3544.0 15180.0 96.0 52.0 vs.
3744.0 15156.0 264.0 76.0 feobeet

2280.0 15264.0 440.0 76.0 Schweitier.
2856.0 15260.0 112.0 68.0 For
3056.0 15256.0 336.0 80.0 $41,500
3480.0 15260.0 344.0 68.0 damages.

2360.0 15376.0 372.0 76.0 A1B567I.
2820.0 15376.0 248.0 68.0 Jeanne
3156.0 15368.0 260.0 72.0 Gleser
3500.0 15384.0 96.0 52.0 vs.
3684.0 15360.0 104.0 72.0 Or.
3884.0 15360.0 100.0 72.0 Ed-

2276.0 15468.0 180.0 68.0 ward
2524.0 15472.0 56.0 68.0 J.
2652.0 15460.0 232.0 72.0 Gleser
3016.0 15460.0 120.0 68.0 For
3200.0 15460.0 324.0 72.0 divorce,
3580.0 15452.0 292.0 72.0 custody
3940.0 15444.0 80.0 72.0 of

2268.0 15556.0 308.0 76.0 children
2664.0 15552.0 132.0 72.0 end
2876.0 15548.0 320.0 80.0 alimony.

2364.0 15672.0 48.0 64.0 A
2432.0 15664.0 304.0 76.0 185672.
2816.0 15660.0 180.0 80.0 Mary
3068.0 15660.0 100.0 72.0 M.
3252.0 15656.0 220.0 72.0 Wood
3544.0 15668.0 96.0 56.0 vs.
3716.0 15652.0 300.0 68.0 Herman

2268.0 15756.0 204.0 72.0 Wood
2624.0 15752.0 120.0 72.0 For
2812.0 15756.0 284.0 68.0 divorce.

2364.0 15864.0 372.0 80.0 AI85673.
2792.0 15868.0 104.0 68.0 loi
2988.0 15868.0 48.0 68.0 J.
3104.0 15856.0 388.0 80.0 Oeftinger
3544.0 15872.0 96.0 52.0 vs.
3700.0 15852.0 168.0 72.0 Fred
3924.0 15848.0 80.0 76.0 K

2268.0 15964.0 328.0 64.0 Whitson.
2732.0 15956.0 108.0 64.0 cor
2916.0 15948.0 312.0 76.0 U0.OO0
3312.0 15952.0 348.0 72.0 demeges.

2360.0 16068.0 372.0 72.0 A185674.
2804.0 16064.0 136.0 72.0 Gerl
3012.0 16064.0 60.0 76.0 t
3156.0 16056.0 324.0 76.0 Redclift
3544.0 16072.0 100.0 56.0 vs.
3716.0 16052.0 296.0 72.0 Willerd

2268.0 16188.0 52.0 44.0 i.
2424.0 16156.0 336.0 76.0 fiedcirff.
2904.0 16156.0 108.0 68.0 For
3112.0 16152.0 328.0 76.0 divorce,
3536.0 16144.0 288.0 76.0 custody
3928.0 16136.0 80.0 76.0 ef

2264.0 16248.0 180.0 76.0 child
2520.0 16244.0 140.0 76.0 and
2724.0 16244.0 292.0 76.0 alimony

2356.0 16364.0 84.0 64.0 Al
2464.0 16360.0 268.0 72.0 8575.
2840.0 16352.0 300.0 76.0 Jennifer
3204.0 16348.0 72.0 72.0 L.
3348.0 16348.0 180.0 68.0 Muir
3584.0 16360.0 92.0 56.0 vs.
3736.0 16344.0 268.0 68.0 Welter

2264.0 16452.0 36.0 72.0 E
2416.0 16452.0 200.0 68.0 Muir.
2760.0 16444.0 112.0 72.0 For
2952.0 16444.0 284.0 72.0 divorce
3328.0 16436.0 144.0 72.0 and
3544.0 16432.0 292.0 84.0 custody
3920.0 16424.0 84.0 76.0 ef

2260.0 16540.0 340.0 68.0 children.

2264.0 16736.0 184.0 160.0 In
2516.0 16724.0 1072.0 192.0 Bankruptcy

2392.0 16968.0 708.0 112.0 Bankruptcy
3196.0 16952.0 796.0 124.0 petitions

2276.0 17124.0 276.0 76.0 were
2708.0 17096.0 256.0 100.0 filed
3112.0 17088.0 596.0 120.0 yesterday
3864.0 17084.0 124.0 96.0 In

2272.0 17240.0 112.0 96.0 U.
2460.0 17240.0 104.0 92.0 S.
2636.0 17232.0 440.0 96.0 District
3144.0 17228.0 368.0 96.0 Court
3576.0 17224.0 204.0 92.0 for:

2348.0 17404.0 268.0 68.0 Jeanne
2696.0 17396.0 64.0 76.0 E.
2836.0 17396.0 284.0 76.0 Weller,
3212.0 17392.0 196.0 68.0 1633
3484.0 17392.0 228.0 64.0 Pullen
3788.0 17392.0 212.0 76.0 Ave.,

2252.0 17500.0 244.0 72.0 tester,
2592.0 17484.0 236.0 84.0 $2069
2904.0 17488.0 228.0 80.0 debts,
3224.0 17476.0 208.0 80.0 $100
3516.0 17484.0 240.0 64.0 essets.

2344.0 17608.0 256.0 72.0 Robert
2676.0 17608.0 76.0 68.0 A.
2828.0 17600.0 288.0 80.0 Walker,
3204.0 17596.0 200.0 68.0 1633
3484.0 17588.0 228.0 76.0 Pullen
3788.0 17584.0 208.0 92.0 Ave,

2248.0 17708.0 496.0 60.0 maintenance
2812.0 17692.0 280.0 80.0 worker,
3172.0 17684.0 260.0 84.0 $2669
3500.0 17684.0 220.0 76.0 debts,
3796.0 17676.0 200.0 76.0 $100

2248.0 17796.0 252.0 68.0 assets.

2340.0 17900.0 288.0 72.0 Cherlee
2728.0 17896.0 268.0 84.0 Gibson,
3104.0 17892.0 204.0 72.0 3014
3420.0 17884.0 260.0 76.0 Ottawa
3788.0 17880.0 204.0 88.0 Ave,

2248.0 17996.0 484.0 76.0 Mirldletown,
2800.0 17988.0 188.0 80.0 Ohio,
3060.0 17984.0 324.0 76.0 laborer,
3456.0 17976.0 224.0 84.0 $1912
3748.0 17972.0 240.0 72.0 debit.

2248.0 18084.0 180.0 80.0 $382
2500.0 18092.0 256.0 64.0 assets.

2340.0 18200.0 232.0 72.0 Dalles
2656.0 18196.0 76.0 72.0 A.
2808.0 18192.0 268.0 80.0 Pmpps,
3160.0 18184.0 192.0 76.0 1121
3440.0 18176.0 260.0 76.0 Centre!
3784.0 18176.0 200.0 80.0 Ave..

2236.0 18292.0 484.0 72.0 Middletown,
2852.0 18284.0 192.0 80.0 Ohio,
3188.0 18276.0 416.0 88.0 esseapler,
3740.0 18264.0 248.0 84.0 $I2B

2244.0 18388.0 224.0 76.0 debls,
2548.0 18380.0 192.0 76.0 $103
2812.0 18380.0 244.0 68.0 essets.

2340.0 18488.0 352.0 88.0 Raymond
2760.0 18492.0 84.0 68.0 W.
2916.0 18488.0 312.0 76.0 Prefher,
3304.0 18476.0 196.0 76.0 6452
3564.0 18476.0 188.0 68.0 Work
3824.0 18468.0 160.0 88.0 Rd.,

2244.0 18588.0 220.0 84.0 Meek,
2536.0 18588.0 272.0 80.0 pointer
2900.0 18576.0 228.0 80.0 SI044
3192.0 18572.0 252.0 84.0 debts,
3508.0 18564.0 180.0 80.0 $110
3716.0 18572.0 268.0 64.0 peseta.

2332.0 18704.0 260.0 72.0 Vpssor
2680.0 18696.0 68.0 76.0 I.
2836.0 18696.0 264.0 76.0 Napier,
3196.0 18688.0 156.0 72.0 577
3444.0 18680.0 264.0 76.0 Lincoln
3800.0 18676.0 184.0 76.0 Pet

2240.0 18796.0 128.0 72.0 Dr..
2460.0 18792.0 160.0 72.0 dish
2708.0 18788.0 284.0 72.0 wether.
3080.0 18776.0 260.0 84.0 $124
3428.0 18776.0 224.0 76.0 debts,
3784.0 18764.0 204.0 80.0 $500

2236.0 18888.0 252.0 72.0 assets.

2332.0 19000.0 240.0 68.0 Albert
2656.0 18988.0 192.0 80.0 Rose,
2924.0 18988.0 124.0 72.0 311
3140.0 18980.0 84.0 76.0 N.
3332.0 18976.0 164.0 72.0 tOrh
3576.0 18972.0 120.0 112.0 St.,
3776.0 18976.0 180.0 72.0 Here-

2244.0 19088.0 192.0 72.0 Hton.
2508.0 19088.0 180.0 72.0 Ohio
2780.0 19076.0 424.0 84.0 millwright,
3280.0 19068.0 244.0 84.0 $6167
3588.0 19060.0 228.0 84.0 debts,
3884.0 19080.0 100.0 56.0 no

2236.0 19184.0 252.0 68.0 assets.

2332.0 19296.0 228.0 68.0 James
2648.0 19288.0 76.0 68.0 N.
2804.0 19280.0 192.0 80.0 Peed,
3084.0 19272.0 208.0 80.0 2310
3372.0 19272.0 316.0 80.0 Glenwey
3772.0 19268.0 208.0 88.0 Aye.,

2236.0 19384.0 192.0 72.0 truck
2508.0 19384.0 236.0 68.0 driver
2836.0 19376.0 40.0 72.0 J
2896.0 19380.0 12.0 56.0 1
2924.0 19376.0 140.0 68.0 936
3132.0 19372.0 256.0 72.0 debts,
3460.0 19380.0 92.0 56.0 ne
3612.0 19368.0 260.0 64.0 assets.

2324.0 19496.0 272.0 76.0 Conrad
2656.0 19492.0 72.0 72.0 P.
2780.0 19488.0 192.0 72.0 Claus
3032.0 19484.0 124.0 80.0 (II,
3216.0 19480.0 164.0 76.0 375
3476.0 19476.0 260.0 72.0 Darwin
3772.0 19476.0 212.0 76.0 Ave.,

2232.0 19588.0 136.0 76.0 slip
2424.0 19596.0 264.0 64.0 caster,
2756.0 19580.0 224.0 76.0 $276,2
3040.0 19576.0 244.0 76.0 debts.
3356.0 19572.0 188.0 72.0 $145
3604.0 19576.0 252.0 60.0 essets.

2608.0 22504.0 568.0 112.0 r-rrrni

3048.0 23452.0 172.0 72.0 no
3284.0 23448.0 408.0 72.0 suTitoai
3752.0 23444.0 216.0 76.0 tiM

4292.0 2112.0 284.0 96.0 state
4620.0 2128.0 628.0 80.0 commerce
5296.0 2104.0 252.0 100.0 with
5596.0 2104.0 332.0 100.0 fraud-

4292.0 2244.0 312.0 96.0 ulent
4664.0 2244.0 392.0 96.0 intent.

4404.0 2396.0 320.0 100.0 Verle
4780.0 2396.0 420.0 100.0 Martin
5260.0 2388.0 500.0 112.0 Howard,
5820.0 2388.0 148.0 112.0 41,

4280.0 2532.0 180.0 96.0 408
4540.0 2528.0 264.0 96.0 Boal
4880.0 2532.0 196.0 108.0 St.,
5156.0 2544.0 72.0 80.0 a
5304.0 2528.0 416.0 92.0 former
5800.0 2520.0 124.0 96.0 In-

4276.0 2660.0 364.0 96.0 ternal
4696.0 2660.0 524.0 96.0 Revenue
5272.0 2652.0 424.0 96.0 Service
5752.0 2652.0 168.0 96.0 col-

4280.0 2788.0 404.0 100.0 lection
4732.0 2784.0 428.0 112.0 officer,
5208.0 2804.0 212.0 76.0 was
5464.0 2776.0 496.0 104.0 indicted

4272.0 2936.0 148.0 80.0 on
4500.0 2936.0 216.0 80.0 one
4792.0 2920.0 352.0 96.0 count
5220.0 2916.0 116.0 96.0 of
5404.0 2912.0 556.0 112.0 receiving

4276.0 3048.0 368.0 116.0 public
4696.0 3064.0 404.0 96.0 money
5152.0 3044.0 612.0 92.0 November
5832.0 3044.0 132.0 96.0 14.

4284.0 3180.0 264.0 108.0 1960,
4596.0 3176.0 480.0 116.0 totaling
5120.0 3172.0 240.0 112.0 $482
5408.0 3168.0 376.0 100.0 which
5832.0 3168.0 140.0 104.0 he

4272.0 3328.0 220.0 80.0 was
4576.0 3312.0 200.0 96.0 not
4856.0 3304.0 640.0 100.0 authorized
5588.0 3312.0 124.0 84.0 to
5804.0 3320.0 148.0 76.0 re

4272.0 3440.0 232.0 92.0 tain
4584.0 3456.0 128.0 80.0 as
4784.0 3440.0 404.0 112.0 salary,
5264.0 3436.0 212.0 100.0 and
5552.0 3432.0 400.0 112.0 failing

4268.0 3572.0 112.0 92.0 to
4468.0 3568.0 396.0 100.0 render
4944.0 3568.0 192.0 96.0 his
5220.0 3568.0 532.0 96.0 accounts
5840.0 3564.0 116.0 92.0 to

4264.0 3700.0 244.0 96.0 IRS.
4592.0 3696.0 232.0 100.0 The
4928.0 3692.0 564.0 104.0 second
5600.0 3696.0 356.0 92.0 count

4260.0 3828.0 484.0 112.0 charged
4784.0 3824.0 236.0 100.0 him
5068.0 3824.0 268.0 100.0 with
5376.0 3820.0 464.0 116.0 making
5884.0 3840.0 60.0 80.0 a

4260.0 3960.0 276.0 96.0 false
4600.0 3956.0 616.0 100.0 document
5272.0 3956.0 204.0 96.0 last
5540.0 3956.0 360.0 92.0 Febru-

4252.0 4108.0 192.0 92.0 ary
4540.0 4088.0 44.0 96.0 1
4680.0 4084.0 116.0 100.0 in
4884.0 4104.0 64.0 76.0 a
5044.0 4088.0 408.0 92.0 matter
5540.0 4080.0 396.0 100.0 within

4248.0 4212.0 680.0 124.0 jurisdiction
5008.0 4216.0 120.0 96.0 of
5196.0 4212.0 232.0 100.0 IRS.

4360.0 4372.0 376.0 112.0 Henry
4824.0 4368.0 444.0 100.0 Huston
5360.0 4364.0 540.0 116.0 Whittlng-

4236.0 4500.0 232.0 112.0 ton,
4532.0 4500.0 256.0 100.0 New
4852.0 4500.0 336.0 108.0 York,
5256.0 4512.0 208.0 84.0 was
5532.0 4496.0 372.0 96.0 indict-

4236.0 4632.0 140.0 96.0 ed
4416.0 4648.0 148.0 76.0 on
4612.0 4648.0 216.0 80.0 one
4872.0 4628.0 360.0 96.0 count
5272.0 4624.0 112.0 100.0 of
5424.0 4624.0 508.0 112.0 devising

4236.0 4780.0 64.0 80.0 a
4372.0 4760.0 448.0 100.0 scheme
4892.0 4760.0 268.0 112.0 May
5244.0 4756.0 136.0 108.0 10,
5456.0 4756.0 280.0 108.0 1960,
5816.0 4756.0 112.0 96.0 to

4228.0 4888.0 472.0 100.0 defraud
4768.0 4884.0 224.0 104.0 and
5064.0 4884.0 376.0 100.0 obtain
5508.0 4900.0 420.0 96.0 money

4228.0 5020.0 288.0 96.0 from
4580.0 5016.0 196.0 100.0 the
4828.0 5016.0 308.0 96.0 Texo
5196.0 5020.0 336.0 108.0 Corp.,
5596.0 5012.0 324.0 96.0 Dana

4232.0 5144.0 220.0 100.0 and
4512.0 5140.0 356.0 104.0 Floral
4928.0 5148.0 356.0 104.0 Aves.,
5344.0 5144.0 536.0 96.0 manufac-

4228.0 5280.0 360.0 92.0 turers
4720.0 5272.0 116.0 100.0 of
4972.0 5268.0 512.0 116.0 cleaning
5620.0 5288.0 260.0 76.0 com-

4224.0 5400.0 468.0 124.0 pounds.
4348.0 5572.0 88.0 96.0 A
4484.0 5572.0 520.0 96.0 SECOND
5052.0 5572.0 340.0 100.0 count
5428.0 5568.0 488.0 120.0 charged

4224.0 5700.0 236.0 100.0 him
4540.0 5700.0 260.0 100.0 with
4876.0 5704.0 468.0 112.0 causing
5416.0 5704.0 312.0 100.0 $1000
5812.0 5704.0 112.0 92.0 to

4224.0 5832.0 132.0 96.0 be
4432.0 5828.0 720.0 100.0 transmitted
5232.0 5832.0 128.0 112.0 by
5428.0 5832.0 304.0 96.0 Texo
5812.0 5832.0 112.0 92.0 to

4228.0 5960.0 236.0 96.0 him
4536.0 5960.0 116.0 96.0 in
4720.0 5960.0 780.0 112.0 Binghamton,
5568.0 5964.0 128.0 88.0 N.
5780.0 5960.0 144.0 100.0 Y..

4228.0 6092.0 252.0 108.0 May
4568.0 6088.0 88.0 104.0 6,
4748.0 6092.0 264.0 104.0 1960,
5108.0 6088.0 144.0 112.0 by
5328.0 6108.0 396.0 76.0 means
5816.0 6088.0 112.0 96.0 of

4220.0 6216.0 276.0 100.0 false
4564.0 6216.0 964.0 116.0 representations.

4208.0 6440.0 380.0 200.0 Sex
4700.0 6436.0 964.0 204.0 Offender

4260.0 6816.0 744.0 328.0 Man
5128.0 6808.0 1060.0 332.0 Pleads
6320.0 6808.0 1016.0 404.0 Guilty

4336.0 7340.0 172.0 96.0 An
4616.0 7336.0 252.0 100.0 East
4972.0 7336.0 252.0 104.0 End
5320.0 7352.0 296.0 92.0 man,
5732.0 7336.0 132.0 92.0 de-

4216.0 7496.0 368.0 100.0 clared
4752.0 7496.0 108.0 96.0 to
5028.0 7496.0 144.0 96.0 be
5336.0 7512.0 56.0 80.0 a
5552.0 7492.0 348.0 100.0 social

4212.0 7672.0 464.0 84.0 menace
4744.0 7652.0 220.0 100.0 and
5036.0 7652.0 396.0 116.0 legally
5496.0 7652.0 408.0 96.0 Insane

4216.0 7812.0 108.0 100.0 ln
4420.0 7812.0 268.0 112.0 1956,
4776.0 7828.0 220.0 80.0 was
5096.0 7808.0 456.0 100.0 ordered
5644.0 7812.0 260.0 92.0 sent

4208.0 7944.0 280.0 100.0 back
4528.0 7948.0 120.0 92.0 to
4692.0 7940.0 300.0 100.0 Lima
5044.0 7944.0 308.0 96.0 State
5392.0 7940.0 504.0 116.0 Hospital

4216.0 8076.0 576.0 116.0 yesterday
4824.0 8076.0 140.0 108.0 by
5000.0 8076.0 536.0 96.0 Common
5580.0 8072.0 320.0 96.0 Pleas

4208.0 8204.0 352.0 116.0 Judge
4628.0 8204.0 364.0 100.0 Frank
5060.0 8208.0 144.0 92.0 M.
5268.0 8204.0 628.0 100.0 Gusweiler,

4212.0 8340.0 288.0 96.0 after
4648.0 8336.0 188.0 100.0 the
5000.0 8356.0 276.0 80.0 man
5420.0 8336.0 476.0 116.0 pleaded

4208.0 8468.0 348.0 120.0 guilty
4620.0 8468.0 120.0 96.0 of
4804.0 8468.0 324.0 96.0 three
5204.0 8472.0 460.0 112.0 charges
5740.0 8468.0 112.0 96.0 in-

4212.0 8600.0 432.0 116.0 volving
4696.0 8616.0 192.0 80.0 sex
4940.0 8600.0 524.0 96.0 offenses.

4328.0 8732.0 448.0 96.0 Willard
4824.0 8732.0 600.0 116.0 Campbell,
5476.0 8732.0 156.0 104.0 39,
5684.0 8736.0 176.0 96.0 for-

4208.0 8864.0 348.0 116.0 merly
4616.0 8864.0 124.0 96.0 of
4800.0 8864.0 184.0 96.0 412
5056.0 8864.0 580.0 96.0 McDowell
5712.0 8868.0 184.0 100.0 St..

4208.0 9016.0 220.0 76.0 was
4492.0 9000.0 120.0 92.0 to
4680.0 8996.0 280.0 96.0 have
5036.0 8996.0 280.0 96.0 been
5384.0 8996.0 288.0 96.0 tried
5744.0 9016.0 148.0 76.0 on

4204.0 9128.0 464.0 116.0 charges
4732.0 9128.0 116.0 100.0 of
4912.0 9128.0 432.0 100.0 assault
5404.0 9128.0 112.0 96.0 to
5588.0 9148.0 304.0 96.0 rape,

4204.0 9260.0 524.0 100.0 Indecent
4812.0 9276.0 756.0 100.0 exposure
5668.0 9260.0 228.0 96.0 and

4204.0 9388.0 488.0 120.0 sodomy,
4780.0 9392.0 328.0 96.0 when
5204.0 9396.0 136.0 96.0 he
5424.0 9392.0 468.0 96.0 entered

4204.0 9524.0 304.0 116.0 pleas
4588.0 9524.0 124.0 96.0 of
4788.0 9524.0 384.0 120.0 guilty.
5236.0 9528.0 88.0 96.0 A
4200.0 9540.0 1648.0 216.0 pre-sentence

4612.0 9656.0 428.0 100.0 mental
5132.0 9656.0 756.0 100.0 examination

4204.0 9788.0 92.0 96.0 is
4352.0 9784.0 696.0 120.0 mandatory.

4320.0 9920.0 232.0 96.0 The
4672.0 9920.0 660.0 112.0 charges
5444.0 9916.0 448.0 120.0 against

4204.0 10048.0 568.0 116.0 Campbell
4860.0 10068.0 332.0 84.0 arose
5284.0 10052.0 276.0 100.0 from
5664.0 10072.0 188.0 76.0 mo-

4208.0 10180.0 512.0 100.0 lestation
4776.0 10180.0 116.0 100.0 of
4952.0 10184.0 304.0 116.0 girls,
5320.0 10184.0 100.0 100.0 10
5476.0 10180.0 236.0 100.0 and
5784.0 10184.0 100.0 96.0 11

4196.0 10400.0 628.0 204.0 Books
4936.0 10404.0 1000.0 204.0 Obscene?

4224.0 10780.0 676.0 268.0 Trial
5028.0 10784.0 652.0 264.0 Date
5816.0 10784.0 216.0 268.0 Is

4312.0 11172.0 228.0 100.0 The
4620.0 11172.0 244.0 100.0 trial
4940.0 11172.0 132.0 96.0 of
5144.0 11172.0 332.0 100.0 David
5556.0 11176.0 332.0 112.0 King,

4192.0 11324.0 296.0 80.0 news
4576.0 11308.0 276.0 112.0 shop
4944.0 11308.0 536.0 112.0 operator,
5572.0 11324.0 160.0 76.0 on
5824.0 11324.0 60.0 76.0 a

4204.0 11440.0 400.0 112.0 charge
4720.0 11436.0 116.0 96.0 of
4948.0 11440.0 632.0 112.0 possessing
5708.0 11440.0 140.0 92.0 ob-

4192.0 11584.0 328.0 80.0 scene
4656.0 11564.0 608.0 116.0 literature,
5392.0 11584.0 60.0 80.0 a
5592.0 11564.0 296.0 96.0 book

4192.0 11696.0 312.0 100.0 titled
4568.0 11696.0 288.0 100.0 "The
4912.0 11696.0 616.0 100.0 Bohemian
5596.0 11696.0 292.0 104.0 Set,"

4192.0 11828.0 332.0 96.0 taken
4600.0 11824.0 116.0 100.0 in
4792.0 11848.0 60.0 76.0 a
4924.0 11828.0 392.0 96.0 March
5388.0 11828.0 140.0 108.0 15,
5612.0 11828.0 272.0 108.0 1960,

4192.0 11960.0 236.0 100.0 raid
4540.0 11960.0 120.0 96.0 at
4768.0 11956.0 172.0 100.0 his
5060.0 11960.0 320.0 108.0 store,
5488.0 11960.0 96.0 96.0 is
5708.0 11976.0 132.0 76.0 ex-

4192.0 12088.0 388.0 120.0 pected
4624.0 12092.0 116.0 92.0 to
4780.0 12092.0 288.0 96.0 start
5112.0 12092.0 256.0 92.0 next
5412.0 12088.0 308.0 92.0 week
5772.0 12088.0 108.0 92.0 in

4192.0 12224.0 188.0 92.0 the
4428.0 12224.0 536.0 92.0 Common
5020.0 12220.0 312.0 92.0 Pleas
5376.0 12220.0 344.0 92.0 Court
5772.0 12216.0 108.0 96.0 of

4192.0 12348.0 348.0 112.0 Judge
4608.0 12348.0 360.0 96.0 Frank
5040.0 12348.0 144.0 96.0 M.
5256.0 12344.0 624.0 100.0 Gusweiler.

4312.0 12480.0 232.0 100.0 The
4624.0 12496.0 248.0 80.0 case
4960.0 12496.0 232.0 80.0 was
5272.0 12476.0 348.0 100.0 called
5716.0 12476.0 168.0 96.0 for

4192.0 12608.0 248.0 100.0 trial
4488.0 12608.0 580.0 116.0 yesterday
5124.0 12608.0 192.0 96.0 but
5356.0 12624.0 216.0 80.0 was
5624.0 12624.0 216.0 76.0 con-

4188.0 12736.0 384.0 100.0 tinued
4656.0 12756.0 248.0 80.0 over
4988.0 12740.0 200.0 92.0 the
5268.0 12740.0 416.0 112.0 protest
5772.0 12736.0 108.0 96.0 of

4196.0 12868.0 460.0 96.0 William
4720.0 12868.0 92.0 96.0 S.
4876.0 12868.0 564.0 104.0 Mathews,
5504.0 12864.0 340.0 100.0 assist-

4192.0 13004.0 192.0 92.0 ant
4440.0 13004.0 404.0 108.0 county
4900.0 13000.0 668.0 112.0 prosecutor,
5632.0 12996.0 240.0 92.0 who

4128.0 13144.0 16.0 16.0 '
4188.0 13128.0 552.0 96.0 Informed
4788.0 13128.0 188.0 96.0 the
5032.0 13132.0 308.0 92.0 court
5388.0 13128.0 248.0 96.0 that
5684.0 13128.0 188.0 92.0 the

4188.0 13260.0 284.0 96.0 state
4528.0 13276.0 216.0 80.0 was
4804.0 13260.0 340.0 112.0 ready
5204.0 13260.0 156.0 96.0 for
5412.0 13252.0 284.0 100.0 'rial.

4952.0 18608.0 52.0 40.0 m
6376.0 18608.0 84.0 40.0 jtr
6608.0 18608.0 280.0 40.0 aT.tr.
7244.0 18620.0 12.0 16.0 j
7312.0 18616.0 28.0 32.0 j
7488.0 18608.0 4.0 12.0 '
7776.0 18612.0 4.0 8.0 '
7916.0 18608.0 24.0 40.0 a
8348.0 18608.0 88.0 40.0 y..-
8464.0 18620.0 20.0 24.0 -.
8688.0 18616.0 92.0 32.0 i.

5072.0 19456.0 256.0 264.0 'A
5608.0 19832.0 80.0 48.0 ..
5896.0 19576.0 640.0 272.0 m
7088.0 19456.0 432.0 408.0 fa.
7648.0 19456.0 240.0 440.0 b
8576.0 19576.0 360.0 280.0 iM
9008.0 19584.0 376.0 352.0 Ji
9528.0 19616.0 400.0 272.0 w
10096.0 19536.0 200.0 400.0 $

5748.0 22004.0 8.0 32.0 '
5896.0 21880.0 92.0 204.0 1
6032.0 21960.0 16.0 16.0 '
7940.0 21784.0 188.0 312.0 If
9460.0 21944.0 184.0 152.0 !ff
10076.0 22048.0 80.0 48.0 ,

5452.0 24148.0 304.0 144.0 BUY
5836.0 24148.0 444.0 140.0 YOUR
6384.0 24152.0 380.0 132.0 MINK

6280.0 2100.0 344.0 104.0 Other
6728.0 2096.0 752.0 104.0 Indictments
7588.0 2116.0 272.0 80.0 were

6144.0 2228.0 532.0 104.0 returned
6740.0 2232.0 488.0 116.0 against:

6272.0 2388.0 284.0 96.0 Zack
6624.0 2384.0 332.0 120.0 Riley
7020.0 2392.0 176.0 104.0 Jr.,
7268.0 2384.0 248.0 100.0 1319
7584.0 2384.0 224.0 100.0 Wal-

6136.0 2524.0 232.0 92.0 nut
6484.0 2520.0 168.0 104.0 St.,
6780.0 2520.0 196.0 96.0 for
7088.0 2516.0 760.0 116.0 transporting

6136.0 2644.0 196.0 100.0 his
6452.0 2648.0 264.0 104.0 wife,
6848.0 2664.0 76.0 80.0 a
7044.0 2644.0 396.0 108.0 minor,
7560.0 2644.0 284.0 100.0 from

6136.0 2776.0 516.0 108.0 Jackson,
6720.0 2776.0 252.0 116.0 Ky.,
7036.0 2776.0 112.0 96.0 to
7208.0 2768.0 636.0 104.0 Cincinnati

6132.0 2904.0 480.0 96.0 October
6660.0 2904.0 168.0 104.0 21.
6888.0 2904.0 180.0 96.0 for
7116.0 2900.0 192.0 100.0 the
7368.0 2920.0 472.0 100.0 purpose

6128.0 3032.0 132.0 96.0 of
6312.0 3032.0 752.0 116.0 prostitution.

6248.0 3188.0 136.0 96.0 Je
6424.0 3204.0 60.0 76.0 a
6520.0 3208.0 68.0 76.0 n
6716.0 3184.0 468.0 100.0 Dolores
7320.0 3188.0 516.0 116.0 Bowling,

6128.0 3316.0 160.0 104.0 35,
6404.0 3312.0 668.0 116.0 Cincinnati,
7176.0 3336.0 212.0 80.0 one
7504.0 3336.0 336.0 80.0 count

6124.0 3448.0 296.0 96.0 each
6500.0 3464.0 132.0 80.0 on
6724.0 3444.0 240.0 100.0 last
7048.0 3448.0 380.0 96.0 March
7524.0 3448.0 116.0 100.0 29
7720.0 3452.0 116.0 96.0 of

6124.0 3576.0 780.0 120.0 transporting
7024.0 3576.0 108.0 100.0 ln
7252.0 3580.0 580.0 100.0 interstate

6120.0 3724.0 624.0 84.0 commerce
6832.0 3708.0 292.0 100.0 from
7200.0 3708.0 632.0 100.0 Cincinnati

6124.0 3840.0 124.0 96.0 to
6404.0 3840.0 264.0 96.0 San
6836.0 3840.0 588.0 100.0 Francisco
7516.0 3864.0 60.0 80.0 a
7660.0 3844.0 172.0 112.0 $20

6124.0 3968.0 392.0 116.0 forged
6588.0 3968.0 396.0 100.0 check.

6100.0 4144.0 60.0 92.0 P
6228.0 4124.0 292.0 100.0 Elzie
6648.0 4124.0 512.0 112.0 Rhoden,
7300.0 4124.0 520.0 104.0 Scioto

6100.0 4256.0 476.0 116.0 County,
6676.0 4256.0 192.0 100.0 for
6976.0 4260.0 628.0 116.0 possession
7704.0 4264.0 116.0 96.0 of

6104.0 4404.0 284.0 84.0 over
6456.0 4384.0 200.0 104.0 five
6736.0 4388.0 444.0 116.0 gallons
7248.0 4392.0 124.0 96.0 of
7452.0 4412.0 328.0 80.0 moon-

6108.0 4516.0 344.0 100.0 shine
6516.0 4516.0 208.0 100.0 last
6796.0 4520.0 436.0 116.0 August
7304.0 4520.0 148.0 100.0 13.

6100.0 4652.0 60.0 108.0 t
6228.0 4648.0 404.0 100.0 Merrill
6792.0 4652.0 484.0 116.0 Crayton
7432.0 4652.0 384.0 108.0 Farris,

6084.0 4776.0 580.0 104.0 Lawrence
6820.0 4784.0 628.0 112.0 County,
7596.0 4788.0 204.0 96.0 two

6080.0 4912.0 416.0 96.0 counts
6572.0 4928.0 144.0 80.0 on
6820.0 4912.0 228.0 100.0 last
7132.0 4916.0 436.0 112.0 August
7652.0 4920.0 144.0 104.0 29,

6084.0 5060.0 228.0 80.0 one
6424.0 5044.0 108.0 96.0 of
6636.0 5040.0 640.0 120.0 possessing
7396.0 5064.0 72.0 76.0 a
7576.0 5044.0 216.0 100.0 still

6084.0 5172.0 236.0 96.0 and
6408.0 5180.0 608.0 112.0 apparatus
7092.0 5172.0 212.0 100.0 and
7388.0 5192.0 216.0 80.0 one
7680.0 5176.0 116.0 96.0 of
7864.0 5172.0 8.0 36.0 '

6080.0 5300.0 464.0 120.0 making
6612.0 5320.0 236.0 80.0 ana
6932.0 5304.0 684.0 116.0 fermenting
7684.0 5308.0 108.0 92.0 90

6084.0 5436.0 436.0 112.0 gallons
6576.0 5432.0 108.0 96.0 of
6756.0 5436.0 368.0 92.0 mash.

6076.0 5608.0 56.0 64.0 r
6200.0 5568.0 420.0 108.0 George
6720.0 5568.0 160.0 92.0 W.
6988.0 5564.0 228.0 116.0 Pye,
7308.0 5564.0 156.0 108.0 26,
7560.0 5568.0 232.0 96.0 2818

6084.0 5696.0 468.0 96.0 Melrose
6612.0 5696.0 312.0 108.0 Ave.,
6988.0 5712.0 64.0 80.0 a
7112.0 5696.0 256.0 96.0 Post
7436.0 5696.0 356.0 100.0 Office

6084.0 5828.0 444.0 100.0 carrier,
6632.0 5824.0 184.0 96.0 for
6932.0 5824.0 648.0 120.0 converting
7684.0 5828.0 108.0 96.0 to

6084.0 5952.0 184.0 100.0 his
6320.0 5972.0 228.0 80.0 own
6592.0 5968.0 204.0 80.0 use
6848.0 5956.0 188.0 100.0 $44
7080.0 5952.0 356.0 100.0 which
7480.0 5976.0 308.0 76.0 came

6088.0 6084.0 248.0 100.0 into
6384.0 6084.0 160.0 100.0 his
6588.0 6084.0 388.0 100.0 hands
7020.0 6084.0 348.0 100.0 under
7412.0 6104.0 336.0 80.0 execu-

6080.0 6216.0 252.0 96.0 tion
6404.0 6216.0 108.0 96.0 of
6572.0 6216.0 168.0 96.0 his
6820.0 6216.0 792.0 116.0 employment.

6080.0 7352.0 336.0 96.0 years
6464.0 7332.0 196.0 112.0 old,
6712.0 7328.0 132.0 104.0 ln
6892.0 7332.0 308.0 100.0 Alms
7248.0 7332.0 288.0 100.0 Park
7592.0 7336.0 148.0 96.0 No-

6084.0 7468.0 452.0 96.0 vember
6684.0 7464.0 156.0 108.0 12,
7004.0 7464.0 256.0 96.0 1955.
7484.0 7460.0 296.0 104.0 Lima

6080.0 7592.0 784.0 120.0 psychiatrists
6932.0 7596.0 232.0 96.0 said
7228.0 7592.0 180.0 100.0 his
7480.0 7612.0 252.0 80.0 men-

6072.0 7724.0 164.0 96.0 tal
6300.0 7728.0 348.0 96.0 status
6704.0 7740.0 244.0 80.0 was
7000.0 7724.0 268.0 96.0 such
7328.0 7724.0 260.0 96.0 that
7640.0 7724.0 132.0 96.0 he

6072.0 7848.0 344.0 96.0 could
6492.0 7848.0 184.0 96.0 not
6756.0 7848.0 148.0 92.0 be
6980.0 7848.0 268.0 96.0 tried
7336.0 7848.0 124.0 96.0 at
7536.0 7848.0 240.0 96.0 that

6076.0 7972.0 312.0 96.0 time.
6516.0 7972.0 112.0 96.0 In
6704.0 7976.0 440.0 108.0 August
7212.0 7992.0 60.0 76.0 a
7348.0 7972.0 436.0 100.0 further

6068.0 8096.0 772.0 100.0 examination
6892.0 8100.0 436.0 96.0 showed
7376.0 8104.0 240.0 92.0 him
7660.0 8108.0 108.0 88.0 to

6068.0 8228.0 136.0 92.0 be
6268.0 8224.0 696.0 112.0 sufficiently
7020.0 8224.0 580.0 96.0 recovered
7660.0 8224.0 108.0 96.0 to

6068.0 8344.0 340.0 96.0 know
6520.0 8352.0 176.0 88.0 the
6824.0 8348.0 400.0 96.0 nature
7340.0 8348.0 128.0 96.0 of
7584.0 8348.0 184.0 100.0 the

6064.0 8472.0 420.0 112.0 charge
6548.0 8468.0 452.0 112.0 against
7060.0 8472.0 228.0 96.0 him
7360.0 8472.0 232.0 96.0 and
7656.0 8476.0 112.0 88.0 to

6064.0 8596.0 352.0 96.0 stand
6460.0 8596.0 268.0 92.0 trial.

6192.0 8716.0 384.0 96.0 Calvin
6628.0 8720.0 148.0 88.0 W.
6832.0 8720.0 348.0 104.0 Prem,
7228.0 8720.0 536.0 92.0 assistant

6060.0 8844.0 424.0 108.0 county
6560.0 8844.0 676.0 112.0 prosecutor,
7316.0 8840.0 252.0 100.0 said
7652.0 8844.0 112.0 92.0 at

6060.0 8964.0 200.0 96.0 the
6376.0 8964.0 248.0 96.0 time
6724.0 8964.0 136.0 96.0 of
6968.0 8964.0 184.0 96.0 the
7264.0 8968.0 248.0 92.0 1955
7608.0 8964.0 112.0 100.0 of-

6060.0 9084.0 388.0 100.0 fenses
6520.0 9088.0 580.0 116.0 Campbell
7176.0 9084.0 228.0 96.0 had
7492.0 9088.0 268.0 96.0 been

6056.0 9228.0 152.0 76.0 on
6292.0 9208.0 360.0 120.0 parole
6720.0 9208.0 280.0 112.0 only
7076.0 9208.0 108.0 96.0 15
7252.0 9208.0 312.0 116.0 days.
7636.0 9212.0 124.0 92.0 In

6064.0 9332.0 248.0 96.0 1951
6400.0 9332.0 132.0 96.0 he
6608.0 9348.0 236.0 80.0 was
6932.0 9332.0 608.0 96.0 sentenced
7620.0 9352.0 140.0 80.0 on

6056.0 9472.0 152.0 76.0 an
6396.0 9472.0 64.0 80.0 o
6492.0 9456.0 64.0 96.0 b
6584.0 9472.0 116.0 76.0 sc
6736.0 9472.0 72.0 76.0 e
6848.0 9472.0 80.0 80.0 n
6968.0 9476.0 60.0 76.0 e
7192.0 9452.0 568.0 100.0 literature

6056.0 9576.0 452.0 116.0 charge,
6552.0 9576.0 468.0 116.0 paroled
7068.0 9576.0 112.0 100.0 ln
7240.0 9580.0 276.0 108.0 1952,
7572.0 9576.0 192.0 100.0 but

6056.0 9704.0 272.0 92.0 sent
6404.0 9700.0 256.0 96.0 back
6740.0 9720.0 144.0 76.0 as
6956.0 9720.0 68.0 76.0 a
7096.0 9700.0 380.0 116.0 parole
7560.0 9700.0 164.0 96.0 vio-

6064.0 9820.0 300.0 100.0 lator
6424.0 9824.0 468.0 96.0 because
6952.0 9824.0 116.0 96.0 of
7124.0 9840.0 60.0 80.0 a
7248.0 9820.0 468.0 100.0 molesta-

6060.0 9944.0 244.0 96.0 tion
6456.0 9948.0 440.0 108.0 charge,
7044.0 9944.0 212.0 96.0 and
7416.0 9944.0 304.0 96.0 incar-

6048.0 10068.0 452.0 100.0 cerated
6608.0 10068.0 300.0 96.0 until
7028.0 10068.0 472.0 96.0 October
7612.0 10072.0 140.0 100.0 27.

6068.0 10192.0 276.0 96.0 1955.

6160.0 10784.0 1436.0 268.0 Continued

6136.0 11176.0 332.0 96.0 Allen
6520.0 11180.0 400.0 92.0 Brown
6980.0 11172.0 212.0 100.0 and
7244.0 11176.0 304.0 96.0 John
7604.0 11172.0 108.0 100.0 A.

6048.0 11332.0 348.0 116.0 Lloyd
6460.0 11332.0 164.0 108.0 Jr.,
6696.0 11332.0 396.0 116.0 King's
7160.0 11336.0 600.0 108.0 attorneys,

6052.0 11488.0 356.0 100.0 asked
6476.0 11488.0 156.0 96.0 for
6704.0 11488.0 212.0 96.0 the
6984.0 11484.0 772.0 112.0 continuance,

6052.0 11648.0 400.0 112.0 saying
6492.0 11644.0 236.0 96.0 that
6776.0 11648.0 208.0 92.0 Mr.
7024.0 11640.0 328.0 120.0 Lloyd
7400.0 11640.0 352.0 100.0 would

6052.0 11804.0 136.0 96.0 be
6260.0 11804.0 204.0 96.0 out
6524.0 11800.0 108.0 96.0 of
6700.0 11800.0 312.0 96.0 town
7084.0 11796.0 188.0 100.0 the
7344.0 11800.0 236.0 96.0 rest
7644.0 11796.0 116.0 100.0 of

6048.0 11956.0 240.0 104.0 this
6356.0 11956.0 280.0 96.0 week
6704.0 11952.0 248.0 100.0 and
7012.0 11956.0 244.0 96.0 that
7320.0 11952.0 204.0 96.0 the
7584.0 11968.0 132.0 76.0 ex-

6048.0 12092.0 260.0 112.0 pert
6396.0 12088.0 572.0 96.0 witnesses
7048.0 12084.0 168.0 96.0 for
7296.0 12084.0 204.0 96.0 the
7588.0 12080.0 132.0 96.0 de-

6056.0 12220.0 328.0 92.0 fense
6488.0 12232.0 272.0 80.0 were
6888.0 12216.0 192.0 92.0 not
7188.0 12212.0 568.0 96.0 available.

6048.0 12348.0 372.0 108.0 Judge
6520.0 12344.0 608.0 96.0 Gusweiler
7224.0 12340.0 240.0 96.0 told
7572.0 12344.0 184.0 96.0 the

6064.0 12480.0 564.0 108.0 attorneys
6752.0 12476.0 124.0 92.0 to
7000.0 12492.0 312.0 92.0 agree
7432.0 12488.0 148.0 80.0 on
7696.0 12488.0 60.0 76.0 a

6052.0 12608.0 260.0 96.0 trial
6392.0 12604.0 236.0 96.0 date
6696.0 12604.0 292.0 92.0 next
7056.0 12600.0 320.0 96.0 week.

6172.0 12736.0 356.0 96.0 There
6584.0 12732.0 84.0 96.0 is
6736.0 12752.0 68.0 76.0 a
6876.0 12748.0 236.0 76.0 new
7168.0 12732.0 416.0 108.0 charge
7640.0 12724.0 112.0 96.0 of

6044.0 12864.0 628.0 116.0 possessing
6844.0 12860.0 460.0 96.0 obscene
7472.0 12856.0 240.0 96.0 liter-

6048.0 12996.0 328.0 96.0 ature
6460.0 13008.0 224.0 84.0 now
6788.0 12992.0 516.0 112.0 awaiting
7400.0 12984.0 348.0 116.0 grand

6040.0 13120.0 264.0 116.0 Jury
6368.0 13124.0 344.0 96.0 action
6792.0 13140.0 128.0 80.0 as
6988.0 13124.0 176.0 92.0 the
7228.0 13120.0 356.0 96.0 result
7632.0 13116.0 116.0 96.0 of

6044.0 13272.0 60.0 76.0 a
6172.0 13260.0 380.0 88.0 recent
6608.0 13252.0 252.0 96.0 raid
6928.0 13272.0 136.0 76.0 on
7132.0 13252.0 168.0 96.0 his
7364.0 13252.0 320.0 92.0 store.

6236.0 17280.0 184.0 64.0 J3r,-
6488.0 17308.0 68.0 36.0 in
6572.0 17292.0 140.0 52.0 Wire.

6952.0 17224.0 200.0 56.0 itrih
7584.0 17232.0 20.0 12.0 -
7704.0 17236.0 16.0 40.0 ;
7776.0 17224.0 88.0 56.0 iff
8424.0 17224.0 112.0 56.0 SP
8840.0 17224.0 188.0 48.0 .-.,;
9732.0 17224.0 128.0 56.0 .V'-
10396.0 17232.0 16.0 20.0 '

8016.0 2804.0 736.0 168.0 Married
8816.0 2804.0 256.0 164.0 No
9136.0 2804.0 476.0 164.0 More

8136.0 3064.0 220.0 96.0 The
8444.0 3064.0 424.0 112.0 50-year
8948.0 3060.0 556.0 116.0 marriage
9584.0 3060.0 128.0 96.0 of

8016.0 3216.0 408.0 100.0 Amelia
8572.0 3216.0 524.0 112.0 Duwel,
9240.0 3216.0 148.0 112.0 76,
9520.0 3216.0 184.0 100.0 818

8016.0 3376.0 368.0 100.0 Grand
8444.0 3380.0 288.0 108.0 Ave.,
8784.0 3376.0 224.0 96.0 and
9064.0 3372.0 636.0 100.0 Ferdinand

8012.0 3532.0 120.0 96.0 H.
8192.0 3532.0 404.0 112.0 Duwel,
8652.0 3532.0 148.0 112.0 81,
8852.0 3532.0 476.0 116.0 Dayton,
9380.0 3528.0 320.0 108.0 Ohio,

8008.0 3712.0 304.0 80.0 came
8392.0 3692.0 120.0 96.0 to
8592.0 3708.0 144.0 84.0 an
8816.0 3688.0 216.0 96.0 end
9116.0 3688.0 584.0 116.0 yesterday

8008.0 3852.0 312.0 96.0 when
8400.0 3848.0 364.0 116.0 Judge
8840.0 3840.0 260.0 116.0 Carl
9188.0 3844.0 148.0 100.0 W.
9420.0 3840.0 276.0 100.0 Rich

8000.0 4004.0 116.0 100.0 in
8156.0 4000.0 552.0 104.0 Domestic
8752.0 3980.0 568.0 128.0 Relations
9360.0 4000.0 344.0 100.0 Court

8004.0 4180.0 264.0 100.0 gave
8336.0 4160.0 260.0 104.0 Mrs.
8668.0 4156.0 372.0 104.0 Duwel
9112.0 4172.0 72.0 80.0 a
9256.0 4152.0 436.0 104.0 divorce

8000.0 4320.0 376.0 100.0 decree
8460.0 4316.0 180.0 100.0 for
8720.0 4312.0 384.0 104.0 willful
9192.0 4312.0 496.0 100.0 absence.

8008.0 4476.0 212.0 96.0 She
8268.0 4472.0 244.0 104.0 said
8560.0 4472.0 192.0 100.0 Mr.
8804.0 4464.0 380.0 104.0 Duwel
9240.0 4464.0 200.0 104.0 left
9488.0 4468.0 204.0 100.0 her

8004.0 4632.0 120.0 96.0 30
8176.0 4648.0 312.0 100.0 years
8548.0 4648.0 232.0 92.0 ago.

7608.0 24120.0 456.0 172.0 'Jf
8116.0 24140.0 80.0 60.0 '
8336.0 24144.0 596.0 140.0 JACKET
9036.0 24140.0 204.0 140.0 AT
9332.0 24136.0 636.0 148.0 JENNY'S
10068.0 24136.0 552.0 144.0 TODAY

9876.0 712.0 620.0 128.0 Thursday,
10552.0 716.0 264.0 96.0 Not.
10872.0 716.0 92.0 112.0 I,
11020.0 720.0 232.0 100.0 lttl

9884.0 980.0 880.0 204.0 Teacher
10868.0 984.0 728.0 244.0 Speeds

9924.0 1336.0 776.0 328.0 Nine
10792.0 1336.0 1216.0 336.0 Drivers
12108.0 1348.0 592.0 340.0 Get
12808.0 1364.0 568.0 332.0 Jail

9996.0 1856.0 288.0 100.0 Nine
10340.0 1852.0 604.0 112.0 motorists,
11004.0 1848.0 572.0 124.0 including

9996.0 1988.0 280.0 108.0 high
10328.0 1984.0 380.0 100.0 school
10772.0 1984.0 444.0 100.0 teacher
11272.0 1988.0 292.0 100.0 from

9872.0 2116.0 748.0 108.0 Middletown,
10736.0 2132.0 280.0 88.0 were
11124.0 2112.0 440.0 120.0 given

9868.0 2248.0 680.0 96.0 Workhouse
10596.0 2248.0 352.0 96.0 terms
10996.0 2244.0 572.0 116.0 yesterday

9860.0 2380.0 332.0 96.0 when
10268.0 2376.0 584.0 96.0 convicted
10936.0 2376.0 116.0 96.0 ln
11124.0 2376.0 396.0 96.0 Cincin-

9868.0 2504.0 248.0 100.0 nati
10164.0 2508.0 420.0 96.0 Traffic
10632.0 2508.0 344.0 96.0 Court
11024.0 2504.0 132.0 120.0 by
11200.0 2508.0 364.0 116.0 Judge

9868.0 2636.0 392.0 100.0 Daniel
10304.0 2640.0 112.0 96.0 C.
10456.0 2636.0 536.0 116.0 Handiey.

9988.0 2792.0 276.0 100.0 Paul
10328.0 2784.0 876.0 108.0 Oronefeld.
11272.0 2788.0 160.0 112.0 23,
11496.0 2808.0 64.0 80.0 a

9864.0 2920.0 460.0 100.0 teacher
10400.0 2924.0 120.0 96.0 at
10604.0 2920.0 496.0 100.0 Fenwick
11180.0 2920.0 380.0 116.0 High

9864.0 3052.0 436.0 108.0 School,
10408.0 3072.0 228.0 76.0 was
10740.0 3048.0 596.0 100.0 sentenced
11448.0 3056.0 116.0 96.0 to

9872.0 3184.0 112.0 96.0 10
10048.0 3184.0 304.0 112.0 days,
10416.0 3180.0 312.0 100.0 fined
10792.0 3180.0 184.0 100.0 $25
11036.0 3180.0 216.0 100.0 and
11324.0 3200.0 200.0 80.0 sus-

9864.0 3312.0 440.0 116.0 pended
10360.0 3312.0 296.0 100.0 from
10720.0 3312.0 420.0 112.0 driving
11200.0 3312.0 180.0 96.0 for
11436.0 3316.0 120.0 92.0 90

9860.0 3444.0 280.0 116.0 days
10244.0 3444.0 412.0 96.0 when
10760.0 3444.0 572.0 96.0 convicted
11444.0 3444.0 116.0 96.0 of

9864.0 3572.0 436.0 120.0 driving
10352.0 3576.0 116.0 100.0 91
10532.0 3588.0 256.0 100.0 mpr
10864.0 3592.0 148.0 80.0 on
11068.0 3572.0 184.0 100.0 the
11320.0 3572.0 232.0 100.0 Mill

9856.0 3704.0 356.0 104.0 Creek
10292.0 3708.0 732.0 112.0 Expressway.
11152.0 3768.0 24.0 16.0 -

9984.0 3836.0 352.0 100.0 Other
10384.0 3836.0 520.0 116.0 speeders
10952.0 3832.0 600.0 100.0 sentenced

9856.0 3984.0 288.0 80.0 were
10200.0 3968.0 304.0 96.0 Gene
10556.0 3968.0 788.0 112.0 Montgomery,
11400.0 3968.0 148.0 104.0 32,

9856.0 4100.0 184.0 92.0 292
10124.0 4096.0 344.0 96.0 Helen
10552.0 4096.0 188.0 112.0 St.,
10820.0 4092.0 220.0 100.0 and
11124.0 4096.0 424.0 100.0 Drrell

9856.0 4228.0 748.0 104.0 Whltehouse.
10740.0 4224.0 140.0 112.0 19,
11008.0 4224.0 536.0 100.0 Mason.

9856.0 4360.0 300.0 96.0 Each
10240.0 4356.0 488.0 100.0 received
10812.0 4356.0 216.0 100.0 five
11100.0 4356.0 304.0 112.0 days,
11484.0 4376.0 60.0 76.0 a

9856.0 4484.0 184.0 108.0 $25
10112.0 4488.0 228.0 96.0 fine
10408.0 4488.0 224.0 100.0 and
10700.0 4508.0 64.0 76.0 a
10832.0 4484.0 368.0 120.0 90-day
11264.0 4484.0 240.0 100.0 driv-

9856.0 4616.0 188.0 116.0 ing
10116.0 4616.0 688.0 116.0 suspension.

11308.0 5316.0 124.0 128.0 A
11524.0 5312.0 356.0 136.0 NEW

9208.0 5592.0 1760.0 336.0 SPECIAL

11260.0 6172.0 216.0 136.0 OF
11568.0 6172.0 360.0 136.0 NEW

8872.0 6504.0 2184.0 312.0 COL0R.TU1
11560.0 6488.0 1048.0 304.0 TfUL
13208.0 6488.0 1088.0 320.0 SUITS

10752.0 7424.0 888.0 488.0 58

10768.0 8072.0 412.0 172.0 usually
11276.0 8080.0 356.0 132.0 70.00
11716.0 8088.0 136.0 120.0 to
11968.0 8076.0 416.0 136.0 100.00

9124.0 8776.0 216.0 136.0 For
9424.0 8824.0 236.0 120.0 you
9752.0 8760.0 268.0 148.0 who
10124.0 8760.0 428.0 148.0 missed
10652.0 8764.0 320.0 136.0 them
11068.0 8756.0 472.0 148.0 before!
11628.0 8760.0 436.0 140.0 We've
12168.0 8756.0 424.0 144.0 rushed
12688.0 8768.0 100.0 124.0 in
12880.0 8752.0 504.0 144.0 another
13468.0 8752.0 584.0 172.0 shipment

9116.0 9120.0 144.0 140.0 of
9348.0 9120.0 384.0 140.0 brand
9820.0 9168.0 260.0 88.0 new
10172.0 9108.0 452.0 144.0 fashion
10716.0 9124.0 308.0 140.0 suits,
11116.0 9112.0 548.0 172.0 specially
11748.0 9112.0 424.0 172.0 priced
12260.0 9128.0 128.0 120.0 at
12472.0 9112.0 228.0 164.0 just
12788.0 9116.0 188.0 128.0 58.
13068.0 9224.0 28.0 36.0 ,
13188.0 9216.0 28.0 32.0 .
13304.0 9224.0 24.0 32.0 ,
13408.0 9120.0 632.0 156.0 two-piece

9116.0 9468.0 240.0 140.0 and
9436.0 9468.0 756.0 176.0 three-piece
10272.0 9460.0 348.0 176.0 styles
10704.0 9472.0 100.0 124.0 in
10888.0 9460.0 648.0 148.0 handsome
11608.0 9456.0 352.0 144.0 wools
12044.0 9572.0 28.0 32.0 .
12152.0 9572.0 32.0 40.0 .
12264.0 9564.0 28.0 32.0 .
12360.0 9456.0 500.0 160.0 tweeds,
12944.0 9456.0 352.0 140.0 solids
13368.0 9456.0 228.0 140.0 and
13676.0 9456.0 368.0 164.0 plaids

9116.0 9920.0 36.0 40.0 .
9216.0 9920.0 36.0 36.0 .
9320.0 9924.0 24.0 32.0 .
9408.0 9816.0 340.0 172.0 you'll
9812.0 9816.0 268.0 140.0 love
10148.0 9808.0 196.0 144.0 the
10412.0 9864.0 252.0 84.0 new
10724.0 9864.0 288.0 116.0 easy
11072.0 9812.0 676.0 140.0 silhouettes
11812.0 9916.0 224.0 40.0 ...
12104.0 9800.0 200.0 148.0 the
12372.0 9856.0 260.0 84.0 new
12692.0 9800.0 456.0 144.0 fashion
13216.0 9804.0 556.0 152.0 features,
13848.0 9804.0 188.0 136.0 like

9116.0 10164.0 496.0 168.0 pleated
9716.0 10160.0 356.0 152.0 skirts,
10184.0 10156.0 376.0 144.0 flared
10664.0 10160.0 352.0 152.0 skirts,
11116.0 10152.0 768.0 184.0 hip-hugging
11984.0 10148.0 480.0 180.0 jackets,
12572.0 10156.0 572.0 172.0 cardigan
13240.0 10148.0 432.0 168.0 jackets
13776.0 10256.0 28.0 32.0 .
13896.0 10260.0 28.0 36.0 .
14012.0 10256.0 32.0 44.0 .

9112.0 10520.0 408.0 124.0 winter
9588.0 10512.0 740.0 168.0 strawberry,
10404.0 10504.0 296.0 176.0 holly
10764.0 10560.0 396.0 120.0 green,
11232.0 10504.0 440.0 172.0 golden
11744.0 10504.0 440.0 156.0 brown,
12252.0 10504.0 560.0 140.0 audubon
12880.0 10504.0 304.0 148.0 blue,
13260.0 10504.0 380.0 176.0 beige,
13716.0 10552.0 320.0 128.0 grey,

9108.0 10908.0 340.0 120.0 navy,
9504.0 10864.0 104.0 128.0 in
9664.0 10860.0 204.0 136.0 the
9916.0 10908.0 392.0 124.0 group
10356.0 10968.0 24.0 32.0 .
10436.0 10968.0 24.0 28.0 .
10516.0 10960.0 28.0 32.0 .
10596.0 10864.0 276.0 132.0 sizes
10928.0 10868.0 64.0 124.0 8
11036.0 10876.0 132.0 120.0 to
11240.0 10864.0 376.0 132.0 16...

9300.0 11464.0 240.0 148.0 2nd
9636.0 11464.0 308.0 144.0 floor
10032.0 11456.0 632.0 148.0 exclusives

9936.0 17964.0 256.0 108.0 Wee

9816.0 18360.0 104.0 152.0 r

11796.0 724.0 324.0 100.0 THE
12248.0 728.0 1040.0 124.0 CINCINNATI
13412.0 748.0 876.0 120.0 ENQUIRES

11704.0 992.0 272.0 200.0 At
12088.0 996.0 204.0 200.0 91
12416.0 1004.0 572.0 208.0 MPH

11844.0 1864.0 276.0 104.0 Jack
12228.0 1868.0 540.0 112.0 SUdham.
12868.0 1880.0 152.0 104.0 28,
13132.0 1884.0 288.0 96.0 10099

11724.0 2000.0 408.0 116.0 Wayne
12196.0 2004.0 188.0 108.0 St.;
12460.0 2004.0 368.0 100.0 Eawin
12896.0 2012.0 520.0 112.0 Steward,

11724.0 2128.0 148.0 104.0 33.
12004.0 2132.0 664.0 100.0 Wentworth
12788.0 2140.0 288.0 108.0 Ave.,
13196.0 2148.0 220.0 96.0 and

11720.0 2260.0 384.0 100.0 Stuart
12148.0 2260.0 444.0 100.0 Harden
12668.0 2264.0 144.0 108.0 27,
12852.0 2272.0 248.0 92.0 4739
13144.0 2276.0 268.0 96.0 Blue

11716.0 2388.0 300.0 100.0 Rock
12120.0 2388.0 228.0 108.0 Rd..
12440.0 2392.0 376.0 100.0 each
12916.0 2404.0 492.0 96.0 received

11716.0 2520.0 320.0 96.0 three
12104.0 2520.0 300.0 116.0 days,
12480.0 2548.0 64.0 72.0 ai
12624.0 2528.0 180.0 104.0 $25
12872.0 2528.0 240.0 100.0 fine
13188.0 2536.0 220.0 96.0 and

11712.0 2668.0 64.0 76.0 a
11900.0 2648.0 380.0 120.0 90-day
12396.0 2652.0 432.0 116.0 driving
12948.0 2676.0 416.0 100.0 suspen-

11712.0 2780.0 272.0 96.0 sion.
11836.0 2964.0 172.0 96.0 All
12096.0 2968.0 196.0 96.0 the
12380.0 2968.0 532.0 116.0 speeding
12996.0 2980.0 412.0 92.0 arrests

11704.0 3100.0 528.0 92.0 occurred
12296.0 3120.0 140.0 76.0 on
12508.0 3100.0 192.0 96.0 the
12764.0 3104.0 224.0 92.0 Mill
13056.0 3108.0 340.0 96.0 Creek

11724.0 3228.0 980.0 120.0 Expressway
12800.0 3236.0 224.0 92.0 and
13132.0 3236.0 284.0 96.0 their

11708.0 3360.0 396.0 108.0 speeds
12156.0 3364.0 416.0 112.0 ranged
12624.0 3364.0 284.0 96.0 from
12960.0 3364.0 116.0 96.0 74
13136.0 3372.0 264.0 108.0 mph

11708.0 3492.0 112.0 92.0 to
11884.0 3492.0 120.0 92.0 W
12068.0 3492.0 296.0 116.0 mph.

11824.0 3676.0 396.0 96.0 Ernest
12276.0 3676.0 380.0 96.0 Harris
12708.0 3676.0 176.0 108.0 Jr.,
12940.0 3684.0 156.0 100.0 23.
13164.0 3684.0 220.0 96.0 1121

11700.0 3804.0 628.0 116.0 Broadway,
12448.0 3824.0 216.0 80.0 wat
12788.0 3812.0 600.0 100.0 sentenced

11704.0 3936.0 112.0 100.0 to
11868.0 3940.0 316.0 96.0 three
12228.0 3940.0 272.0 116.0 days
12580.0 3940.0 304.0 96.0 fined
12932.0 3944.0 184.0 100.0 $25
13172.0 3944.0 216.0 96.0 and

11700.0 4068.0 628.0 116.0 suspended
12384.0 4072.0 288.0 96.0 from
12732.0 4072.0 432.0 116.0 driving
13228.0 4076.0 164.0 96.0 for

11700.0 4200.0 116.0 96.0 30
11888.0 4200.0 272.0 112.0 days
12236.0 4200.0 312.0 96.0 when
12628.0 4200.0 572.0 100.0 convicted
13276.0 4204.0 112.0 96.0 of

11696.0 4328.0 432.0 120.0 driving
12228.0 4332.0 460.0 100.0 without
12784.0 4352.0 64.0 84.0 a
12944.0 4332.0 436.0 100.0 license.

11816.0 4484.0 468.0 100.0 Chester
12328.0 4488.0 420.0 116.0 Coffey,
12800.0 4488.0 148.0 104.0 37.
13008.0 4488.0 180.0 96.0 105
13248.0 4492.0 136.0 92.0 W.

11696.0 4616.0 340.0 96.0 Ninth
12092.0 4620.0 184.0 104.0 St.,
12332.0 4636.0 220.0 76.0 was
12612.0 4620.0 604.0 96.0 sentenced
13276.0 4624.0 108.0 92.0 to

11968.0 5592.0 1960.0 328.0 USX-ttASt

11836.0 7440.0 144.0 148.0 o
12064.0 7444.0 148.0 140.0 o

13020.0 13928.0 316.0 96.0 STOfU
13404.0 13964.0 32.0 48.0 r

11956.0 18040.0 488.0 232.0 FU
13352.0 18040.0 408.0 236.0 OF

11620.0 18636.0 252.0 232.0 "D
11996.0 18648.0 44.0 208.0 I
12156.0 18624.0 1388.0 236.0 STINCT
13676.0 18652.0 40.0 200.0 l
13840.0 18624.0 476.0 232.0 ON

11756.0 19384.0 412.0 140.0 Eiegant
12252.0 19388.0 440.0 104.0 Autumn
12788.0 19380.0 284.0 112.0 Haze
13228.0 19376.0 228.0 108.0 mini
13552.0 19464.0 28.0 28.0 .
13664.0 19460.0 36.0 32.0 .
13784.0 19464.0 28.0 28.0 .
13892.0 19416.0 56.0 68.0 a
14028.0 19376.0 140.0 108.0 lux-

11752.0 19620.0 328.0 104.0 urious
12156.0 19616.0 320.0 112.0 iadet
12552.0 19612.0 224.0 104.0 wiih
12848.0 19648.0 224.0 72.0 new
13148.0 19612.0 320.0 108.0 belled
13540.0 19604.0 376.0 116.0 sleeves
14084.0 19692.0 24.0 20.0 .
14180.0 19688.0 28.0 28.0 .

11748.0 19844.0 336.0 108.0 belled
12172.0 19848.0 300.0 104.0 collar
12568.0 19928.0 20.0 16.0 .
12676.0 19924.0 24.0 24.0 .
12784.0 19924.0 28.0 24.0 .
12892.0 19844.0 500.0 132.0 designed
13468.0 19840.0 160.0 104.0 for
13716.0 19872.0 188.0 100.0 you
13984.0 19832.0 228.0 104.0 with

11756.0 20076.0 396.0 132.0 Jenney
12256.0 20072.0 532.0 112.0 know-how
12896.0 20160.0 28.0 24.0 .
13028.0 20156.0 32.0 32.0 .
13144.0 20076.0 380.0 104.0 labeled
13636.0 20068.0 24.0 32.0 '
13704.0 20072.0 496.0 124.0 sincerely,

11756.0 20312.0 396.0 128.0 Jenny"
12244.0 20396.0 20.0 24.0 .
12352.0 20392.0 28.0 32.0 .
12468.0 20344.0 244.0 88.0 your
12780.0 20340.0 536.0 68.0 assurance
13384.0 20300.0 104.0 108.0 of
13556.0 20296.0 384.0 132.0 quality
14000.0 20300.0 200.0 100.0 end

11748.0 20540.0 472.0 132.0 integrity
12296.0 20620.0 20.0 20.0 .
12396.0 20624.0 20.0 20.0 .
12504.0 20620.0 12.0 12.0 .
12596.0 20536.0 192.0 104.0 695

12220.0 20760.0 236.0 108.0 T.M.
12544.0 20760.0 292.0 108.0 Emba

13220.0 20752.0 188.0 120.0 furs

11896.0 21160.0 200.0 116.0 2nd
12172.0 21156.0 252.0 116.0 floor
12500.0 21168.0 484.0 104.0 exclusive

11108.0 24132.0 248.0 144.0 IT'S
11460.0 24132.0 368.0 144.0 EASY
11928.0 24136.0 212.0 140.0 TO
12244.0 24132.0 288.0 140.0 BUY
12628.0 24128.0 240.0 140.0 ON
12972.0 24128.0 336.0 136.0 OUR
13396.0 24120.0 380.0 140.0 J.E.T.
13948.0 24116.0 860.0 152.0 ACCOUNT.

13492.0 1364.0 1068.0 352.0 Terms

13576.0 1892.0 324.0 100.0 three
13984.0 1892.0 296.0 120.0 days,
14376.0 1904.0 296.0 100.0 fined
14760.0 1908.0 192.0 108.0 $50
15040.0 1908.0 220.0 108.0 antl

13572.0 2028.0 628.0 108.0 suspended
14264.0 2028.0 284.0 100.0 from
14604.0 2040.0 432.0 116.0 driving
15092.0 2044.0 168.0 100.0 for

13572.0 2168.0 228.0 80.0 one
13864.0 2172.0 240.0 84.0 year
14196.0 2156.0 164.0 96.0 He
14416.0 2180.0 216.0 80.0 was
14684.0 2168.0 576.0 112.0 convicted

13568.0 2280.0 120.0 92.0 of
13760.0 2280.0 420.0 116.0 driving
14252.0 2288.0 316.0 96.0 when
14644.0 2300.0 360.0 100.0 under
15064.0 2304.0 192.0 100.0 the

13572.0 2404.0 560.0 108.0 Influence
14192.0 2416.0 124.0 96.0 of
14380.0 2424.0 452.0 100.0 aicohoL
15084.0 2428.0 36.0 116.0 ;

13544.0 2640.0 16.0 24.0 .
13696.0 2564.0 472.0 96.0 Jackson
14228.0 2572.0 592.0 108.0 Mruaniel,
14872.0 2576.0 152.0 112.0 34,
15072.0 2576.0 180.0 100.0 $43

13568.0 2688.0 616.0 104.0 Richmond
14280.0 2700.0 188.0 104.0 St..
14560.0 2708.0 488.0 100.0 received
15144.0 2708.0 112.0 100.0 10

13564.0 2820.0 312.0 112.0 days,
13944.0 2840.0 56.0 80.0 s
14068.0 2828.0 184.0 96.0 $25
14324.0 2828.0 228.0 96.0 fine
14616.0 2836.0 220.0 92.0 and
14912.0 2856.0 68.0 80.0 a
15048.0 2836.0 164.0 100.0 six-

13560.0 2952.0 400.0 96.0 month
14044.0 2952.0 432.0 120.0 driving
14560.0 2968.0 688.0 108.0 suspension.

13568.0 3076.0 556.0 100.0 McDanlel
14196.0 3100.0 232.0 84.0 was
14492.0 3092.0 568.0 104.0 convicted
15132.0 3096.0 120.0 100.0 of

13560.0 3204.0 428.0 116.0 driving
14064.0 3208.0 328.0 104.0 when
14476.0 3220.0 476.0 100.0 under
15020.0 3244.0 192.0 80.0 sus-

13564.0 3340.0 488.0 108.0 pension.
15020.0 3344.0 16.0 28.0 '

13560.0 3572.0 596.0 168.0 Closed
14264.0 3580.0 416.0 164.0 Half
14776.0 3588.0 368.0 192.0 Day

13688.0 3840.0 244.0 112.0 City
13988.0 3840.0 232.0 100.0 Hall
14288.0 3844.0 212.0 100.0 will
14560.0 3844.0 124.0 96.0 be
14740.0 3848.0 372.0 100.0 closed
15168.0 3868.0 64.0 88.0 a

13556.0 3964.0 248.0 104.0 half
13848.0 3976.0 196.0 112.0 day
14088.0 3976.0 488.0 96.0 Election
14616.0 3976.0 260.0 116.0 Day,
14912.0 3984.0 280.0 96.0 Tues-

13556.0 4096.0 248.0 116.0 day,
13856.0 4100.0 180.0 100.0 but
14076.0 4104.0 192.0 96.0 the
14312.0 4108.0 352.0 112.0 safety
14708.0 4108.0 260.0 100.0 lane
15012.0 4112.0 216.0 96.0 and

13548.0 4236.0 344.0 92.0 waste
13928.0 4232.0 572.0 100.0 collection
14524.0 4240.0 468.0 100.0 services
15020.0 4244.0 208.0 100.0 will

13552.0 4364.0 448.0 112.0 operate
14096.0 4384.0 124.0 80.0 as
14312.0 4368.0 352.0 108.0 usual,
14756.0 4372.0 464.0 112.0 William

13548.0 4492.0 112.0 96.0 C.
13756.0 4496.0 596.0 112.0 Wichman,
14436.0 4500.0 352.0 116.0 public
14876.0 4508.0 352.0 96.0 works

13548.0 4620.0 496.0 108.0 director,
14116.0 4624.0 244.0 100.0 said
14440.0 4632.0 592.0 116.0 yesterday.
15088.0 4696.0 20.0 32.0 .
15232.0 4696.0 24.0 28.0 .

13480.0 13920.0 304.0 100.0 OURS
13848.0 13924.0 344.0 92.0 TODAY
14276.0 13928.0 464.0 84.0 10:00-5:30

13476.0 20764.0 208.0 116.0 p'us
13760.0 20756.0 204.0 108.0 fed.
14028.0 20764.0 164.0 92.0 fan

14980.0 23180.0 36.0 36.0 T
15216.0 23192.0 8.0 20.0 i

15136.0 5488.0 64.0 368.0 1

14976.0 6512.0 224.0 576.0 1
