15816 25352
1432.0 808.0 984.0 368.0 THE
2736.0 784.0 2376.0 416.0 ENQUIRER

1432.0 1344.0 292.0 116.0 Pags
1780.0 1340.0 60.0 104.0 4

3664.0 1320.0 632.0 124.0 Thursday.
4344.0 1324.0 260.0 104.0 Rt.
4656.0 1320.0 100.0 128.0 t,
4812.0 1320.0 248.0 112.0 MM

5928.0 764.0 740.0 248.0 Looking
6784.0 772.0 268.0 200.0 At
7156.0 752.0 720.0 216.0 Record
10696.0 924.0 148.0 120.0 r
12032.0 916.0 52.0 28.0 -
12232.0 920.0 140.0 28.0 -
12624.0 856.0 44.0 32.0 '

6144.0 1124.0 1084.0 328.0 'Peace
7432.0 1116.0 1020.0 412.0 Corps
8636.0 1108.0 864.0 332.0 More
9688.0 1100.0 1712.0 340.0 Successful
11588.0 1092.0 736.0 340.0 Than
12504.0 1064.0 2104.0 436.0 Anticipated1

836.0 1744.0 660.0 388.0 Yes,
1684.0 1748.0 1236.0 408.0 Virginia
3112.0 1980.0 76.0 80.0 .

728.0 2304.0 52.0 132.0 I
944.0 2252.0 504.0 120.0 THOSE
1536.0 2248.0 352.0 124.0 WHO
1972.0 2248.0 476.0 156.0 profess
2528.0 2248.0 132.0 120.0 to
2732.0 2244.0 152.0 116.0 be
2972.0 2268.0 148.0 88.0 ex-

712.0 2372.0 332.0 244.0 perts
1112.0 2460.0 144.0 116.0 at
1316.0 2452.0 516.0 148.0 divining
1892.0 2452.0 212.0 120.0 the
2172.0 2448.0 388.0 120.0 antics
2624.0 2444.0 136.0 124.0 of
2820.0 2440.0 304.0 124.0 Com-

716.0 2620.0 444.0 172.0 fctoisf
1260.0 2656.0 280.0 120.0 boas
1652.0 2656.0 400.0 120.0 Nikita
2156.0 2652.0 124.0 124.0 S.
2388.0 2640.0 788.0 132.0 Khrushchev

792.0 2860.0 424.0 160.0 jend
1320.0 2856.0 280.0 128.0 that
1704.0 2888.0 352.0 120.0 many
2152.0 2852.0 140.0 124.0 of
2392.0 2856.0 208.0 116.0 the
2704.0 2844.0 468.0 124.0 actions

908.0 3052.0 160.0 132.0 io
1128.0 3060.0 128.0 120.0 in
1312.0 3060.0 672.0 120.0 connection
2048.0 3056.0 296.0 124.0 with
2404.0 3056.0 296.0 120.0 East
2760.0 3048.0 412.0 124.0 Berlin

704.0 3260.0 236.0 132.0 4cJ
1004.0 3264.0 304.0 120.0 Blast
1368.0 3264.0 592.0 144.0 (jerreany
2028.0 3292.0 316.0 84.0 were
2408.0 3248.0 552.0 128.0 intended
3028.0 3256.0 140.0 112.0 to

1188.0 3472.0 120.0 112.0 te
1400.0 3468.0 216.0 112.0 the
1696.0 3464.0 440.0 116.0 United
2240.0 3460.0 408.0 116.0 States
2740.0 3452.0 424.0 120.0 before

940.0 3700.0 292.0 116.0 eyes
1276.0 3660.0 136.0 128.0 of
1456.0 3664.0 216.0 120.0 the
1720.0 3660.0 384.0 120.0 world.

724.0 3924.0 160.0 180.0 jjj
920.0 3928.0 140.0 132.0 If,
1108.0 3956.0 140.0 88.0 as
1296.0 3932.0 312.0 116.0 most
1652.0 3924.0 508.0 148.0 military
2200.0 3956.0 272.0 84.0 men
2520.0 3916.0 368.0 136.0 insist,
2932.0 3912.0 220.0 120.0 the

756.0 4124.0 532.0 124.0 xkion
1380.0 4128.0 140.0 120.0 of
1628.0 4128.0 200.0 120.0 the
1916.0 4124.0 368.0 124.0 latest
2380.0 4128.0 240.0 108.0 two
2716.0 4120.0 440.0 148.0 "super

692.0 4304.0 480.0 200.0 fyirjbe"
1212.0 4328.0 220.0 120.0 had
1476.0 4328.0 284.0 144.0 only
1788.0 4360.0 76.0 88.0 a
1900.0 4320.0 588.0 156.0 "political
2528.0 4316.0 620.0 160.0 purpose,"

676.0 4536.0 584.0 164.0 ijpeema
1348.0 4528.0 736.0 152.0 inescapable
2180.0 4528.0 276.0 116.0 that
2548.0 4520.0 244.0 120.0 this
2888.0 4548.0 260.0 88.0 was

680.0 4724.0 880.0 160.0 $$ushchev's
1616.0 4764.0 260.0 116.0 way
1920.0 4732.0 152.0 120.0 of
2128.0 4724.0 744.0 136.0 humiliatinr
2928.0 4720.0 216.0 116.0 the

676.0 4868.0 424.0 228.0 Xfaied
1152.0 4936.0 408.0 120.0 States
1696.0 4936.0 356.0 144.0 along
2104.0 4932.0 296.0 120.0 with
2452.0 4928.0 204.0 116.0 the
2704.0 4920.0 440.0 128.0 NATO

672.0 5100.0 488.0 212.0 ijjjfers,
1208.0 5140.0 204.0 120.0 the
1452.0 5136.0 436.0 124.0 United
1932.0 5136.0 548.0 136.0 Nations,
2536.0 5132.0 196.0 120.0 the
2784.0 5132.0 356.0 108.0 "neu-

668.0 5336.0 568.0 152.0 tJsJ8ts,,,
1320.0 5340.0 212.0 120.0 the
1624.0 5336.0 836.0 148.0 "nonaligned"
2544.0 5328.0 232.0 124.0 and
2864.0 5356.0 276.0 108.0 pos-

772.0 5528.0 200.0 172.0 ply
1012.0 5544.0 212.0 120.0 the
1268.0 5544.0 496.0 120.0 Chinese
1808.0 5544.0 320.0 116.0 Reds
2168.0 5548.0 136.0 120.0 to
2348.0 5540.0 308.0 120.0 boot.

744.0 5744.0 212.0 44.0 .,.
1184.0 5736.0 696.0 28.0 ........

708.0 5784.0 380.0 164.0 rye
1200.0 5812.0 316.0 108.0 must
1628.0 5836.0 220.0 112.0 say
1956.0 5800.0 280.0 124.0 that
2348.0 5792.0 788.0 136.0 Khrushchev

656.0 5948.0 320.0 236.0 cjiH
1028.0 6004.0 304.0 148.0 good
1376.0 6000.0 220.0 148.0 job
1648.0 6000.0 132.0 120.0 of
1824.0 6000.0 120.0 120.0 it

832.0 6260.0 228.0 176.0 ;AI1
1148.0 6268.0 676.0 136.0 concerned,
1904.0 6272.0 432.0 140.0 except
2420.0 6260.0 244.0 120.0 Red
2744.0 6256.0 388.0 120.0 China

644.0 6424.0 240.0 192.0 $ncj
924.0 6468.0 528.0 132.0 Albania,
1496.0 6472.0 432.0 116.0 almost
1968.0 6468.0 524.0 144.0 literally
2528.0 6472.0 204.0 140.0 got
2776.0 6468.0 348.0 108.0 down

636.0 6700.0 164.0 88.0 on
884.0 6624.0 312.0 200.0 ijheir
1276.0 6668.0 368.0 120.0 knees
1720.0 6668.0 228.0 120.0 and
2032.0 6668.0 460.0 148.0 begged
2572.0 6664.0 500.0 124.0 Commu-

640.0 6868.0 408.0 132.0 n&rd's
1128.0 6880.0 212.0 140.0 top
1416.0 6872.0 288.0 120.0 boss
1772.0 6880.0 212.0 112.0 not
2060.0 6888.0 140.0 108.0 to
2276.0 6872.0 236.0 116.0 add
2588.0 6872.0 208.0 116.0 the
2876.0 6868.0 248.0 120.0 last

632.0 7048.0 324.0 184.0 tyasi
1032.0 7080.0 144.0 112.0 to
1252.0 7072.0 204.0 120.0 the
1540.0 7076.0 448.0 144.0 freight
2068.0 7076.0 140.0 116.0 of
2284.0 7068.0 836.0 144.0 radioactivity

636.0 7276.0 492.0 164.0 already
1208.0 7280.0 496.0 144.0 circling
1780.0 7280.0 200.0 116.0 the
2072.0 7280.0 368.0 116.0 world
2524.0 7276.0 308.0 116.0 from
2916.0 7272.0 200.0 120.0 his

636.0 7472.0 244.0 144.0 tafo
928.0 7484.0 468.0 116.0 months
1444.0 7480.0 148.0 120.0 of
1640.0 7484.0 692.0 116.0 continuous
2384.0 7480.0 472.0 140.0 testing.

692.0 7692.0 32.0 68.0 '
736.0 7724.0 60.0 156.0 J
864.0 7740.0 780.0 120.0 Khrushchev
1708.0 7776.0 292.0 112.0 gave
2068.0 7744.0 208.0 120.0 the
2348.0 7740.0 300.0 116.0 back
2708.0 7736.0 140.0 116.0 of
2908.0 7732.0 196.0 120.0 his

628.0 7944.0 320.0 128.0 Hand
1008.0 7952.0 132.0 112.0 to
1192.0 7944.0 668.0 152.0 everybody
1996.0 7948.0 324.0 112.0 from
2384.0 7944.0 208.0 116.0 the
2644.0 7936.0 456.0 120.0 British

624.0 8124.0 396.0 160.0 litbor
1088.0 8156.0 352.0 136.0 party
1500.0 8160.0 152.0 108.0 to
1716.0 8148.0 352.0 132.0 India,
2144.0 8148.0 400.0 112.0 whose
2612.0 8144.0 432.0 144.0 spokes-

624.0 8380.0 272.0 96.0 ron
968.0 8352.0 480.0 144.0 already
1520.0 8384.0 308.0 84.0 were
1892.0 8352.0 292.0 144.0 only
2256.0 8356.0 204.0 108.0 too
2532.0 8380.0 356.0 112.0 eager
2956.0 8348.0 136.0 112.0 to

616.0 8544.0 432.0 216.0 equate
1116.0 8556.0 208.0 120.0 the
1400.0 8556.0 324.0 144.0 dirty
1784.0 8552.0 180.0 120.0 air
2024.0 8560.0 316.0 112.0 testa
2408.0 8548.0 132.0 120.0 of
2600.0 8548.0 204.0 120.0 the
2872.0 8544.0 168.0 120.0 So-

620.0 8756.0 248.0 164.0 viet
964.0 8756.0 380.0 124.0 Union
1432.0 8756.0 292.0 120.0 with
1816.0 8756.0 204.0 120.0 the
2112.0 8752.0 456.0 120.0 several
2664.0 8748.0 372.0 120.0 under-

616.0 8948.0 460.0 160.0 fjwund
1128.0 8964.0 300.0 112.0 tests
1480.0 8960.0 644.0 120.0 conducted
2176.0 8956.0 164.0 148.0 by
2388.0 8956.0 208.0 116.0 the
2640.0 8948.0 440.0 124.0 United

616.0 9112.0 404.0 176.0 S&tes
1100.0 9160.0 324.0 120.0 after
1508.0 9160.0 212.0 136.0 the
1800.0 9160.0 380.0 124.0 USSR
2264.0 9156.0 484.0 148.0 already
2828.0 9148.0 252.0 124.0 had

616.0 9320.0 504.0 172.0 violated
1164.0 9368.0 204.0 112.0 the
1408.0 9356.0 828.0 156.0 "gentlemen's
2280.0 9348.0 788.0 156.0 agreement."

840.0 9624.0 268.0 144.0 Yes,
1184.0 9660.0 188.0 88.0 we
1420.0 9624.0 384.0 120.0 would
1868.0 9624.0 236.0 120.0 like
2172.0 9624.0 136.0 116.0 to
2376.0 9616.0 340.0 120.0 think
2788.0 9616.0 284.0 120.0 that

608.0 9828.0 872.0 116.0 Irushchev's
1588.0 9824.0 492.0 120.0 conduct
2184.0 9856.0 252.0 88.0 was
2536.0 9852.0 80.0 92.0 a
2712.0 9824.0 356.0 144.0 great

604.0 9992.0 508.0 160.0 ritetake
1180.0 10028.0 672.0 152.0 politically;
1932.0 10028.0 280.0 116.0 that
2280.0 10028.0 104.0 112.0 it
2456.0 10020.0 228.0 120.0 will
2752.0 10048.0 312.0 124.0 open

596.0 10200.0 212.0 160.0 tife
876.0 10264.0 280.0 116.0 eyes
1220.0 10232.0 128.0 116.0 of
1404.0 10236.0 216.0 116.0 the
1692.0 10224.0 860.0 140.0 "neutralists,"
2612.0 10224.0 280.0 120.0 that
2956.0 10220.0 108.0 120.0 it

596.0 10420.0 232.0 152.0 vffll
892.0 10432.0 404.0 120.0 awake
1352.0 10432.0 236.0 116.0 and
1648.0 10428.0 524.0 148.0 energize
2232.0 10428.0 476.0 136.0 NATO;
2776.0 10428.0 280.0 116.0 that

592.0 10632.0 112.0 136.0 it
724.0 10636.0 248.0 116.0 will
1020.0 10636.0 332.0 120.0 show
1396.0 10668.0 164.0 116.0 up
1612.0 10636.0 200.0 116.0 the
1860.0 10632.0 436.0 124.0 United
2348.0 10632.0 504.0 116.0 Nations
2908.0 10656.0 148.0 88.0 as

596.0 10840.0 600.0 148.0 presently
1244.0 10840.0 704.0 116.0 constituted
2008.0 10840.0 200.0 116.0 for
2260.0 10836.0 208.0 120.0 the
2524.0 10832.0 528.0 148.0 pathetic

588.0 11040.0 344.0 120.0 sham
988.0 11044.0 276.0 116.0 that
1316.0 11044.0 96.0 116.0 it
1468.0 11044.0 148.0 132.0 is,
1680.0 11040.0 220.0 116.0 and
1956.0 11040.0 276.0 116.0 that
2288.0 11040.0 104.0 120.0 it
2456.0 11032.0 216.0 120.0 will
2732.0 11032.0 324.0 120.0 clear

584.0 11236.0 216.0 132.0 obt
836.0 11276.0 324.0 88.0 some
1196.0 11244.0 132.0 120.0 of
1364.0 11244.0 208.0 116.0 the
1612.0 11276.0 432.0 116.0 wormy
2084.0 11244.0 648.0 116.0 influences
2772.0 11240.0 276.0 116.0 that

588.0 11456.0 156.0 120.0 toJ
868.0 11448.0 276.0 148.0 long
1220.0 11448.0 296.0 116.0 have
1596.0 11440.0 612.0 124.0 contained
2284.0 11444.0 240.0 116.0 and
2596.0 11440.0 452.0 152.0 shaped

580.0 11648.0 212.0 124.0 the
912.0 11652.0 460.0 144.0 foreign
1508.0 11652.0 372.0 148.0 policy
2008.0 11652.0 136.0 112.0 of
2272.0 11648.0 208.0 116.0 the
2608.0 11640.0 444.0 124.0 United

580.0 11856.0 432.0 120.0 Stetee.

656.0 12068.0 104.0 160.0 ;!
800.0 12076.0 232.0 116.0 But
1080.0 12104.0 180.0 84.0 we
1304.0 12072.0 376.0 120.0 doubt
1720.0 12076.0 120.0 116.0 it
1968.0 12076.0 188.0 144.0 By
2204.0 12100.0 360.0 116.0 every
2604.0 12064.0 252.0 124.0 rule
2908.0 12064.0 140.0 116.0 of

568.0 12280.0 340.0 172.0 lojic,
1004.0 12276.0 780.0 116.0 Khrushchev
1868.0 12272.0 428.0 120.0 should
2392.0 12272.0 300.0 120.0 have
2780.0 12268.0 272.0 160.0 quit

568.0 12436.0 344.0 184.0 wljen
980.0 12476.0 160.0 120.0 he
1216.0 12512.0 236.0 84.0 was
1528.0 12480.0 372.0 116.0 ahead
1980.0 12512.0 156.0 84.0 on
2212.0 12476.0 216.0 116.0 the
2504.0 12472.0 544.0 124.0 resumed

552.0 12664.0 460.0 160.0 testing
1076.0 12684.0 148.0 116.0 of
1288.0 12680.0 444.0 116.0 bombs.
1876.0 12684.0 248.0 116.0 The
2192.0 12680.0 296.0 116.0 rush
2560.0 12680.0 136.0 112.0 of
2760.0 12704.0 280.0 88.0 men

548.0 12856.0 240.0 116.0 ani
864.0 12852.0 476.0 120.0 nations
1420.0 12860.0 140.0 116.0 to
1644.0 12860.0 592.0 144.0 prostrate
2320.0 12848.0 712.0 120.0 themselves

548.0 13092.0 72.0 84.0 a
636.0 13052.0 284.0 132.0 His
968.0 13060.0 252.0 124.0 feet
1264.0 13056.0 116.0 120.0 in
1428.0 13052.0 604.0 152.0 gratitude
2080.0 13056.0 204.0 120.0 for
2332.0 13056.0 212.0 116.0 not
2588.0 13048.0 448.0 144.0 adding

552.0 13264.0 88.0 116.0 tl
868.0 13260.0 232.0 120.0 last
1212.0 13264.0 140.0 120.0 50
1460.0 13292.0 156.0 84.0 or
1720.0 13260.0 136.0 120.0 75
1960.0 13256.0 452.0 124.0 million
2508.0 13264.0 272.0 112.0 tons
2888.0 13252.0 144.0 120.0 of

548.0 13496.0 444.0 116.0 energy
1048.0 13468.0 524.0 144.0 teeming
1628.0 13468.0 272.0 116.0 with
1956.0 13464.0 452.0 116.0 atomic
2468.0 13456.0 508.0 124.0 contami-

548.0 13628.0 412.0 236.0 nation
1040.0 13668.0 380.0 116.0 would
1508.0 13672.0 304.0 116.0 have
1900.0 13668.0 296.0 116.0 been
2284.0 13664.0 332.0 148.0 truly
2692.0 13696.0 280.0 116.0 spec-

548.0 13848.0 492.0 196.0 titular.
780.0 14136.0 196.0 116.0 We
1060.0 14168.0 224.0 84.0 can
1364.0 14168.0 420.0 84.0 assure
1860.0 14128.0 616.0 124.0 ourselves
2624.0 14160.0 136.0 88.0 as
2844.0 14160.0 184.0 84.0 we

540.0 14332.0 308.0 172.0 hjuVe
908.0 14372.0 152.0 84.0 on
1128.0 14336.0 556.0 152.0 previous
1748.0 14336.0 536.0 120.0 occasion
2444.0 14332.0 264.0 116.0 that
2772.0 14332.0 252.0 116.0 this

548.0 14500.0 288.0 188.0 tijie
888.0 14540.0 784.0 120.0 Khrushchev
1728.0 14544.0 380.0 116.0 "went
2160.0 14544.0 212.0 116.0 too
2424.0 14536.0 304.0 136.0 far,"
2780.0 14536.0 244.0 116.0 and

544.0 14752.0 280.0 124.0 that
884.0 14780.0 172.0 88.0 we
1116.0 14744.0 304.0 120.0 have
1456.0 14780.0 300.0 96.0 .won
1816.0 14780.0 80.0 84.0 a
1952.0 14748.0 360.0 140.0 great
2372.0 14740.0 456.0 144.0 victory
2892.0 14740.0 132.0 116.0 in

548.0 14896.0 212.0 192.0 thji
812.0 14952.0 440.0 120.0 "battle
1296.0 14952.0 196.0 116.0 for
1536.0 14952.0 208.0 112.0 the
1788.0 14948.0 388.0 116.0 minds
2220.0 14944.0 140.0 120.0 of
2400.0 14940.0 372.0 124.0 men."

636.0 15108.0 104.0 244.0 if
776.0 15212.0 276.0 120.0 This
1104.0 15244.0 176.0 88.0 we
1336.0 15212.0 236.0 116.0 will
1628.0 15212.0 428.0 116.0 believe
2112.0 15208.0 284.0 144.0 only
2448.0 15204.0 332.0 120.0 when
2832.0 15232.0 184.0 88.0 we

544.0 15444.0 208.0 92.0 6ee
800.0 15416.0 96.0 116.0 it
936.0 15412.0 472.0 152.0 proved.

632.0 15716.0 92.0 116.0 I.
756.0 15680.0 368.0 112.0 When
1168.0 15680.0 208.0 116.0 the
1432.0 15708.0 360.0 112.0 super
1840.0 15672.0 320.0 120.0 blast
2212.0 15704.0 360.0 104.0 came,
2632.0 15668.0 328.0 120.0 Presi-

544.0 15856.0 288.0 116.0 dent
892.0 15852.0 560.0 144.0 Kennedy
1512.0 15884.0 248.0 84.0 was
1820.0 15848.0 480.0 144.0 making
2360.0 15884.0 76.0 80.0 a
2496.0 15844.0 516.0 148.0 political

540.0 16040.0 428.0 184.0 speech
1024.0 16056.0 716.0 116.0 somewhere
1796.0 16052.0 332.0 116.0 down
2176.0 16052.0 132.0 120.0 in
2356.0 16052.0 648.0 116.0 Arkansas.

624.0 16376.0 36.0 116.0 j
776.0 16320.0 384.0 116.0 White
1256.0 16316.0 404.0 116.0 House
1748.0 16348.0 332.0 120.0 press
2176.0 16320.0 428.0 140.0 agents
2692.0 16344.0 312.0 84.0 were

540.0 16504.0 552.0 164.0 grinding
1132.0 16520.0 204.0 120.0 out
1384.0 16548.0 72.0 88.0 a
1504.0 16520.0 432.0 116.0 release
1980.0 16520.0 460.0 144.0 stating
2484.0 16516.0 264.0 120.0 that
2788.0 16516.0 220.0 116.0 the

536.0 16672.0 620.0 204.0 resident
1220.0 16728.0 220.0 116.0 has
1508.0 16724.0 480.0 116.0 assured
2060.0 16756.0 152.0 84.0 an
792.0 16720.0 2208.0 356.0 eight-year-girl

1072.0 16928.0 120.0 116.0 in
1248.0 16932.0 580.0 140.0 Michigan
1880.0 16928.0 280.0 116.0 that
2216.0 16924.0 372.0 120.0 Santa
2640.0 16924.0 360.0 116.0 Claus

3296.0 2396.0 572.0 152.0 DAILY
3956.0 2396.0 988.0 152.0 THOUGHT:

3292.0 2604.0 300.0 124.0 True
3648.0 2600.0 396.0 120.0 worth
4096.0 2596.0 120.0 124.0 U
4276.0 2596.0 132.0 124.0 in
4464.0 2592.0 404.0 152.0 being,
4924.0 2600.0 220.0 120.0 not
5196.0 2596.0 576.0 152.0 teeming,

3428.0 2772.0 136.0 120.0 In
3616.0 2772.0 372.0 144.0 doing
4036.0 2768.0 308.0 120.0 each
4396.0 2768.0 244.0 148.0 day
4696.0 2768.0 284.0 120.0 that
5036.0 2800.0 288.0 116.0 goe$
5376.0 2764.0 204.0 152.0 by,

3284.0 2944.0 340.0 120.0 Some
3676.0 2940.0 324.0 124.0 little
4044.0 2936.0 324.0 152.0 good
4516.0 2944.0 212.0 116.0 not
4788.0 2936.0 132.0 128.0 in
4976.0 2936.0 624.0 148.0 dreaming

3424.0 3112.0 164.0 144.0 Of
3656.0 3116.0 356.0 144.0 great
4084.0 3108.0 356.0 148.0 thing
4572.0 3116.0 144.0 120.0 to
4784.0 3112.0 160.0 120.0 do
5016.0 3108.0 168.0 152.0 by
5248.0 3108.0 244.0 124.0 and
5564.0 3108.0 188.0 148.0 by.

3284.0 3288.0 228.0 116.0 For
3560.0 3284.0 612.0 116.0 whatever
4220.0 3312.0 276.0 92.0 men
4548.0 3312.0 232.0 120.0 say
4832.0 3280.0 128.0 124.0 in
5016.0 3284.0 316.0 116.0 their
5384.0 3280.0 332.0 120.0 blind-

3720.0 3484.0 320.0 104.0 ness,
3420.0 3624.0 272.0 120.0 And
3752.0 3628.0 320.0 144.0 spite
4132.0 3624.0 144.0 148.0 of
4344.0 3624.0 204.0 120.0 the
4604.0 3620.0 480.0 156.0 fancies
5144.0 3624.0 136.0 148.0 of
5340.0 3620.0 460.0 152.0 youth,'

3280.0 3792.0 476.0 128.0 there's
3840.0 3792.0 516.0 144.0 nothing
4444.0 3824.0 200.0 108.0 so,
4668.0 3792.0 436.0 152.0 kingly
5184.0 3828.0 144.0 92.0 as
5412.0 3792.0 340.0 120.0 kind'

3696.0 4000.0 324.0 96.0 ness,

3400.0 4140.0 272.0 116.0 And
3728.0 4136.0 512.0 152.0 nothing
4292.0 4168.0 144.0 88.0 so
4488.0 4140.0 352.0 148.0 royal
4884.0 4172.0 152.0 84.0 as
5092.0 4136.0 376.0 120.0 truth.

4844.0 4308.0 340.0 120.0 Alice
5240.0 4312.0 352.0 148.0 Cary.

3268.0 4764.0 240.0 84.0 was
3612.0 4732.0 288.0 116.0 safe
4036.0 4736.0 280.0 116.0 that
4420.0 4732.0 212.0 120.0 the
4736.0 4736.0 516.0 120.0 Russian
5364.0 4732.0 376.0 120.0 blasts

3264.0 4968.0 288.0 88.0 near
3600.0 4940.0 212.0 116.0 the
3864.0 4936.0 400.0 120.0 North
4320.0 4936.0 272.0 120.0 Pole
4640.0 4936.0 428.0 124.0 hadn't
5120.0 4936.0 288.0 120.0 hurt
5460.0 4932.0 276.0 124.0 him.

3476.0 5196.0 252.0 116.0 The
3820.0 5192.0 956.0 128.0 administration
4860.0 5196.0 244.0 120.0 had
5188.0 5196.0 260.0 152.0 Just
5536.0 5228.0 152.0 88.0 an-

3260.0 5400.0 528.0 120.0 nounced
3852.0 5400.0 272.0 120.0 that
4192.0 5404.0 108.0 116.0 it
4364.0 5400.0 232.0 120.0 will
4660.0 5396.0 332.0 128.0 NOT
5052.0 5396.0 372.0 156.0 spend
5488.0 5396.0 196.0 120.0 mil-

3260.0 5604.0 296.0 120.0 lions
3652.0 5600.0 488.0 144.0 already
4240.0 5600.0 844.0 152.0 appropriated
5180.0 5600.0 160.0 148.0 by
5440.0 5600.0 244.0 124.0 Con-

3256.0 5836.0 336.0 120.0 gress
3640.0 5808.0 140.0 116.0 to
3828.0 5804.0 312.0 124.0 build
4188.0 5836.0 332.0 88.0 more
4564.0 5804.0 144.0 116.0 of
4752.0 5804.0 216.0 120.0 the
5016.0 5804.0 360.0 124.0 B-52s
5528.0 5804.0 204.0 120.0 the

3256.0 6012.0 268.0 144.0 only
3616.0 6008.0 440.0 116.0 vehicle
4160.0 6040.0 184.0 84.0 we
4440.0 6040.0 480.0 116.0 possess
5012.0 6008.0 492.0 148.0 capable
5596.0 6004.0 136.0 120.0 of

3252.0 6208.0 548.0 152.0 carrying
3896.0 6212.0 420.0 120.0 bombs
4412.0 6212.0 132.0 120.0 of
4640.0 6212.0 216.0 116.0 the
4960.0 6208.0 236.0 120.0 size
5300.0 6204.0 428.0 124.0 Russia

3256.0 6412.0 600.0 148.0 exploded.

3460.0 6672.0 356.0 120.0 Adlai
3888.0 6672.0 684.0 136.0 Stevenson,
4648.0 6704.0 228.0 84.0 our
4952.0 6668.0 776.0 120.0 ambassador

3244.0 6880.0 128.0 112.0 to
3444.0 6872.0 204.0 120.0 the
3724.0 6872.0 440.0 120.0 United
4240.0 6868.0 516.0 124.0 Nations
4828.0 6876.0 248.0 116.0 and
5144.0 6872.0 260.0 148.0 just
5480.0 6872.0 240.0 120.0 five

3244.0 7108.0 344.0 120.0 years
3632.0 7108.0 232.0 116.0 ago
3908.0 7108.0 76.0 88.0 a
4032.0 7084.0 352.0 140.0 great
4424.0 7080.0 600.0 144.0 exponent
5068.0 7076.0 140.0 116.0 of
5244.0 7072.0 476.0 120.0 nuclear

3240.0 7280.0 840.0 120.0 disarmament
4140.0 7280.0 472.0 136.0 (which,
4656.0 7312.0 144.0 84.0 as
4840.0 7312.0 180.0 92.0 we
5060.0 7280.0 296.0 116.0 have
5400.0 7308.0 312.0 104.0 seen,

3240.0 7484.0 372.0 116.0 would
3680.0 7484.0 312.0 128.0 have
4060.0 7484.0 304.0 116.0 been
4432.0 7520.0 80.0 80.0 a
4576.0 7512.0 556.0 120.0 one-way
5196.0 7480.0 468.0 152.0 proposi-

3232.0 7684.0 348.0 140.0 tion),
3668.0 7688.0 348.0 116.0 made
4088.0 7724.0 84.0 80.0 a
4256.0 7688.0 428.0 148.0 speech
4764.0 7684.0 600.0 148.0 declaring
5440.0 7684.0 272.0 120.0 that

3232.0 7888.0 424.0 120.0 Russia
3712.0 7892.0 240.0 116.0 had
4008.0 7892.0 368.0 120.0 taken
4432.0 7924.0 72.0 84.0 a
4560.0 7892.0 432.0 144.0 "great
5048.0 7888.0 256.0 152.0 leap
5356.0 7884.0 300.0 124.0 back-

3228.0 8092.0 424.0 120.0 ward."
3432.0 8356.0 184.0 116.0 He
3668.0 8352.0 264.0 120.0 said
3992.0 8356.0 212.0 116.0 the
4268.0 8352.0 232.0 156.0 day
4552.0 8356.0 140.0 120.0 of
4748.0 8352.0 216.0 120.0 the
5020.0 8364.0 240.0 112.0 test
5316.0 8352.0 380.0 120.0 would

3216.0 8564.0 272.0 136.0 long
3540.0 8556.0 148.0 116.0 be
3744.0 8556.0 804.0 124.0 remembered
4600.0 8560.0 284.0 116.0 "for
4932.0 8592.0 80.0 84.0 a
5064.0 8556.0 456.0 152.0 display
5572.0 8556.0 132.0 116.0 of

3216.0 8736.0 512.0 120.0 violence
3784.0 8764.0 160.0 96.0 on
4000.0 8764.0 76.0 84.0 a
4136.0 8736.0 324.0 120.0 scale
4516.0 8736.0 548.0 120.0 unheard
5120.0 8740.0 132.0 120.0 of
5312.0 8736.0 120.0 120.0 in
5492.0 8736.0 156.0 116.0 hu-

3216.0 8940.0 272.0 96.0 man
3540.0 8908.0 476.0 148.0 history
4064.0 8916.0 140.0 112.0 to
4260.0 8908.0 244.0 116.0 this
4560.0 8908.0 404.0 120.0 time."

3152.0 9168.0 60.0 120.0 ii'
3428.0 9168.0 324.0 124.0 Let's
3820.0 9200.0 204.0 92.0 see
4084.0 9172.0 284.0 120.0 how
4428.0 9168.0 284.0 152.0 long
4772.0 9172.0 356.0 124.0 Adlai
5192.0 9172.0 236.0 120.0 and
5492.0 9172.0 208.0 120.0 the

3208.0 9344.0 216.0 124.0 UN
3496.0 9348.0 668.0 116.0 remember
4240.0 9344.0 140.0 144.0 it,
4456.0 9352.0 240.0 116.0 and
4776.0 9348.0 332.0 124.0 what
5180.0 9352.0 292.0 148.0 they
5548.0 9344.0 144.0 120.0 do

3204.0 9524.0 360.0 116.0 about
3608.0 9524.0 136.0 120.0 it.
4616.0 9584.0 108.0 52.0 -.,

3416.0 9784.0 300.0 124.0 Last
3788.0 9780.0 448.0 156.0 Friday
4312.0 9788.0 212.0 120.0 the
4596.0 9780.0 236.0 128.0 UN
4904.0 9788.0 360.0 116.0 voted
5340.0 9788.0 152.0 120.0 87
5564.0 9788.0 128.0 120.0 to

3204.0 9988.0 132.0 120.0 11
3400.0 9992.0 124.0 112.0 to
3584.0 9984.0 424.0 152.0 appeal
4068.0 9992.0 136.0 120.0 to
4264.0 9988.0 520.0 120.0 Moscow
4832.0 10004.0 228.0 112.0 not
5120.0 9992.0 132.0 120.0 to
5304.0 9992.0 252.0 116.0 test
5612.0 10020.0 76.0 88.0 a

3196.0 10188.0 748.0 144.0 50-megaton
3988.0 10188.0 392.0 120.0 bomb.

3404.0 10452.0 252.0 120.0 The
3704.0 10452.0 352.0 148.0 thing
4108.0 10452.0 584.0 148.0 exploded
4744.0 10488.0 160.0 84.0 on
4964.0 10452.0 548.0 124.0 schedule
5568.0 10452.0 120.0 124.0 in

3192.0 10656.0 196.0 116.0 the
3464.0 10656.0 768.0 144.0 atmosphere
4316.0 10664.0 212.0 116.0 not
4596.0 10660.0 212.0 112.0 far
4888.0 10660.0 320.0 116.0 from
5292.0 10656.0 388.0 120.0 where

3192.0 10856.0 136.0 120.0 U.
3376.0 10860.0 108.0 116.0 S.
3532.0 10860.0 236.0 112.0 and
3812.0 10856.0 456.0 120.0 British
4316.0 10856.0 424.0 124.0 sailors
4784.0 10860.0 236.0 116.0 and
5068.0 10860.0 612.0 124.0 merchant

3188.0 11096.0 464.0 84.0 seamen
3808.0 11060.0 396.0 120.0 risked
4356.0 11072.0 816.0 140.0 ever-present
5312.0 11064.0 364.0 120.0 death

3192.0 11264.0 344.0 144.0 along
3588.0 11264.0 216.0 116.0 the
3864.0 11268.0 692.0 116.0 Murmansk
4616.0 11300.0 264.0 84.0 run.
4940.0 11268.0 120.0 120.0 It
5116.0 11264.0 564.0 152.0 probably

3184.0 11440.0 572.0 120.0 exceeded
3808.0 11440.0 148.0 120.0 50
4004.0 11452.0 656.0 136.0 megatons.
4716.0 11440.0 712.0 124.0 Remember
5472.0 11444.0 204.0 120.0 the

3184.0 11644.0 688.0 116.0 Murmansk
3960.0 11644.0 312.0 116.0 run?
4436.0 11644.0 112.0 116.0 It
4636.0 11680.0 252.0 80.0 was
4976.0 11648.0 208.0 116.0 the
5268.0 11644.0 408.0 120.0 Arctic

3180.0 11856.0 332.0 108.0 route
3588.0 11840.0 208.0 128.0 for
3864.0 11848.0 644.0 116.0 lend-lease
4580.0 11848.0 536.0 148.0 supplies
5188.0 11856.0 128.0 116.0 to
5396.0 11880.0 284.0 88.0 save

3188.0 12052.0 240.0 116.0 Red
3500.0 12048.0 436.0 120.0 Russia
4008.0 12056.0 336.0 116.0 after
4408.0 12052.0 372.0 124.0 Adolf
4848.0 12052.0 400.0 124.0 Hitler
5312.0 12048.0 368.0 124.0 broke

3184.0 12256.0 280.0 120.0 with
3508.0 12256.0 196.0 120.0 his
3752.0 12256.0 404.0 116.0 World
4208.0 12256.0 288.0 120.0 War
4536.0 12256.0 124.0 120.0 II
4716.0 12288.0 412.0 116.0 crony.

3400.0 12516.0 260.0 116.0 Will
3736.0 12516.0 208.0 120.0 the
4012.0 12516.0 236.0 120.0 UN
4320.0 12552.0 284.0 112.0 pass
4676.0 12552.0 80.0 84.0 a
4828.0 12516.0 644.0 120.0 resolution
5552.0 12516.0 128.0 120.0 of

3168.0 12720.0 572.0 112.0 censure?
3824.0 12716.0 112.0 116.0 It
4016.0 12716.0 208.0 116.0 did
4312.0 12716.0 568.0 144.0 recently,
4968.0 12748.0 232.0 116.0 you
5284.0 12716.0 380.0 140.0 know,

3168.0 12916.0 328.0 120.0 when
3580.0 12952.0 80.0 88.0 a
3748.0 12916.0 536.0 120.0 member
4360.0 12928.0 324.0 108.0 state
4768.0 12916.0 608.0 120.0 exercised
5460.0 12920.0 208.0 116.0 the

3168.0 13120.0 316.0 148.0 right
3560.0 13124.0 144.0 116.0 of
3788.0 13120.0 256.0 120.0 free
4128.0 13128.0 436.0 140.0 speech
4652.0 13120.0 132.0 124.0 in
4868.0 13120.0 216.0 120.0 the
5164.0 13120.0 504.0 120.0 General

3164.0 13324.0 668.0 148.0 Assembly.
3968.0 13324.0 284.0 120.0 And
4308.0 13328.0 104.0 120.0 it
4468.0 13324.0 260.0 124.0 also
4792.0 13328.0 360.0 116.0 acted
5212.0 13324.0 456.0 148.0 swiftly

3164.0 13532.0 228.0 116.0 and
3464.0 13524.0 492.0 152.0 fiercely
4028.0 13532.0 356.0 112.0 when
4456.0 13528.0 752.0 120.0 Communist
5284.0 13528.0 328.0 152.0 politi-

3164.0 13732.0 320.0 120.0 cians
3544.0 13728.0 120.0 124.0 in
3732.0 13728.0 212.0 124.0 the
4000.0 13728.0 368.0 124.0 heart
4424.0 13732.0 132.0 120.0 of
4616.0 13732.0 436.0 124.0 Africa
5108.0 13764.0 312.0 88.0 were
5484.0 13768.0 128.0 84.0 re-

3164.0 13936.0 520.0 120.0 strained
3732.0 13936.0 204.0 116.0 for
3976.0 13968.0 76.0 84.0 a
4100.0 13936.0 352.0 116.0 while
4496.0 13936.0 124.0 116.0 in
4672.0 13936.0 324.0 120.0 their
5044.0 13936.0 620.0 116.0 take-over

3156.0 14140.0 136.0 120.0 of
3344.0 14136.0 644.0 120.0 industries
4052.0 14140.0 248.0 116.0 and
4364.0 14140.0 540.0 148.0 precious
4976.0 14172.0 244.0 88.0 raw
5284.0 14148.0 332.0 108.0 mate-

3164.0 14344.0 272.0 120.0 rials
3488.0 14344.0 324.0 116.0 from
3868.0 14344.0 304.0 120.0 little
4232.0 14340.0 576.0 148.0 Belgium.

3372.0 14608.0 252.0 116.0 The
3716.0 14604.0 588.0 120.0 deadliest
4396.0 14604.0 732.0 148.0 implication
5220.0 14604.0 136.0 120.0 of
5448.0 14604.0 204.0 120.0 the

3156.0 14808.0 508.0 120.0 Russian
3716.0 14804.0 352.0 124.0 bomb
4116.0 14816.0 320.0 108.0 tests
4484.0 14812.0 100.0 112.0 is
4632.0 14816.0 216.0 112.0 not
4896.0 14816.0 144.0 112.0 to
5088.0 14808.0 140.0 116.0 be
5280.0 14808.0 368.0 116.0 found

3156.0 14988.0 116.0 116.0 in
3352.0 14988.0 204.0 116.0 the
3636.0 14984.0 404.0 120.0 clouds
4120.0 14984.0 144.0 116.0 of
4344.0 14980.0 840.0 156.0 radioactivity
5260.0 14984.0 384.0 116.0 which

3160.0 15160.0 432.0 116.0 "didn't
3644.0 15160.0 292.0 120.0 hurt
3984.0 15160.0 388.0 116.0 Santa
4416.0 15160.0 476.0 120.0 Claus."

6080.0 1580.0 188.0 104.0 BY
6316.0 1580.0 596.0 104.0 WILLIAM
6964.0 1576.0 588.0 108.0 HESSLER

6140.0 1712.0 464.0 124.0 Forelfn
6660.0 1716.0 316.0 104.0 News
7020.0 1712.0 468.0 116.0 Analyst

6032.0 1896.0 396.0 100.0 when
6528.0 1896.0 280.0 108.0 THE
6912.0 1892.0 344.0 112.0 Peace
7368.0 1892.0 356.0 124.0 corps

5896.0 2064.0 224.0 88.0 was
6160.0 2048.0 252.0 104.0 first
6440.0 2048.0 608.0 132.0 projected,
7084.0 2064.0 312.0 96.0 more
7432.0 2044.0 288.0 104.0 than

5912.0 2224.0 68.0 84.0 a
6080.0 2220.0 268.0 108.0 year
6448.0 2228.0 248.0 100.0 ago,
6796.0 2208.0 64.0 100.0 I
6956.0 2204.0 224.0 108.0 had
7280.0 2200.0 440.0 108.0 serious

5904.0 2360.0 432.0 108.0 doubts.
6380.0 2360.0 56.0 104.0 I
6476.0 2360.0 496.0 108.0 doubted
7012.0 2360.0 192.0 108.0 the
7248.0 2356.0 468.0 104.0 wisdom

5896.0 2516.0 132.0 108.0 of
6096.0 2516.0 372.0 128.0 trying
6548.0 2516.0 124.0 116.0 it,
6752.0 2516.0 228.0 108.0 and
7056.0 2516.0 144.0 108.0 Its
7276.0 2516.0 436.0 100.0 chance

5896.0 2676.0 184.0 100.0 for
6228.0 2672.0 480.0 108.0 survival
6856.0 2668.0 468.0 104.0 without
7472.0 2664.0 240.0 104.0 real

5896.0 2804.0 440.0 100.0 trouble
6396.0 2808.0 88.0 100.0 if
6556.0 2804.0 92.0 100.0 it
6716.0 2820.0 284.0 84.0 were
7064.0 2800.0 320.0 104.0 tried.
7452.0 2800.0 260.0 112.0 But,

5900.0 2936.0 224.0 104.0 like
6192.0 2936.0 288.0 100.0 most
6548.0 2932.0 432.0 124.0 people,
7048.0 2928.0 52.0 100.0 1
7164.0 2948.0 232.0 80.0 was
7468.0 2944.0 196.0 104.0 pre-

5888.0 3060.0 348.0 124.0 pared
6312.0 3060.0 116.0 100.0 to
6496.0 3060.0 272.0 108.0 look
6836.0 3064.0 132.0 100.0 at
7032.0 3056.0 92.0 104.0 it
7192.0 3056.0 284.0 104.0 with
7552.0 3072.0 156.0 84.0 an

5888.0 3212.0 300.0 100.0 open
6248.0 3188.0 316.0 108.0 mind
6624.0 3192.0 232.0 100.0 and
6916.0 3192.0 120.0 96.0 to
7092.0 3188.0 360.0 100.0 revise
7508.0 3200.0 196.0 100.0 my

5896.0 3320.0 552.0 120.0 appraisal
6508.0 3340.0 164.0 80.0 on
6736.0 3320.0 200.0 100.0 the
6996.0 3316.0 296.0 104.0 basis
7364.0 3316.0 124.0 104.0 of
7552.0 3312.0 100.0 104.0 It

5884.0 3448.0 808.0 124.0 performance.

5892.0 3660.0 432.0 148.0 Pitfalls
6396.0 3668.0 264.0 140.0 Art
6744.0 3664.0 372.0 176.0 Many

6008.0 3880.0 348.0 100.0 While
6416.0 3880.0 632.0 116.0 respecting
7112.0 3876.0 224.0 104.0 and
7412.0 3892.0 284.0 84.0 even

5884.0 4012.0 548.0 116.0 admiring
6556.0 4012.0 204.0 96.0 the
6888.0 4012.0 444.0 96.0 earnest
7468.0 4004.0 228.0 104.0 and

5884.0 4140.0 536.0 104.0 Idealistic
6476.0 4140.0 336.0 120.0 spirit
6872.0 4136.0 120.0 104.0 of
7056.0 4140.0 320.0 96.0 those
7448.0 4156.0 208.0 96.0 pro-

5880.0 4272.0 432.0 116.0 moting
6376.0 4272.0 196.0 96.0 the
6640.0 4268.0 288.0 108.0 idea.
6992.0 4264.0 56.0 104.0 I
7108.0 4284.0 228.0 80.0 was
7400.0 4264.0 252.0 100.0 fear-

5880.0 4400.0 168.0 100.0 ful
6112.0 4400.0 120.0 96.0 of
6288.0 4396.0 424.0 100.0 several
6780.0 4392.0 400.0 120.0 things.
7248.0 4392.0 324.0 108.0 First,
7636.0 4392.0 60.0 104.0 I

5876.0 4548.0 228.0 80.0 saw
6160.0 4528.0 196.0 100.0 the
6404.0 4524.0 624.0 120.0 possibility
7080.0 4520.0 120.0 100.0 of
7260.0 4524.0 392.0 100.0 resent-

5876.0 4660.0 316.0 96.0 ment
6252.0 4672.0 412.0 100.0 among
6720.0 4652.0 316.0 100.0 labor
7092.0 4668.0 416.0 100.0 groups
7568.0 4652.0 124.0 100.0 In

5872.0 4792.0 196.0 92.0 the
6168.0 4784.0 568.0 104.0 countries
6840.0 4784.0 360.0 100.0 where
7308.0 4800.0 384.0 108.0 young

5868.0 4916.0 644.0 100.0 Americans
6572.0 4912.0 304.0 100.0 went
6936.0 4916.0 112.0 100.0 to
7104.0 4916.0 336.0 96.0 worn.

5992.0 5068.0 456.0 112.0 Second,
6492.0 5064.0 60.0 100.0 I
6592.0 5080.0 236.0 84.0 was
6872.0 5060.0 512.0 104.0 troubled
7424.0 5064.0 268.0 108.0 that

5868.0 5200.0 344.0 100.0 Peace
6276.0 5200.0 348.0 112.0 Corps
6688.0 5192.0 556.0 104.0 members
7308.0 5196.0 376.0 100.0 would

5868.0 5332.0 360.0 96.0 either
6276.0 5328.0 136.0 108.0 (1)
6456.0 5344.0 408.0 84.0 arouse
6916.0 5324.0 276.0 104.0 local
7244.0 5344.0 304.0 96.0 envy
7592.0 5328.0 96.0 100.0 if

5868.0 5464.0 268.0 112.0 they
6184.0 5456.0 284.0 100.0 lived
6520.0 5476.0 156.0 80.0 on
6736.0 5456.0 120.0 96.0 U.
6912.0 5456.0 104.0 96.0 8.
7068.0 5456.0 616.0 104.0 standards

5868.0 5612.0 132.0 80.0 or
6060.0 5588.0 228.0 100.0 else
6348.0 5588.0 136.0 108.0 (2)
6548.0 5580.0 196.0 124.0 get
6808.0 5580.0 240.0 104.0 sick
7104.0 5604.0 136.0 80.0 or
7304.0 5584.0 188.0 104.0 die
7560.0 5584.0 124.0 104.0 of

5868.0 5716.0 604.0 108.0 starvation
6576.0 5716.0 92.0 104.0 if
6760.0 5716.0 276.0 120.0 they
7128.0 5712.0 300.0 104.0 lived
7524.0 5732.0 160.0 84.0 on

7856.0 1572.0 288.0 100.0 local
8220.0 1564.0 596.0 112.0 standards
8884.0 1564.0 120.0 108.0 of
9076.0 1572.0 192.0 100.0 the
9348.0 1584.0 304.0 92.0 mora

7856.0 1704.0 584.0 96.0 backward
8500.0 1700.0 592.0 104.0 countries.
9528.0 1744.0 68.0 32.0 -
9604.0 1748.0 52.0 32.0 -

7972.0 1828.0 380.0 116.0 Third,
8404.0 1832.0 60.0 100.0 I
8524.0 1824.0 676.0 124.0 anticipated
9268.0 1828.0 252.0 108.0 that
9580.0 1844.0 72.0 88.0 a

7848.0 1960.0 312.0 116.0 large
8208.0 1956.0 480.0 104.0 number
8728.0 1960.0 124.0 96.0 of
8900.0 1972.0 392.0 108.0 young,
9340.0 1976.0 268.0 80.0 ener-

7844.0 2092.0 296.0 116.0 getic
8260.0 2084.0 680.0 116.0 Americans,
9060.0 2088.0 636.0 120.0 especially,

7848.0 2220.0 388.0 104.0 males,
8304.0 2216.0 352.0 100.0 would
8728.0 2216.0 484.0 100.0 stumble
9276.0 2216.0 240.0 100.0 Into
9576.0 2236.0 76.0 84.0 a

7844.0 2348.0 292.0 116.0 good
8180.0 2344.0 248.0 104.0 deal
8460.0 2344.0 124.0 104.0 of
8624.0 2348.0 516.0 124.0 personal
9180.0 2344.0 468.0 120.0 trouble,

7848.0 2480.0 120.0 100.0 in
8048.0 2476.0 200.0 104.0 the
8320.0 2476.0 476.0 108.0 absence
8868.0 2476.0 120.0 100.0 of
9052.0 2476.0 200.0 104.0 the
9328.0 2476.0 276.0 100.0 disci-

7840.0 2604.0 316.0 124.0 pline
8200.0 2604.0 476.0 124.0 possible
8724.0 2600.0 264.0 108.0 with
9036.0 2628.0 72.0 80.0 a
9156.0 2604.0 496.0 120.0 military

7840.0 2752.0 388.0 104.0 group.
8264.0 2732.0 464.0 120.0 Finally,
8768.0 2736.0 56.0 100.0 I
8860.0 2736.0 484.0 104.0 doubted
9392.0 2732.0 252.0 108.0 that

7836.0 2868.0 292.0 96.0 such
8204.0 2884.0 68.0 80.0 a
8340.0 2884.0 324.0 100.0 corps
8728.0 2860.0 332.0 104.0 could
9124.0 2864.0 304.0 100.0 limit
9492.0 2864.0 152.0 108.0 Its

7820.0 2992.0 476.0 108.0 recruits
8332.0 2996.0 120.0 100.0 to
8484.0 2992.0 200.0 104.0 the
8716.0 2988.0 596.0 124.0 genuinely
9344.0 2992.0 256.0 104.0 dedi-

7828.0 3124.0 336.0 100.0 cated
8204.0 3124.0 388.0 120.0 people
8628.0 3124.0 252.0 100.0 who
8916.0 3124.0 324.0 100.0 alone
9280.0 3120.0 360.0 108.0 would

7836.0 3256.0 140.0 96.0 be
8080.0 3256.0 376.0 104.0 useful
8560.0 3252.0 232.0 108.0 and
8892.0 3252.0 520.0 108.0 effective
9508.0 3256.0 132.0 104.0 In

7836.0 3384.0 324.0 104.0 these
8236.0 3384.0 508.0 116.0 projects.
8912.0 3416.0 20.0 20.0 -

7952.0 3516.0 152.0 96.0 At
8152.0 3512.0 228.0 104.0 this
8424.0 3516.0 348.0 124.0 point,
8816.0 3512.0 56.0 104.0 I
8916.0 3532.0 184.0 84.0 am
9148.0 3508.0 488.0 108.0 Inclined

7828.0 3644.0 124.0 100.0 to
8032.0 3640.0 360.0 100.0 revise
8464.0 3660.0 196.0 100.0 my
8740.0 3644.0 552.0 120.0 appraisal
9376.0 3660.0 212.0 84.0 con-

7832.0 3772.0 580.0 116.0 siderably.
8464.0 3772.0 236.0 100.0 The
8748.0 3772.0 340.0 104.0 Peace
9136.0 3776.0 352.0 112.0 Corps
9536.0 3772.0 96.0 108.0 Is

7828.0 3900.0 180.0 96.0 far
8052.0 3900.0 368.0 100.0 better
8456.0 3900.0 552.0 116.0 managed
9052.0 3900.0 224.0 104.0 and
9324.0 3920.0 304.0 84.0 more

7824.0 4028.0 616.0 104.0 successful
8488.0 4032.0 284.0 100.0 than
8820.0 4032.0 52.0 100.0 I
8924.0 4028.0 704.0 120.0 anticipated.

7828.0 4156.0 104.0 104.0 It
8012.0 4160.0 220.0 100.0 has
8308.0 4160.0 224.0 100.0 had
8608.0 4160.0 184.0 100.0 far
8868.0 4164.0 216.0 96.0 less
9168.0 4160.0 456.0 100.0 trouble.

7824.0 4288.0 100.0 100.0 It
7964.0 4308.0 368.0 80.0 seems
8372.0 4292.0 112.0 100.0 to
8516.0 4308.0 188.0 84.0 me
8748.0 4312.0 68.0 80.0 a
8852.0 4292.0 332.0 96.0 much
9224.0 4288.0 356.0 104.0 sound-

7820.0 4436.0 128.0 84.0 er
8004.0 4416.0 616.0 120.0 enterprise
8676.0 4420.0 288.0 104.0 than
9020.0 4416.0 56.0 108.0 I
9132.0 4420.0 236.0 104.0 had
9428.0 4416.0 164.0 104.0 vis-

7824.0 4544.0 436.0 108.0 ualized
8308.0 4552.0 116.0 96.0 In
8472.0 4548.0 520.0 104.0 advance.

7944.0 4680.0 192.0 116.0 My
8220.0 4680.0 756.0 116.0 questionings
9056.0 4696.0 288.0 88.0 were
9428.0 4680.0 204.0 100.0 not

7816.0 4804.0 304.0 104.0 from
8168.0 4824.0 224.0 100.0 any
8432.0 4808.0 248.0 100.0 lack
8720.0 4808.0 124.0 104.0 of
8880.0 4808.0 528.0 120.0 approval
9452.0 4808.0 176.0 100.0 for

7820.0 4936.0 200.0 100.0 the
8120.0 4940.0 304.0 100.0 basic
8520.0 4940.0 280.0 100.0 Idea
8896.0 4940.0 232.0 104.0 The
9216.0 4936.0 404.0 104.0 United

7820.0 5068.0 380.0 104.0 States
8268.0 5084.0 260.0 88.0 over
8596.0 5072.0 204.0 96.0 the
8868.0 5064.0 472.0 108.0 decades
9412.0 5064.0 212.0 108.0 has

7820.0 5200.0 416.0 116.0 always
8272.0 5196.0 276.0 108.0 been
8588.0 5216.0 332.0 96.0 eager
8952.0 5196.0 120.0 108.0 to
9108.0 5196.0 328.0 108.0 share
9476.0 5196.0 148.0 108.0 Its

7816.0 5344.0 608.0 96.0 resources.
8508.0 5328.0 144.0 104.0 Its
8740.0 5324.0 336.0 112.0 skills,
9164.0 5324.0 228.0 104.0 and
9476.0 5324.0 144.0 104.0 its

7816.0 5460.0 548.0 100.0 ebullient
8424.0 5456.0 288.0 104.0 faith
8780.0 5456.0 120.0 104.0 In
8956.0 5456.0 364.0 104.0 man's
9384.0 5448.0 200.0 108.0 des-

7816.0 5584.0 248.0 116.0 tiny
8168.0 5588.0 272.0 96.0 with
8540.0 5588.0 332.0 96.0 other
8980.0 5580.0 476.0 120.0 peoples.
9560.0 5580.0 60.0 108.0 I

7816.0 5716.0 292.0 108.0 have
8156.0 5736.0 272.0 88.0 seen
8472.0 5716.0 200.0 104.0 the
8724.0 5712.0 292.0 108.0 work
9072.0 5712.0 120.0 108.0 of
9240.0 5716.0 336.0 100.0 Amer

9792.0 1572.0 252.0 104.0 ican
10152.0 1568.0 768.0 112.0 missionaries
11032.0 1572.0 132.0 100.0 In
11272.0 1588.0 336.0 104.0 many

9784.0 1700.0 568.0 104.0 countries
10412.0 1704.0 128.0 104.0 of
10592.0 1700.0 256.0 104.0 Asia
10908.0 1700.0 244.0 116.0 and
11208.0 1700.0 396.0 112.0 Africa,

9792.0 1832.0 228.0 108.0 and
10080.0 1832.0 56.0 100.0 I
10200.0 1832.0 340.0 100.0 know
10612.0 1832.0 240.0 100.0 how
10924.0 1828.0 328.0 124.0 greet
11312.0 1828.0 296.0 104.0 their

9780.0 1960.0 772.0 100.0 contribution
10624.0 1960.0 232.0 100.0 has.
10900.0 1956.0 332.0 116.0 been,
11300.0 1976.0 264.0 96.0 espe-

9776.0 2088.0 332.0 116.0 cially
10176.0 2156.0 8.0 20.0 .
10272.0 2088.0 128.0 108.0 In
10572.0 2084.0 636.0 104.0 education.
11364.0 2088.0 236.0 100.0 The

9776.0 2216.0 504.0 116.0 Quakers
10436.0 2216.0 236.0 100.0 and
10808.0 2236.0 328.0 80.0 some
11280.0 2212.0 324.0 108.0 other

9784.0 2368.0 408.0 100.0 groups
10236.0 2352.0 304.0 104.0 have
10592.0 2348.0 280.0 108.0 done
10924.0 2348.0 252.0 108.0 fine
11224.0 2348.0 376.0 112.0 things

9772.0 2480.0 272.0 100.0 with
10080.0 2480.0 300.0 100.0 their
10416.0 2476.0 304.0 104.0 work
10748.0 2492.0 408.0 104.0 camps
11196.0 2472.0 404.0 108.0 abroad

9772.0 2604.0 192.0 108.0 for
10024.0 2628.0 380.0 104.0 young
10472.0 2608.0 692.0 104.0 Americana.

9768.0 2860.0 552.0 164.0 Difficult
10380.0 2864.0 180.0 144.0 To
10620.0 2856.0 456.0 180.0 Adjuit

9816.0 3088.0 44.0 52.0 ''
9896.0 3084.0 192.0 116.0 My
10148.0 3100.0 504.0 84.0 concern
10716.0 3096.0 228.0 88.0 was
11024.0 3080.0 256.0 104.0 that
11344.0 3096.0 208.0 104.0 gov-

9768.0 3216.0 528.0 100.0 ernment
10376.0 3208.0 372.0 104.0 would
10824.0 3212.0 224.0 100.0 not
11128.0 3212.0 140.0 96.0 be
11344.0 3208.0 248.0 104.0 able

9768.0 3344.0 132.0 100.0 to
9948.0 3344.0 148.0 100.0 do
10144.0 3344.0 204.0 100.0 the
10400.0 3360.0 320.0 84.0 same
10768.0 3344.0 248.0 96.0 sort
11060.0 3340.0 132.0 96.0 of
11244.0 3340.0 348.0 116.0 thing,

9764.0 3476.0 476.0 100.0 because
10284.0 3496.0 76.0 80.0 a
10408.0 3472.0 372.0 120.0 public
10824.0 3468.0 616.0 116.0 enterprise
11492.0 3468.0 100.0 100.0 Is

9760.0 3604.0 544.0 100.0 different
10380.0 3604.0 124.0 96.0 In
10580.0 3600.0 624.0 116.0 Important
11268.0 3616.0 316.0 92.0 waya

9764.0 3736.0 64.0 100.0 I
9888.0 3736.0 280.0 96.0 have
10228.0 3728.0 416.0 104.0 kicked
10704.0 3728.0 444.0 104.0 around
11216.0 3728.0 108.0 100.0 In
11384.0 3744.0 156.0 80.0 un-

9764.0 3860.0 820.0 124.0 derdeveloped
10692.0 3860.0 220.0 100.0 and
11032.0 3856.0 556.0 120.0 primitive

9760.0 3992.0 568.0 100.0 countries
10412.0 4012.0 80.0 80.0 a
10572.0 3988.0 276.0 120.0 good
10924.0 3988.0 208.0 100.0 bit
11216.0 3984.0 236.0 104.0 And
11532.0 3984.0 56.0 100.0 I

9768.0 4140.0 196.0 84.0 am
10020.0 4124.0 304.0 112.0 quite
10384.0 4120.0 552.0 120.0 prepared
11004.0 4124.0 128.0 92.0 to
11192.0 4116.0 132.0 104.0 be
11380.0 4132.0 160.0 84.0 un-

9756.0 4248.0 748.0 104.0 comfortable
10548.0 4248.0 220.0 100.0 and
10812.0 4256.0 116.0 96.0 to
10976.0 4248.0 268.0 104.0 take
11280.0 4260.0 304.0 88.0 some

9764.0 4388.0 288.0 96.0 risks
10136.0 4384.0 120.0 96.0 to
10348.0 4380.0 400.0 100.0 health
10836.0 4376.0 120.0 100.0 in
11056.0 4376.0 324.0 100.0 order
11464.0 4376.0 124.0 100.0 to

9760.0 4536.0 196.0 84.0 see
10020.0 4512.0 220.0 100.0 and
10304.0 4512.0 332.0 104.0 learn
10700.0 4508.0 224.0 104.0 and
10996.0 4504.0 400.0 120.0 report

9888.0 4668.0 220.0 100.0 But
10204.0 4664.0 436.0 120.0 having
10740.0 4680.0 152.0 80.0 no
11004.0 4664.0 296.0 100.0 taste
11404.0 4656.0 184.0 104.0 for

9760.0 4796.0 732.0 116.0 martyrdom.
10616.0 4792.0 56.0 100.0 I
10784.0 4796.0 188.0 112.0 try
11104.0 4792.0 156.0 104.0 (In
11372.0 4792.0 216.0 100.0 low

9756.0 4920.0 936.0 120.0 living-standard
10768.0 4920.0 608.0 112.0 countries)
11460.0 4920.0 124.0 100.0 to

11748.0 1564.0 280.0 100.0 azed
12076.0 1564.0 124.0 100.0 to
12256.0 1560.0 132.0 100.0 do
12440.0 1556.0 388.0 108.0 pretty
12876.0 1548.0 224.0 104.0 well
13160.0 1548.0 128.0 100.0 In
13348.0 1540.0 196.0 108.0 the

11736.0 1696.0 220.0 104.0 less
12080.0 1692.0 436.0 120.0 elegant
12656.0 1684.0 316.0 124.0 parts
13080.0 1680.0 132.0 100.0 of
13340.0 1676.0 208.0 104.0 the

11744.0 1824.0 364.0 104.0 world.
12180.0 1824.0 212.0 96.0 But
12452.0 1816.0 436.0 116.0 having
12952.0 1828.0 264.0 88.0 seen
13288.0 1804.0 260.0 104.0 how

11744.0 1960.0 192.0 96.0 the
12012.0 1952.0 424.0 104.0 natives
12516.0 1948.0 264.0 108.0 live,
12864.0 1940.0 44.0 100.0 I
12988.0 1956.0 220.0 80.0 was
13304.0 1952.0 204.0 100.0 per-

11736.0 2084.0 288.0 120.0 haps
12132.0 2096.0 300.0 84.0 more
12552.0 2064.0 576.0 116.0 conscious
13252.0 2068.0 292.0 96.0 than

11732.0 2228.0 348.0 96.0 many
12132.0 2224.0 456.0 96.0 persons
12652.0 2200.0 132.0 100.0 of
12840.0 2200.0 180.0 96.0 the
13080.0 2192.0 424.0 104.0 formid-

11732.0 2344.0 244.0 100.0 able
12016.0 2336.0 700.0 116.0 adjustment
12756.0 2324.0 484.0 128.0 problem
13284.0 2328.0 260.0 96.0 that

11732.0 2492.0 228.0 80.0 was
12048.0 2468.0 440.0 112.0 watting
12584.0 2464.0 196.0 100.0 for
12864.0 2452.0 468.0 116.0 recruits
13428.0 2448.0 112.0 104.0 to

11732.0 2604.0 196.0 100.0 the
11988.0 2596.0 348.0 108.0 Peace
12396.0 2596.0 392.0 116.0 Corps.

11868.0 2724.0 472.0 124.0 Sargent
12432.0 2720.0 468.0 100.0 Shrlver
12996.0 2708.0 232.0 112.0 and
13348.0 2708.0 184.0 100.0 his

11724.0 2856.0 676.0 104.0 lieutenants
12464.0 2852.0 312.0 100.0 have
12852.0 2840.0 280.0 108.0 done
13204.0 2856.0 324.0 84.0 some

11724.0 2988.0 260.0 100.0 wise
12076.0 2984.0 372.0 116.0 things
12532.0 2976.0 288.0 100.0 with
12892.0 2972.0 192.0 104.0 the
13164.0 2972.0 368.0 96.0 Peace

11728.0 3120.0 348.0 112.0 Corps
12124.0 3112.0 224.0 100.0 and
12396.0 3100.0 480.0 116.0 avoided
12924.0 3116.0 340.0 96.0 many
13324.0 3096.0 176.0 120.0 pit-

11724.0 3244.0 288.0 100.0 falls.
12100.0 3240.0 300.0 116.0 They
12480.0 3236.0 308.0 100.0 have
12872.0 3228.0 360.0 104.0 raised
13328.0 3228.0 200.0 96.0 the

11724.0 3388.0 468.0 100.0 average
12272.0 3384.0 196.0 100.0 age
12556.0 3360.0 584.0 116.0 markedly
13220.0 3356.0 308.0 96.0 from

11716.0 3508.0 204.0 96.0 the
11992.0 3496.0 460.0 116.0 original
12532.0 3488.0 592.0 120.0 blueprint
13200.0 3480.0 328.0 116.0 They

11732.0 3632.0 288.0 96.0 have
12132.0 3620.0 556.0 104.0 recruited
12804.0 3616.0 364.0 116.0 slowly
13284.0 3608.0 236.0 104.0 and

11724.0 3756.0 528.0 100.0 screened
12296.0 3748.0 572.0 116.0 carefully.
12900.0 3748.0 300.0 112.0 They
13236.0 3740.0 300.0 104.0 have

11712.0 3888.0 208.0 96.0 not
11992.0 3884.0 160.0 100.0 let
12224.0 3884.0 184.0 100.0 the
12480.0 3896.0 348.0 96.0 corps
12900.0 3872.0 456.0 100.0 become
13448.0 3884.0 68.0 84.0 a

11716.0 4016.0 388.0 116.0 refuge
12164.0 4008.0 280.0 104.0 from
12508.0 4000.0 1008.0 128.0 military.service.

11724.0 4212.0 316.0 184.0 Only
12100.0 4212.0 260.0 144.0 Few
12404.0 4224.0 180.0 128.0 At
12640.0 4200.0 364.0 144.0 Work
13208.0 4256.0 40.0 24.0 -

11836.0 4436.0 308.0 116.0 They
12200.0 4432.0 276.0 100.0 have
12536.0 4428.0 428.0 100.0 chosen
13024.0 4416.0 492.0 128.0 projects

11716.0 4564.0 268.0 100.0 with
12080.0 4560.0 200.0 108.0 the
12368.0 4556.0 444.0 104.0 utmost
12896.0 4568.0 280.0 92.0 care,
13288.0 4540.0 232.0 104.0 and

11716.0 4692.0 472.0 100.0 without
12228.0 4688.0 344.0 100.0 haste.
12620.0 4680.0 260.0 100.0 And
12916.0 4676.0 260.0 120.0 they
13220.0 4676.0 300.0 96.0 have

11712.0 4820.0 212.0 100.0 nut
12000.0 4820.0 356.0 100.0 heavy
12432.0 4816.0 364.0 100.0 stress
12876.0 4824.0 140.0 84.0 on
13104.0 4800.0 376.0 100.0 educa

11712.0 4952.0 272.0 96.0 tion,
12076.0 4944.0 352.0 100.0 which
12524.0 4940.0 104.0 100.0 is
12740.0 4940.0 192.0 96.0 the
13016.0 4928.0 284.0 104.0 field
13396.0 4928.0 124.0 104.0 of

9752.0 5180.0 732.0 112.0 conditioned
10604.0 5180.0 112.0 104.0 In
10820.0 5180.0 208.0 104.0 the
11144.0 5172.0 440.0 124.0 tropics,

9756.0 5316.0 236.0 104.0 and
10068.0 5316.0 112.0 100.0 to
10340.0 5316.0 128.0 96.0 at
10552.0 5312.0 116.0 100.0 in
10744.0 5312.0 200.0 100.0 the
11036.0 5308.0 248.0 104.0 best
11356.0 5324.0 184.0 84.0 res-

9744.0 5448.0 552.0 100.0 taurants.
10432.0 5440.0 300.0 104.0 With
10812.0 5436.0 212.0 104.0 the
11120.0 5440.0 420.0 104.0 benevo-

9752.0 5580.0 244.0 96.0 lent
10076.0 5568.0 676.0 124.0 Indulgence
10836.0 5568.0 124.0 108.0 of
11048.0 5572.0 240.0 104.0 The
11368.0 5572.0 164.0 96.0 En-

9748.0 5704.0 400.0 120.0 quirer,
10224.0 5704.0 60.0 104.0 I
10368.0 5700.0 440.0 124.0 usually
10884.0 5704.0 304.0 104.0 have
11264.0 5716.0 312.0 92.0 man-

10088.0 11112.0 1384.0 1000.0 IIbv

6384.0 12496.0 56.0 160.0 i
6552.0 12496.0 96.0 160.0 i.
6768.0 12496.0 96.0 160.0 j
7640.0 12496.0 104.0 160.0 l
8176.0 12496.0 48.0 160.0 i
8600.0 12512.0 40.0 144.0 i
8792.0 12496.0 312.0 160.0 lj
9496.0 12496.0 232.0 160.0 y

9748.0 5064.0 252.0 112.0 stay
10080.0 5052.0 120.0 104.0 In
10276.0 5056.0 220.0 96.0 the
10568.0 5052.0 244.0 104.0 best
10888.0 5048.0 416.0 112.0 hotels,
11376.0 5044.0 212.0 100.0 air-
11712.0 5072.0 688.0 104.0 greatest
12472.0 5060.0 728.0 116.0 opportunity
13280.0 5052.0 240.0 104.0 and

11716.0 5224.0 488.0 100.0 greatest
12276.0 5224.0 316.0 92.0 neea,
12688.0 5224.0 228.0 72.0 ana
12992.0 5224.0 236.0 68.0 aiso
13328.0 5224.0 192.0 64.0 uie

11716.0 5332.0 272.0 104.0 field
12028.0 5336.0 124.0 104.0 to
12192.0 5324.0 352.0 104.0 which
12592.0 5316.0 656.0 108.0 Americans
13296.0 5332.0 224.0 84.0 can

11704.0 5456.0 328.0 124.0 bring
12084.0 5456.0 196.0 104.0 the
12328.0 5452.0 308.0 104.0 most
12696.0 5444.0 568.0 124.0 expertise.

11828.0 5588.0 280.0 108.0 Nine
12272.0 5584.0 472.0 112.0 months
12904.0 5576.0 284.0 104.0 after
13372.0 5568.0 148.0 104.0 its

11704.0 5708.0 640.0 128.0 launching,
12428.0 5712.0 212.0 100.0 the
12736.0 5708.0 336.0 104.0 Peace
13156.0 5704.0 368.0 112.0 Corps

11700.0 5852.0 216.0 100.0 has
11972.0 5844.0 228.0 104.0 had
12260.0 5836.0 440.0 108.0 around
12780.0 5836.0 312.0 108.0 14,000
13152.0 5828.0 320.0 120.0 appli-

11704.0 5976.0 356.0 112.0 cants,
12168.0 5972.0 120.0 100.0 of
12384.0 5972.0 388.0 96.0 whom
12876.0 5964.0 232.0 100.0 9000
13220.0 5960.0 296.0 100.0 have

11704.0 6108.0 344.0 100.0 taken
12124.0 6120.0 404.0 80.0 exama
12620.0 6096.0 228.0 100.0 But
12916.0 6096.0 312.0 96.0 there
13320.0 6104.0 192.0 88.0 are

11700.0 6236.0 268.0 116.0 only
12056.0 6228.0 336.0 108.0 about
12476.0 6228.0 204.0 100.0 400
12776.0 6240.0 532.0 92.0 overseas,
13408.0 6212.0 120.0 104.0 of

11700.0 6368.0 368.0 96.0 whom
12172.0 6360.0 256.0 116.0 only
12528.0 6376.0 80.0 84.0 a
12724.0 6348.0 468.0 104.0 handful
13316.0 6364.0 192.0 84.0 are

11700.0 6488.0 492.0 120.0 actually
12252.0 6492.0 116.0 100.0 at
12424.0 6484.0 320.0 100.0 work
12868.0 6480.0 184.0 100.0 the
13112.0 6476.0 396.0 100.0 others

11692.0 6620.0 236.0 108.0 still
11984.0 6616.0 120.0 104.0 In
12164.0 6612.0 528.0 116.0 training.
12756.0 6608.0 492.0 100.0 Another
13316.0 6604.0 188.0 100.0 400

11696.0 6768.0 192.0 80.0 are
11936.0 6744.0 120.0 104.0 in
12100.0 6744.0 496.0 120.0 training
12644.0 6740.0 128.0 100.0 In
12816.0 6740.0 184.0 96.0 the
13044.0 6736.0 120.0 100.0 U.
13216.0 6736.0 112.0 100.0 a
13376.0 6736.0 128.0 92.0 A.

11696.0 6880.0 300.0 96.0 Even
12076.0 6872.0 272.0 100.0 next
12424.0 6880.0 724.0 96.0 summer,
13232.0 6860.0 272.0 120.0 only

11696.0 7008.0 344.0 96.0 about
12088.0 7004.0 248.0 96.0 2000
12380.0 7000.0 120.0 100.0 to
12552.0 6996.0 268.0 104.0 2500
12868.0 6992.0 208.0 100.0 will
13132.0 6988.0 152.0 104.0 be
13336.0 7008.0 132.0 84.0 re-

11684.0 7132.0 436.0 104.0 cruited
12184.0 7128.0 216.0 100.0 and
12460.0 7124.0 128.0 104.0 in
12660.0 7120.0 512.0 116.0 training.

11876.0 7260.0 272.0 100.0 This
12224.0 7252.0 92.0 104.0 Is
12396.0 7272.0 68.0 84.0 a
12540.0 7256.0 292.0 100.0 slow
12900.0 7252.0 308.0 112.0 start
13292.0 7248.0 212.0 100.0 but

11688.0 7392.0 260.0 96.0 that
11996.0 7392.0 368.0 112.0 surely
12412.0 7384.0 104.0 100.0 Is
12572.0 7384.0 300.0 96.0 wise.
12932.0 7384.0 212.0 108.0 I've
13200.0 7376.0 304.0 100.0 been

11684.0 7520.0 348.0 100.0 asked
12132.0 7516.0 244.0 96.0 how
12472.0 7532.0 72.0 80.0 a
12660.0 7516.0 216.0 96.0 few
12968.0 7504.0 532.0 104.0 hundred

11688.0 7668.0 376.0 100.0 young
12188.0 7644.0 388.0 116.0 people
12716.0 7660.0 212.0 80.0 can
13056.0 7656.0 404.0 80.0 accom-

11684.0 7776.0 296.0 120.0 plish
12080.0 7772.0 548.0 120.0 anything
12724.0 7760.0 656.0 124.0 significant

11680.0 7904.0 128.0 104.0 In
11912.0 7908.0 200.0 96.0 the
12216.0 7904.0 376.0 104.0 whole,
12712.0 7900.0 264.0 108.0 vast,
13076.0 7896.0 380.0 100.0 under-

11680.0 8032.0 604.0 116.0 developed
12324.0 8028.0 380.0 100.0 world.
12752.0 8024.0 248.0 104.0 This
13044.0 8024.0 448.0 100.0 doesn't

11684.0 8180.0 352.0 104.0 worry
12100.0 8180.0 212.0 92.0 me,
12372.0 8160.0 176.0 100.0 for
12624.0 8160.0 60.0 96.0 I
12752.0 8156.0 272.0 100.0 have
13084.0 8148.0 412.0 104.0 visited

11684.0 8292.0 568.0 104.0 countries
12324.0 8288.0 108.0 100.0 in
12508.0 8284.0 388.0 104.0 Africa
12968.0 8284.0 376.0 100.0 where
13428.0 8300.0 64.0 80.0 a

11680.0 8416.0 520.0 108.0 hundred
12296.0 8436.0 116.0 84.0 or
12508.0 8436.0 140.0 80.0 so
12756.0 8408.0 752.0 108.0 missionaries

11684.0 8552.0 196.0 96.0 did
11984.0 8556.0 200.0 96.0 the
12296.0 8548.0 364.0 100.0 entire
12776.0 8540.0 708.0 104.0 educational

11676.0 8680.0 192.0 120.0 Job
11916.0 8680.0 176.0 100.0 for
12140.0 8676.0 120.0 100.0 30
12312.0 8696.0 116.0 80.0 or
12472.0 8680.0 132.0 96.0 40
12664.0 8696.0 312.0 104.0 years
13096.0 8672.0 264.0 116.0 plus
13416.0 8688.0 64.0 80.0 a

11688.0 8808.0 408.0 104.0 sizable
12188.0 8808.0 240.0 124.0 part
12512.0 8808.0 136.0 104.0 of
12736.0 8808.0 188.0 100.0 the
13004.0 8796.0 492.0 108.0 medical

13660.0 1568.0 260.0 84.0 care
14028.0 1552.0 224.0 96.0 and
14352.0 1552.0 372.0 108.0 public
14840.0 1552.0 428.0 84.0 neaiin.
15364.0 1560.0 116.0 76.0 a

13660.0 1680.0 272.0 116.0 they
14012.0 1692.0 188.0 88.0 are
14276.0 1668.0 396.0 108.0 skilled
14744.0 1664.0 252.0 108.0 and
15068.0 1656.0 412.0 104.0 tactful

13656.0 1808.0 240.0 100.0 and
13964.0 1796.0 612.0 116.0 dedicated,
14644.0 1808.0 68.0 84.0 a
14780.0 1788.0 236.0 104.0 few
15080.0 1784.0 400.0 156.0 peopta

13660.0 1956.0 216.0 80.0 can
13940.0 1936.0 148.0 96.0 do
14144.0 1948.0 144.0 80.0 an
14352.0 1916.0 640.0 120.0 amazingly
15044.0 1912.0 180.0 120.0 big
15276.0 1900.0 204.0 132.0 job

13660.0 2064.0 120.0 100.0 in
13864.0 2084.0 76.0 84.0 a
14020.0 2056.0 468.0 116.0 country
14564.0 2052.0 352.0 100.0 that's
14996.0 2040.0 488.0 116.0 startlns;

13660.0 2192.0 300.0 100.0 from
14032.0 2184.0 472.0 112.0 scratch.

13780.0 2352.0 244.0 100.0 The
14068.0 2340.0 516.0 120.0 Nigerian
14640.0 2328.0 508.0 104.0 Incident
15272.0 2320.0 212.0 108.0 the

13656.0 2476.0 600.0 100.0 indiscreet
14324.0 2460.0 516.0 132.0 postcard
14980.0 2456.0 100.0 104.0 Is
15136.0 2452.0 120.0 104.0 of
15312.0 2472.0 168.0 88.0 no

13656.0 2608.0 724.0 120.0 Importance.
14456.0 2596.0 104.0 100.0 It
14624.0 2584.0 548.0 128.0 probably
15240.0 2600.0 236.0 88.0 was

13660.0 2756.0 68.0 80.0 a
13864.0 2728.0 288.0 124.0 good
14276.0 2724.0 356.0 112.0 thing,
14760.0 2716.0 492.0 100.0 because
15388.0 2712.0 96.0 104.0 It

13660.0 2852.0 692.0 112.0 dramatized
14460.0 2852.0 176.0 96.0 for
14740.0 2844.0 168.0 104.0 all
15020.0 2844.0 464.0 120.0 present

13656.0 2992.0 236.0 100.0 and
13964.0 2992.0 372.0 96.0 future
14408.0 2980.0 344.0 104.0 Peace
14824.0 2976.0 364.0 120.0 Corps
15248.0 2972.0 184.0 100.0 vol-

13656.0 3124.0 460.0 96.0 unteers
14204.0 3112.0 200.0 104.0 the
14500.0 3108.0 496.0 112.0 dangers
15092.0 3096.0 120.0 104.0 of
15300.0 3096.0 132.0 100.0 in-

13652.0 3244.0 600.0 104.0 discretion
14380.0 3236.0 120.0 100.0 in
14560.0 3252.0 68.0 84.0 a
14684.0 3248.0 256.0 100.0 wsy
15008.0 3228.0 252.0 104.0 that
15308.0 3244.0 172.0 84.0 no

13656.0 3372.0 556.0 116.0 warnings
14304.0 3364.0 292.0 100.0 from
14684.0 3356.0 320.0 104.0 their
15092.0 3372.0 336.0 100.0 super-

13656.0 3504.0 352.0 100.0 visors
14076.0 3516.0 252.0 80.0 ever
14396.0 3488.0 328.0 104.0 could
14796.0 3488.0 196.0 96.0 do.
15060.0 3468.0 220.0 116.0 But
15344.0 3484.0 136.0 104.0 of

13652.0 3648.0 396.0 84.0 course
14108.0 3628.0 192.0 100.0 the
14364.0 3616.0 512.0 104.0 Incident
14936.0 3632.0 272.0 104.0 gave
15264.0 3612.0 208.0 104.0 the

13656.0 3752.0 580.0 104.0 dedicated
14376.0 3744.0 508.0 100.0 enemies
15024.0 3740.0 120.0 104.0 of
15268.0 3740.0 212.0 104.0 the

13656.0 3884.0 544.0 112.0 Kennedy
14264.0 3868.0 944.0 112.0 administration,
15268.0 3868.0 212.0 100.0 the

13652.0 4020.0 352.0 96.0 Peace
14040.0 4016.0 336.0 108.0 corps
14416.0 4004.0 224.0 100.0 and
14668.0 3996.0 828.0 104.0 International

13652.0 4140.0 752.0 120.0 co-operation
14472.0 4152.0 68.0 80.0 a
14600.0 4152.0 216.0 100.0 peg
14884.0 4148.0 164.0 80.0 on
15104.0 4124.0 372.0 104.0 which

13656.0 4280.0 116.0 96.0 to
13816.0 4276.0 308.0 112.0 hang
14160.0 4264.0 296.0 104.0 their
14496.0 4256.0 628.0 108.0 hostilities.
15160.0 4256.0 316.0 120.0 They

13652.0 4420.0 288.0 80.0 were
14004.0 4396.0 280.0 104.0 alert
14344.0 4396.0 120.0 96.0 to
14520.0 4384.0 756.0 124.0 opportunity.

13768.0 4576.0 172.0 96.0 No
14068.0 4568.0 344.0 100.0 doubt
14536.0 4564.0 328.0 100.0 there
14996.0 4552.0 220.0 104.0 will
15336.0 4552.0 160.0 112.0 be

13660.0 4720.0 316.0 84.0 more
14092.0 4696.0 584.0 112.0 incidents,
14788.0 4688.0 248.0 104.0 and
15140.0 4704.0 328.0 84.0 more

13648.0 4832.0 540.0 104.0 frictions.
14240.0 4824.0 212.0 104.0 OIs
14504.0 4840.0 148.0 80.0 on
14704.0 4820.0 296.0 116.0 duty
15048.0 4816.0 424.0 100.0 abroad

13656.0 4980.0 188.0 84.0 are
13964.0 4948.0 504.0 108.0 invovled
14576.0 4948.0 116.0 104.0 in
14808.0 4948.0 332.0 100.0 them
15248.0 4944.0 184.0 104.0 fre-

13652.0 5088.0 492.0 120.0 quently.
14200.0 5088.0 140.0 96.0 So
14396.0 5096.0 192.0 84.0 are
14640.0 5072.0 480.0 108.0 tourists
15224.0 5072.0 252.0 104.0 and

13648.0 5232.0 604.0 92.0 newsmen,
14304.0 5208.0 180.0 104.0 for
14540.0 5208.0 256.0 100.0 that
14852.0 5204.0 444.0 100.0 matter.
15352.0 5200.0 120.0 108.0 It

13648.0 5344.0 364.0 100.0 would
14120.0 5344.0 132.0 96.0 be
14352.0 5344.0 456.0 108.0 strange
14920.0 5332.0 96.0 100.0 If
15112.0 5332.0 356.0 100.0 Peace

13652.0 5476.0 356.0 120.0 Corps
14060.0 5464.0 624.0 108.0 volunteers
14740.0 5460.0 212.0 108.0 did
15004.0 5460.0 200.0 104.0 not
15252.0 5476.0 240.0 88.0 run

13664.0 5604.0 248.0 104.0 Into
14024.0 5596.0 708.0 124.0 antagonism
14844.0 5612.0 264.0 92.0 now
15212.0 5592.0 240.0 108.0 and

13652.0 5736.0 312.0 100.0 then.

13656.0 5940.0 108.0 136.0 In
13828.0 5928.0 384.0 144.0 Good
14268.0 5916.0 604.0 156.0 Tradition
15248.0 5980.0 40.0 128.0 ;
15384.0 6068.0 48.0 32.0 ,

13772.0 6168.0 360.0 100.0 There
14196.0 6180.0 188.0 84.0 are
14452.0 6160.0 212.0 96.0 two
14724.0 6152.0 252.0 104.0 sets
15036.0 6144.0 120.0 108.0 of
15212.0 6164.0 204.0 104.0 pec-

13652.0 6296.0 180.0 120.0 pie
13884.0 6296.0 248.0 96.0 who
14184.0 6308.0 188.0 84.0 are
14424.0 6288.0 196.0 100.0 out
14668.0 6284.0 116.0 100.0 to
14836.0 6296.0 380.0 92.0 smear
15260.0 6280.0 204.0 100.0 the

13656.0 6428.0 356.0 104.0 Peace
14120.0 6424.0 352.0 112.0 Corps
14580.0 6432.0 212.0 84.0 our
14916.0 6408.0 492.0 104.0 chauvin-

13648.0 6556.0 208.0 100.0 ists
13948.0 6548.0 124.0 108.0 at
14160.0 6552.0 364.0 104.0 home,
14612.0 6540.0 236.0 104.0 and
14948.0 6544.0 472.0 96.0 Commu-

13648.0 6684.0 236.0 104.0 nist
13964.0 6688.0 396.0 112.0 agents
14436.0 6692.0 136.0 84.0 or
14644.0 6664.0 824.0 128.0 sympathizers

13652.0 6812.0 116.0 104.0 in
13856.0 6816.0 200.0 96.0 the
14148.0 6800.0 560.0 112.0 countries
14788.0 6792.0 680.0 108.0 concerned.

13648.0 6948.0 520.0 96.0 Between
14236.0 6940.0 348.0 104.0 them,
14644.0 6932.0 344.0 100.0 these
15048.0 6944.0 372.0 88.0 uncon-

13644.0 7072.0 376.0 100.0 scious
14132.0 7068.0 516.0 120.0 partners
14752.0 7076.0 284.0 100.0 may
15140.0 7056.0 312.0 100.0 work

13632.0 7220.0 320.0 84.0 some
14020.0 7196.0 372.0 120.0 Injury
14456.0 7196.0 120.0 100.0 to
14640.0 7188.0 208.0 104.0 the
14916.0 7184.0 540.0 120.0 standing

13636.0 7332.0 232.0 96.0 and
13936.0 7328.0 204.0 104.0 the
14204.0 7324.0 796.0 100.0 effectiveness
15060.0 7316.0 120.0 104.0 of
15244.0 7316.0 208.0 104.0 the

13636.0 7460.0 208.0 52.0 Dnn
14100.0 7460.0 296.0 52.0 Vwnat

13632.0 7516.0 48.0 44.0 t
13720.0 7512.0 264.0 48.0 caw
14056.0 7512.0 192.0 44.0 vut
14268.0 7512.0 132.0 64.0 yo

13756.0 7632.0 232.0 96.0 But
14036.0 7624.0 528.0 120.0 basically
14612.0 7620.0 84.0 104.0 It
14748.0 7616.0 576.0 104.0 embodies
15372.0 7596.0 128.0 120.0 a'

13628.0 7764.0 296.0 96.0 valid
14012.0 7760.0 220.0 100.0 and
14324.0 7752.0 620.0 104.0 honorable
15028.0 7744.0 368.0 104.0 Ameri-

13648.0 7912.0 212.0 76.0 can
13912.0 7884.0 556.0 100.0 tradition.
14516.0 7884.0 100.0 96.0 It
14660.0 7880.0 92.0 100.0 Is
14796.0 7896.0 76.0 84.0 a
14916.0 7872.0 544.0 104.0 tradition

13640.0 8020.0 124.0 96.0 of
13840.0 8016.0 340.0 116.0 doing
14252.0 8012.0 280.0 120.0 good
14608.0 8008.0 112.0 104.0 In
14800.0 8008.0 212.0 100.0 the
15084.0 8004.0 372.0 116.0 world,

13648.0 8148.0 232.0 96.0 and
13996.0 8140.0 588.0 116.0 especially
14688.0 8152.0 428.0 104.0 among
15220.0 8132.0 232.0 100.0 less

13644.0 8276.0 568.0 100.0 fortunate
14320.0 8264.0 440.0 124.0 peoples
14904.0 8284.0 128.0 80.0 as
15132.0 8260.0 280.0 104.0 Intel-

13640.0 8404.0 460.0 116.0 ligently
14184.0 8420.0 120.0 80.0 as
14392.0 8396.0 520.0 120.0 possible,
15004.0 8392.0 220.0 104.0 and
15308.0 8388.0 112.0 104.0 al-

13636.0 8556.0 296.0 92.0 ways
14024.0 8528.0 668.0 120.0 generously.
14784.0 8528.0 180.0 96.0 No
15052.0 8524.0 392.0 104.0 nation

13636.0 8684.0 260.0 80.0 ever
13976.0 8660.0 544.0 112.0 damaged
14608.0 8656.0 316.0 100.0 itself
15004.0 8652.0 140.0 120.0 by
15220.0 8652.0 192.0 104.0 act-

13636.0 8792.0 192.0 124.0 ing
13912.0 8792.0 116.0 100.0 in
14112.0 8792.0 244.0 100.0 that
14432.0 8784.0 340.0 120.0 spirit.

11720.0 9276.0 148.0 128.0 Is
12016.0 9316.0 188.0 84.0 oc
12248.0 9284.0 268.0 116.0 eat
12656.0 9268.0 920.0 168.0 Bystander

14704.0 9120.0 648.0 488.0 El

11704.0 9624.0 360.0 232.0 Ol
12184.0 9624.0 456.0 224.0 lie
12848.0 9632.0 320.0 216.0 M.
13416.0 9624.0 1176.0 224.0 JAMES
14720.0 9608.0 264.0 240.0 Va

11668.0 10196.0 688.0 208.0 Thursday
12440.0 10196.0 512.0 204.0 Thurpi

11836.0 10484.0 20.0 24.0 .
11968.0 10408.0 328.0 120.0 DON
12336.0 10404.0 80.0 116.0 T
12496.0 10396.0 548.0 120.0 BLAME
13124.0 10420.0 152.0 84.0 us
13368.0 10388.0 192.0 116.0 for
13632.0 10384.0 248.0 116.0 this
14036.0 10376.0 192.0 120.0 it's
14304.0 10376.0 164.0 120.0 all
14552.0 10372.0 300.0 120.0 Jack
14948.0 10368.0 492.0 116.0 Gulnn's

11696.0 10556.0 336.0 116.0 fault
12188.0 10552.0 364.0 120.0 There
12640.0 10576.0 248.0 84.0 was
12956.0 10576.0 72.0 84.0 a
13100.0 10532.0 636.0 120.0 bartender
13812.0 10528.0 268.0 116.0 who
14152.0 10524.0 232.0 116.0 had
14460.0 10552.0 76.0 84.0 a
14608.0 10520.0 432.0 112.0 doctor
15112.0 10516.0 188.0 116.0 for
15376.0 10548.0 84.0 84.0 a

11688.0 10704.0 476.0 140.0 regular
12264.0 10704.0 620.0 112.0 customer.
13056.0 10684.0 316.0 116.0 Late
13472.0 10708.0 348.0 112.0 every
13924.0 10676.0 656.0 124.0 afternoon,
14680.0 10664.0 212.0 120.0 the
15012.0 10656.0 452.0 120.0 medico

11688.0 10848.0 380.0 116.0 would
12128.0 10876.0 304.0 80.0 come
12488.0 10840.0 128.0 116.0 in
12684.0 10832.0 224.0 120.0 and
12964.0 10832.0 212.0 112.0 ask
13232.0 10828.0 212.0 112.0 for
13496.0 10856.0 68.0 88.0 a
13620.0 10816.0 460.0 144.0 daquiri
14228.0 10816.0 284.0 116.0 with
14576.0 10844.0 144.0 84.0 an
14792.0 10808.0 468.0 120.0 almond
15324.0 10808.0 128.0 116.0 in

11684.0 10992.0 132.0 120.0 it
11944.0 10992.0 356.0 116.0 Came
12348.0 11020.0 220.0 80.0 one
12624.0 10984.0 240.0 140.0 day
12916.0 10980.0 332.0 112.0 when
13308.0 10972.0 208.0 116.0 the
13576.0 10968.0 412.0 120.0 doctor
14044.0 10960.0 364.0 124.0 asked
14468.0 10960.0 192.0 120.0 for
14720.0 10956.0 200.0 116.0 his
14980.0 10952.0 476.0 148.0 regular

11660.0 11144.0 420.0 96.0 notion,
12212.0 11144.0 212.0 88.0 and
12552.0 11144.0 216.0 84.0 tne
12892.0 11144.0 596.0 76.0 oanenaer

9968.0 12496.0 152.0 128.0 O

6116.0 13084.0 360.0 140.0 'How
6568.0 13088.0 368.0 136.0 Come
7024.0 13088.0 112.0 140.0 A
7232.0 13088.0 592.0 136.0 Milkman
7912.0 13088.0 264.0 136.0 Can
8264.0 13080.0 300.0 144.0 Ride
8660.0 13080.0 280.0 144.0 Him
9112.0 13076.0 296.0 148.0 And
9480.0 13076.0 320.0 152.0 NcW
9892.0 13076.0 820.0 140.0 Frontiersmen
10796.0 13072.0 268.0 140.0 Can
11120.0 13076.0 116.0 132.0 I?
11356.0 13160.0 24.0 52.0 ,
11508.0 13184.0 28.0 20.0 .

5796.0 13432.0 848.0 208.0 Readers'
6768.0 13432.0 552.0 208.0 Views

11668.0 11268.0 356.0 100.0 found
12068.0 11268.0 148.0 96.0 he
12260.0 11280.0 212.0 80.0 was
12516.0 11260.0 216.0 96.0 out
12776.0 11256.0 116.0 100.0 of
12932.0 11248.0 548.0 104.0 almonds.

11664.0 11400.0 248.0 104.0 But,
11956.0 11396.0 324.0 116.0 being
12324.0 11412.0 60.0 80.0 a
12424.0 11388.0 348.0 116.0 quick
12816.0 11384.0 472.0 108.0 thinker,
13336.0 11384.0 148.0 92.0 he

11660.0 11524.0 472.0 104.0 cracked
12232.0 11544.0 68.0 80.0 a
12384.0 11520.0 468.0 116.0 hickory
12936.0 11512.0 204.0 100.0 nut
13248.0 11508.0 232.0 100.0 and

11660.0 11664.0 212.0 112.0 put
11940.0 11660.0 192.0 92.0 the
12204.0 11648.0 376.0 104.0 kernel
12656.0 11648.0 124.0 100.0 in
12856.0 11640.0 180.0 104.0 the
13108.0 11640.0 372.0 104.0 drink.

11660.0 11788.0 240.0 96.0 The
11968.0 11784.0 144.0 100.0 M.
12192.0 11784.0 116.0 92.0 D.
12384.0 11776.0 428.0 120.0 gasped
12888.0 11768.0 216.0 108.0 and
13184.0 11764.0 292.0 108.0 said:

11664.0 11916.0 388.0 100.0 "What
12104.0 11908.0 100.0 108.0 Is
12252.0 11908.0 344.0 104.0 this?"

11784.0 12100.0 232.0 100.0 The
12088.0 12096.0 608.0 100.0 bartender
12776.0 12088.0 380.0 124.0 gulped
13248.0 12084.0 232.0 104.0 and

11664.0 12228.0 280.0 104.0 said:
11984.0 12228.0 156.0 100.0 "A
12176.0 12224.0 452.0 124.0 hickory
12676.0 12220.0 448.0 128.0 daquiri,
13164.0 12220.0 320.0 100.0 doc."

11656.0 12592.0 20.0 28.0 '
11788.0 12584.0 456.0 96.0 EDGAR
12324.0 12584.0 136.0 92.0 M.
12552.0 12580.0 676.0 104.0 HELTMAN,
13328.0 12592.0 148.0 84.0 an

11652.0 12708.0 392.0 104.0 Inland
12124.0 12708.0 892.0 120.0 importers'
13096.0 12704.0 384.0 116.0 agent,

11652.0 12844.0 360.0 100.0 wants
12068.0 12844.0 136.0 96.0 Us
12256.0 12844.0 108.0 100.0 to
12416.0 12860.0 344.0 96.0 guess
12816.0 12840.0 184.0 108.0 the
13052.0 12836.0 424.0 116.0 largest

11652.0 12972.0 348.0 116.0 buyer
12148.0 12972.0 116.0 96.0 of
12404.0 12968.0 352.0 116.0 bingo
12888.0 12968.0 588.0 120.0 gambling

11652.0 13100.0 648.0 124.0 equipment
12344.0 13100.0 112.0 104.0 in
12508.0 13104.0 248.0 96.0 this
12804.0 13096.0 492.0 120.0 country.

5928.0 13804.0 960.0 324.0 Name
7040.0 13800.0 544.0 324.0 For
7716.0 13792.0 1880.0 324.0 Communist
9728.0 13784.0 1296.0 412.0 System:
11164.0 13748.0 2292.0 340.0 'Comilitarism'

3364.0 15424.0 248.0 120.0 The
3704.0 15424.0 584.0 116.0 deadliest
4372.0 15420.0 728.0 148.0 implication
5184.0 15424.0 104.0 116.0 is
5372.0 15424.0 272.0 116.0 that

3156.0 15600.0 776.0 116.0 Khrushchev
3968.0 15596.0 228.0 120.0 has
4236.0 15600.0 504.0 144.0 nothing
4776.0 15600.0 224.0 112.0 but
5036.0 15608.0 604.0 136.0 contempt

3148.0 15776.0 192.0 116.0 for
3404.0 15776.0 204.0 116.0 the
3676.0 15776.0 268.0 116.0 free
4008.0 15776.0 376.0 112.0 world
4536.0 15776.0 236.0 116.0 and
4840.0 15776.0 284.0 116.0 that
5188.0 15776.0 148.0 116.0 he
5412.0 15776.0 228.0 116.0 will

3148.0 15948.0 540.0 120.0 continue
3740.0 15952.0 140.0 116.0 to
3932.0 15948.0 152.0 120.0 do
4132.0 15980.0 152.0 88.0 as
4340.0 15948.0 144.0 116.0 he
4532.0 15952.0 508.0 148.0 pleases,
5096.0 15952.0 340.0 116.0 when
5488.0 15952.0 148.0 116.0 he

3140.0 16128.0 488.0 152.0 pleases,
3692.0 16124.0 400.0 120.0 where
4148.0 16124.0 160.0 116.0 he
4364.0 16124.0 496.0 148.0 pleases.

3364.0 16384.0 432.0 124.0 Unless
3856.0 16416.0 172.0 88.0 we
4088.0 16392.0 500.0 112.0 counter
4640.0 16388.0 252.0 120.0 him
4956.0 16380.0 684.0 160.0 vigorously

3144.0 16568.0 232.0 116.0 and
3420.0 16560.0 820.0 152.0 intelligently,
4292.0 16596.0 324.0 88.0 some
4668.0 16564.0 240.0 148.0 day
4960.0 16560.0 152.0 120.0 he
5164.0 16596.0 280.0 120.0 may
5492.0 16564.0 144.0 120.0 be

3140.0 16740.0 400.0 144.0 telling
3620.0 16740.0 196.0 120.0 his
3892.0 16736.0 948.0 148.0 grandchildren,
4932.0 16740.0 348.0 144.0 "Yes,
5368.0 16740.0 220.0 124.0 Vir-

3144.0 16916.0 344.0 144.0 ginia,
3540.0 16916.0 352.0 116.0 there
3944.0 16916.0 340.0 116.0 WAS
4336.0 16948.0 76.0 88.0 a
4460.0 16916.0 376.0 120.0 Santa
4888.0 16916.0 464.0 124.0 Claus."

612.0 17160.0 124.0 68.0 IT

612.0 17256.0 112.0 108.0 I,

560.0 17420.0 860.0 308.0 More
1644.0 17364.0 728.0 336.0 Than
2600.0 17352.0 1776.0 432.0 Diplomacy

612.0 17868.0 496.0 136.0 XTHIS
1216.0 17880.0 464.0 116.0 WEEK
1780.0 17920.0 76.0 80.0 a
1964.0 17896.0 328.0 104.0 team
2396.0 17884.0 136.0 116.0 of
2632.0 17912.0 368.0 84.0 seven

520.0 18088.0 968.0 124.0 cslinet-ranked
1564.0 18088.0 144.0 116.0 U.
1776.0 18088.0 108.0 116.0 S.
1952.0 18084.0 532.0 120.0 officials
2552.0 18080.0 224.0 120.0 will
2840.0 18084.0 160.0 112.0 be

520.0 18292.0 624.0 120.0 ineession
1188.0 18292.0 276.0 116.0 with
1512.0 18288.0 304.0 116.0 their
1852.0 18292.0 544.0 144.0 opposite
2436.0 18288.0 560.0 116.0 numbers

520.0 18492.0 128.0 120.0 in
732.0 18496.0 424.0 144.0 Japan.
1316.0 18492.0 480.0 116.0 Headed
1880.0 18492.0 168.0 144.0 by
2136.0 18492.0 628.0 144.0 Secretary
2856.0 18488.0 140.0 112.0 of

524.0 18700.0 344.0 124.0 State
920.0 18700.0 332.0 116.0 Dean
1304.0 18696.0 372.0 136.0 Rusk,
1728.0 18696.0 196.0 120.0 the
1980.0 18696.0 640.0 116.0 American
2668.0 18700.0 332.0 112.0 team

516.0 18896.0 524.0 124.0 iflaludes
1108.0 18900.0 208.0 112.0 the
1380.0 18896.0 716.0 120.0 Secretaries
2164.0 18900.0 136.0 112.0 of
2364.0 18900.0 628.0 140.0 Treasury,

524.0 19076.0 416.0 140.0 Labor,
984.0 19072.0 712.0 136.0 Commerce,
1736.0 19072.0 752.0 148.0 Agriculture
2528.0 19072.0 232.0 116.0 and
2804.0 19076.0 132.0 108.0 In-

520.0 19256.0 400.0 132.0 terior,
964.0 19256.0 272.0 144.0 plus
1276.0 19252.0 200.0 116.0 the
1528.0 19252.0 600.0 112.0 chairman
2176.0 19248.0 140.0 120.0 of
2364.0 19252.0 204.0 112.0 the
2616.0 19248.0 328.0 116.0 Presi-

516.0 19432.0 392.0 116.0 dent's
964.0 19428.0 472.0 116.0 Council
1500.0 19428.0 144.0 116.0 of
1704.0 19424.0 620.0 120.0 Economic
2384.0 19420.0 604.0 120.0 Advisers.

516.0 19572.0 332.0 176.0 Tfiey
948.0 19604.0 236.0 116.0 will
1284.0 19608.0 320.0 112.0 meet
1704.0 19600.0 500.0 144.0 steadily
2312.0 19600.0 288.0 116.0 with
2700.0 19600.0 292.0 144.0 high

516.0 19748.0 592.0 204.0 Japanese
1156.0 19776.0 528.0 120.0 officials
1728.0 19784.0 120.0 112.0 at
1888.0 19780.0 540.0 132.0 Hakone,
2480.0 19808.0 76.0 88.0 a
2600.0 19780.0 392.0 116.0 resort

516.0 19980.0 296.0 96.0 near
904.0 19960.0 216.0 112.0 ML
1220.0 19956.0 300.0 144.0 Fuji,
1624.0 19956.0 184.0 112.0 for
1896.0 19952.0 440.0 116.0 almost
2432.0 19952.0 260.0 116.0 half
2776.0 19952.0 216.0 112.0 the

516.0 20136.0 364.0 116.0 week.
1048.0 20132.0 328.0 116.0 Next
1484.0 20160.0 316.0 116.0 year,
1904.0 20164.0 84.0 80.0 a
2092.0 20124.0 236.0 120.0 like
2436.0 20132.0 316.0 112.0 team
2852.0 20124.0 144.0 120.0 of

512.0 20316.0 584.0 164.0 Japanese
1212.0 20304.0 224.0 116.0 will
1552.0 20336.0 316.0 84.0 come
1980.0 20308.0 140.0 116.0 to
2232.0 20308.0 212.0 112.0 the
2556.0 20300.0 432.0 124.0 United

508.0 20488.0 444.0 128.0 States,
1012.0 20480.0 248.0 120.0 and
1312.0 20480.0 104.0 120.0 if
1476.0 20480.0 212.0 120.0 the
1744.0 20484.0 468.0 112.0 scheme
2272.0 20480.0 392.0 116.0 works
2724.0 20480.0 264.0 116.0 well

508.0 20616.0 400.0 168.0 itVill
976.0 20664.0 556.0 116.0 continue
1604.0 20660.0 272.0 112.0 with
1944.0 20656.0 596.0 116.0 alternate
2604.0 20652.0 380.0 120.0 visits.

620.0 20932.0 236.0 112.0 -lit
896.0 20928.0 100.0 112.0 is
1040.0 20956.0 160.0 84.0 an
1248.0 20920.0 500.0 116.0 unusual
1792.0 20920.0 280.0 116.0 kind
2112.0 20920.0 140.0 116.0 of
2296.0 20920.0 688.0 144.0 diplomacy.

508.0 21104.0 252.0 120.0 The
804.0 21104.0 280.0 140.0 only
1132.0 21096.0 236.0 120.0 real
1416.0 21096.0 664.0 148.0 precedent
2128.0 21096.0 128.0 116.0 in
2300.0 21096.0 144.0 120.0 U.
2492.0 21096.0 112.0 116.0 S.
2656.0 21128.0 280.0 112.0 prac-

504.0 21280.0 272.0 132.0 tice,
872.0 21276.0 108.0 120.0 is
1076.0 21280.0 136.0 108.0 to
1304.0 21276.0 140.0 112.0 be
1548.0 21272.0 364.0 116.0 found
2016.0 21276.0 128.0 112.0 in
2240.0 21276.0 212.0 112.0 the
2548.0 21272.0 440.0 112.0 annual

500.0 21456.0 584.0 140.0 meetings
1160.0 21448.0 136.0 120.0 of
1364.0 21448.0 628.0 120.0 American
2068.0 21448.0 240.0 116.0 and
2384.0 21444.0 600.0 120.0 Canadian

492.0 21588.0 476.0 204.0 cabinet
1092.0 21628.0 536.0 132.0 officers,
1756.0 21624.0 380.0 116.0 which
2260.0 21624.0 308.0 116.0 have
2688.0 21624.0 292.0 116.0 been

496.0 21804.0 372.0 148.0 going
908.0 21840.0 156.0 80.0 on
1112.0 21808.0 196.0 112.0 for
1348.0 21804.0 344.0 144.0 eight
1736.0 21836.0 384.0 112.0 years.
2248.0 21800.0 380.0 116.0 These
2676.0 21796.0 308.0 120.0 have

492.0 21988.0 304.0 116.0 been
860.0 21980.0 484.0 144.0 notably
1408.0 21976.0 692.0 120.0 successful.

688.0 22244.0 284.0 120.0 -The
1056.0 22240.0 404.0 148.0 object
1560.0 22244.0 120.0 116.0 in
1772.0 22244.0 204.0 112.0 the
2072.0 22268.0 528.0 88.0 sessions
2684.0 22236.0 292.0 116.0 with

680.0 22400.0 40.0 116.0 !

488.0 22524.0 444.0 252.0 vfece
1036.0 22588.0 228.0 164.0 Of
1348.0 22596.0 284.0 156.0 The
1736.0 22592.0 876.0 196.0 ENQUIRER

664.0 22908.0 204.0 128.0 Ils
924.0 22932.0 220.0 88.0 not
1208.0 22920.0 192.0 92.0 the

472.0 23048.0 548.0 128.0 iiirease
1240.0 23052.0 36.0 104.0 i
1324.0 23084.0 76.0 68.0 n
1512.0 23020.0 68.0 128.0 i

468.0 23240.0 56.0 80.0 1
568.0 23192.0 208.0 124.0 tle
888.0 23308.0 16.0 12.0 .
968.0 23196.0 432.0 108.0 atomic
1508.0 23224.0 76.0 88.0 V

472.0 23332.0 488.0 140.0 fallout,
1108.0 23336.0 84.0 112.0 b
1240.0 23376.0 68.0 68.0 u
1356.0 23360.0 40.0 88.0 I

468.0 23520.0 48.0 92.0 1
608.0 23520.0 36.0 84.0 )
900.0 23504.0 500.0 92.0 scare

468.0 23616.0 568.0 164.0 whipped
1192.0 23664.0 76.0 72.0 n
1316.0 23660.0 80.0 104.0 p

460.0 23784.0 500.0 164.0 bjihalf
960.0 23764.0 440.0 124.0 -baked

460.0 23908.0 524.0 184.0 riferts,
1136.0 23920.0 256.0 116.0 that

460.0 24084.0 276.0 132.0 nitty
864.0 24084.0 256.0 108.0 into
1188.0 24068.0 200.0 120.0 the

456.0 24224.0 336.0 132.0 haftd
944.0 24224.0 144.0 116.0 of
1184.0 24220.0 200.0 120.0 the

448.0 24372.0 652.0 124.0 Commie.

3136.0 17876.0 580.0 144.0 Japanese
3796.0 17872.0 564.0 136.0 officials,
4436.0 17904.0 140.0 84.0 as
4648.0 17876.0 128.0 116.0 in
4848.0 17876.0 216.0 116.0 the
5140.0 17908.0 276.0 88.0 case
5492.0 17876.0 136.0 124.0 of

3128.0 18048.0 516.0 140.0 Canada,
3728.0 18044.0 232.0 120.0 will
4040.0 18052.0 224.0 112.0 not
4348.0 18048.0 140.0 116.0 be
4564.0 18056.0 140.0 112.0 to
4780.0 18052.0 352.0 116.0 make
5212.0 18088.0 368.0 112.0 agree-

3136.0 18236.0 376.0 108.0 ments
3556.0 18256.0 148.0 84.0 or
3744.0 18232.0 140.0 108.0 to
3924.0 18224.0 640.0 140.0 negotiate.
4692.0 18228.0 496.0 140.0 Rather,
5236.0 18232.0 104.0 116.0 it
5388.0 18232.0 232.0 116.0 will

3136.0 18404.0 144.0 112.0 be
3332.0 18408.0 128.0 112.0 to
3512.0 18400.0 464.0 116.0 discuss
4028.0 18404.0 740.0 144.0 thoroughly
4816.0 18404.0 216.0 120.0 the
5088.0 18436.0 532.0 88.0 common

3136.0 18576.0 576.0 152.0 problems
3812.0 18576.0 136.0 116.0 of
4028.0 18580.0 220.0 112.0 the
4344.0 18576.0 600.0 120.0 countries
5040.0 18576.0 572.0 144.0 involved,

3136.0 18752.0 624.0 148.0 especially
3820.0 18852.0 16.0 12.0 .
3888.0 18752.0 324.0 120.0 their
4340.0 18756.0 600.0 116.0 economic
5072.0 18756.0 500.0 120.0 relation-

3132.0 18928.0 352.0 148.0 ships.
3620.0 18928.0 364.0 116.0 What
4040.0 18928.0 300.0 116.0 such
4404.0 18932.0 764.0 120.0 conferences
5228.0 18968.0 348.0 116.0 repre-

3132.0 19112.0 292.0 128.0 sent,
3484.0 19104.0 648.0 132.0 therefore,
4196.0 19108.0 116.0 116.0 is
4372.0 19116.0 204.0 108.0 not
4636.0 19148.0 84.0 80.0 a
4780.0 19144.0 268.0 80.0 new
5104.0 19112.0 320.0 120.0 form
5484.0 19112.0 132.0 120.0 of

3132.0 19280.0 656.0 148.0 diplomacy
3840.0 19312.0 140.0 84.0 or
4028.0 19316.0 76.0 80.0 a
4156.0 19316.0 264.0 84.0 new
4472.0 19284.0 500.0 124.0 channel
5028.0 19288.0 132.0 120.0 of
5204.0 19288.0 132.0 140.0 it,
5400.0 19292.0 216.0 116.0 but

3132.0 19488.0 76.0 84.0 a
3252.0 19456.0 732.0 148.0 supplement
4032.0 19464.0 132.0 108.0 to
4216.0 19456.0 692.0 148.0 diplomacy.

3336.0 19720.0 112.0 116.0 It
3492.0 19716.0 104.0 120.0 is
3648.0 19716.0 696.0 144.0 significant
4396.0 19724.0 272.0 116.0 that
4712.0 19724.0 212.0 116.0 the
4976.0 19732.0 236.0 112.0 two
5256.0 19760.0 304.0 84.0 coun-

3128.0 19892.0 284.0 120.0 tries
3468.0 19900.0 136.0 112.0 to
3656.0 19892.0 384.0 116.0 which
4100.0 19896.0 256.0 112.0 this
4408.0 19896.0 632.0 148.0 technique
5100.0 19900.0 104.0 116.0 is
5260.0 19904.0 352.0 144.0 being

3128.0 20068.0 448.0 148.0 applied
3656.0 20100.0 212.0 88.0 are
3944.0 20100.0 228.0 88.0 our
4248.0 20076.0 236.0 112.0 two
4556.0 20076.0 276.0 116.0 best
4912.0 20084.0 692.0 116.0 customers.

3128.0 20244.0 204.0 116.0 We
3384.0 20244.0 216.0 116.0 sell
3660.0 20276.0 328.0 88.0 more
4044.0 20248.0 376.0 140.0 goods
4476.0 20256.0 128.0 112.0 to
4660.0 20252.0 404.0 148.0 Japan
5120.0 20252.0 296.0 124.0 than
5476.0 20264.0 128.0 108.0 to

3124.0 20452.0 236.0 112.0 any
3404.0 20416.0 348.0 120.0 other
3796.0 20432.0 508.0 132.0 country
4348.0 20424.0 116.0 116.0 in
4508.0 20424.0 212.0 120.0 the
4768.0 20432.0 372.0 112.0 world
5188.0 20440.0 416.0 140.0 except

3124.0 20592.0 508.0 120.0 Canada.
3772.0 20592.0 268.0 120.0 And
4100.0 20600.0 388.0 140.0 Japan
4544.0 20604.0 284.0 112.0 sells
4888.0 20636.0 328.0 88.0 more
5268.0 20616.0 136.0 112.0 to
5460.0 20640.0 144.0 84.0 us

3128.0 20772.0 284.0 116.0 than
3500.0 20780.0 140.0 108.0 to
3732.0 20800.0 236.0 116.0 any
4056.0 20776.0 360.0 116.0 other
4500.0 20780.0 512.0 148.0 country
5104.0 20780.0 496.0 124.0 without

3124.0 20944.0 640.0 148.0 exception.

3344.0 21216.0 592.0 144.0 Precisely
3984.0 21216.0 504.0 120.0 because
4536.0 21224.0 388.0 144.0 Japan
4984.0 21228.0 224.0 124.0 has
5252.0 21236.0 344.0 116.0 made

3116.0 21424.0 80.0 84.0 a
3264.0 21396.0 740.0 140.0 spectacular
4068.0 21400.0 596.0 116.0 economic
4736.0 21408.0 472.0 132.0 growth
5276.0 21412.0 320.0 116.0 since

3120.0 21568.0 200.0 116.0 the
3392.0 21600.0 248.0 80.0 war
3796.0 21568.0 208.0 112.0 the
4072.0 21576.0 536.0 140.0 greatest
4680.0 21576.0 136.0 116.0 of
4892.0 21612.0 240.0 116.0 any
5200.0 21584.0 416.0 116.0 indus-'

3120.0 21740.0 272.0 116.0 trial
3496.0 21740.0 416.0 116.0 nation
4064.0 21776.0 180.0 80.0 we
4352.0 21748.0 296.0 120.0 have
4756.0 21788.0 336.0 84.0 some
5188.0 21760.0 356.0 120.0 formi-

3116.0 21920.0 340.0 116.0 dable
3500.0 21916.0 628.0 148.0 problems.
4268.0 21920.0 116.0 120.0 It
4428.0 21924.0 104.0 112.0 is
4580.0 21956.0 76.0 84.0 a
4704.0 21936.0 708.0 140.0 temptation
5464.0 21948.0 128.0 108.0 to

3116.0 22096.0 532.0 116.0 consider
3752.0 22092.0 388.0 148.0 Japan
4244.0 22128.0 76.0 80.0 a
4420.0 22100.0 748.0 152.0 challenging
5260.0 22112.0 332.0 120.0 rival.

3116.0 22272.0 236.0 112.0 But
3436.0 22276.0 136.0 108.0 to
3660.0 22300.0 236.0 84.0 run
3980.0 22300.0 168.0 116.0 up
4240.0 22268.0 520.0 128.0 barriers
4856.0 22284.0 476.0 140.0 against
5432.0 22288.0 160.0 120.0 its

3112.0 22444.0 752.0 144.0 competition
3948.0 22448.0 392.0 112.0 would
4416.0 22452.0 456.0 144.0 imperil
4956.0 22492.0 224.0 84.0 our
5252.0 22496.0 296.0 84.0 enor-

3120.0 22652.0 328.0 80.0 mous
3488.0 22628.0 432.0 136.0 export
3968.0 22624.0 380.0 128.0 trade,
4396.0 22632.0 228.0 112.0 and
4672.0 22632.0 260.0 116.0 also
4976.0 22636.0 360.0 124.0 invite
5388.0 22644.0 204.0 116.0 the

3116.0 22792.0 240.0 116.0 risk
3448.0 22792.0 140.0 116.0 of
3676.0 22796.0 488.0 144.0 Japan's
4268.0 22800.0 592.0 124.0 defection
4964.0 22812.0 308.0 116.0 from
5372.0 22848.0 224.0 88.0 our

3116.0 22968.0 504.0 148.0 political
3664.0 22972.0 236.0 116.0 and
3940.0 22976.0 528.0 148.0 military
4508.0 22980.0 536.0 124.0 alliance.

3332.0 23232.0 204.0 112.0 We
3608.0 23240.0 328.0 104.0 must
3996.0 23232.0 264.0 116.0 find
4336.0 23272.0 72.0 84.0 a
4476.0 23272.0 328.0 88.0 more
4872.0 23252.0 664.0 120.0 statesman-

3116.0 23404.0 224.0 112.0 like
3392.0 23404.0 512.0 120.0 solution
3952.0 23416.0 124.0 108.0 to
4124.0 23444.0 232.0 84.0 our
4404.0 23448.0 540.0 88.0 common
4996.0 23432.0 588.0 140.0 problems

3112.0 23576.0 276.0 116.0 with
3460.0 23580.0 212.0 120.0 the
3740.0 23580.0 592.0 148.0 Japanese
4400.0 23592.0 296.0 120.0 than
4764.0 23608.0 596.0 116.0 economic
5432.0 23612.0 104.0 112.0 ri-

3112.0 23752.0 332.0 148.0 valry
3484.0 23756.0 232.0 112.0 and
3768.0 23760.0 520.0 140.0 reprisal.
4336.0 23768.0 312.0 120.0 That
4688.0 23776.0 108.0 108.0 is
4836.0 23808.0 80.0 84.0 a
4960.0 23772.0 200.0 148.0 big
5200.0 23780.0 376.0 140.0 order,

3112.0 23928.0 228.0 116.0 and
3408.0 23928.0 92.0 112.0 it
3572.0 23932.0 412.0 116.0 makes
4048.0 23968.0 352.0 88.0 sense
4464.0 23952.0 128.0 108.0 to
4664.0 23948.0 400.0 120.0 tackle
5128.0 23952.0 100.0 116.0 it
5288.0 23960.0 292.0 112.0 with

3108.0 24140.0 76.0 80.0 a
3292.0 24100.0 464.0 124.0 cabinet
3868.0 24116.0 356.0 132.0 team,
4348.0 24120.0 580.0 152.0 rounding
5040.0 24136.0 216.0 112.0 out
5372.0 24132.0 212.0 120.0 the

3104.0 24280.0 476.0 144.0 regular
3628.0 24284.0 332.0 112.0 work
4020.0 24288.0 308.0 116.0 done
4380.0 24296.0 116.0 116.0 in
4552.0 24296.0 216.0 124.0 the
4824.0 24300.0 352.0 120.0 usual
5228.0 24304.0 300.0 116.0 chan-

3104.0 24460.0 252.0 112.0 nels
3400.0 24452.0 136.0 124.0 of
3584.0 24456.0 696.0 152.0 diplomacy.
5356.0 24584.0 28.0 68.0 f

5916.0 14268.0 492.0 104.0 Ridicule
6464.0 14268.0 96.0 104.0 is
6616.0 14288.0 224.0 84.0 one
6896.0 14264.0 116.0 104.0 of
7064.0 14268.0 192.0 100.0 the
7316.0 14264.0 304.0 104.0 most

5788.0 14432.0 532.0 120.0 powerful
6380.0 14432.0 372.0 100.0 forces
6808.0 14428.0 124.0 104.0 in
6984.0 14432.0 192.0 96.0 the
7236.0 14424.0 384.0 104.0 world.

5784.0 14596.0 236.0 100.0 The
6080.0 14592.0 504.0 124.0 problem
6648.0 14592.0 100.0 100.0 Is
6808.0 14592.0 120.0 104.0 to
6992.0 14592.0 300.0 100.0 show
7360.0 14588.0 260.0 104.0 that

5780.0 14752.0 780.0 104.0 Communism
6624.0 14752.0 100.0 104.0 is
6792.0 14752.0 636.0 100.0 ridiculous.

5912.0 14924.0 184.0 92.0 We
6140.0 14936.0 212.0 80.0 can
6396.0 14916.0 296.0 104.0 start
6728.0 14916.0 272.0 96.0 with
7040.0 14916.0 192.0 96.0 the
7276.0 14912.0 340.0 116.0 word,

5784.0 15052.0 792.0 100.0 "militarlsm.M
6664.0 15048.0 632.0 100.0 Militarism
7388.0 15048.0 232.0 100.0 and

5776.0 15188.0 196.0 100.0 the
6028.0 15188.0 220.0 96.0 will
6296.0 15188.0 116.0 96.0 to
6464.0 15200.0 380.0 104.0 power
6896.0 15200.0 184.0 84.0 are
7128.0 15200.0 444.0 96.0 synony-

5776.0 15344.0 356.0 84.0 mous,
6180.0 15340.0 124.0 80.0 or
6348.0 15320.0 416.0 100.0 almost
6808.0 15336.0 156.0 80.0 so.
7008.0 15316.0 228.0 100.0 The
7284.0 15320.0 288.0 92.0 com-

5772.0 15456.0 520.0 108.0 munists,
6332.0 15472.0 128.0 84.0 as
6500.0 15448.0 376.0 104.0 stated
6924.0 15452.0 136.0 116.0 by
7096.0 15448.0 476.0 100.0 Khrush-

5772.0 15596.0 312.0 108.0 chev,
6152.0 15592.0 284.0 96.0 have
6500.0 15588.0 208.0 96.0 the
6768.0 15584.0 220.0 100.0 will
7052.0 15588.0 116.0 92.0 to
7232.0 15600.0 384.0 100.0 power

5772.0 15744.0 264.0 84.0 over
6120.0 15724.0 196.0 100.0 the
6396.0 15724.0 368.0 96.0 whole
6844.0 15720.0 368.0 96.0 world.
7300.0 15720.0 312.0 112.0 They

5772.0 15864.0 176.0 116.0 try
6004.0 15860.0 116.0 96.0 to
6176.0 15856.0 256.0 100.0 hide
6488.0 15852.0 436.0 100.0 behind
6972.0 15856.0 192.0 96.0 the
7220.0 15848.0 348.0 100.0 sweet-

5772.0 15992.0 624.0 116.0 sounding,'
6440.0 15984.0 740.0 124.0 co-operative
7268.0 15984.0 344.0 108.0 word,

5776.0 16124.0 936.0 112.0 "Communism,"
6820.0 16120.0 412.0 100.0 when
7344.0 16120.0 272.0 112.0 they

5768.0 16264.0 356.0 112.0 really
6196.0 16260.0 284.0 100.0 have
6564.0 16276.0 72.0 80.0 a
6712.0 16252.0 392.0 104.0 selfish
7180.0 16248.0 224.0 100.0 will
7488.0 16252.0 124.0 96.0 to

5768.0 16416.0 372.0 104.0 power
6208.0 16396.0 176.0 100.0 for
6452.0 16392.0 208.0 100.0 the
6728.0 16388.0 476.0 100.0 Russian
7284.0 16388.0 284.0 92.0 Com-

5768.0 16532.0 440.0 104.0 munist
6316.0 16528.0 328.0 120.0 party
6756.0 16520.0 328.0 100.0 Itself.
7200.0 16516.0 368.0 100.0 Milita-

5768.0 16668.0 276.0 104.0 rism
6144.0 16664.0 96.0 100.0 Is
6340.0 16680.0 148.0 80.0 an
6592.0 16656.0 320.0 104.0 older
7004.0 16656.0 208.0 96.0 Ism
7316.0 16656.0 296.0 100.0 than

5768.0 16796.0 780.0 112.0 Communism
6596.0 16812.0 132.0 84.0 or
6768.0 16788.0 668.0 120.0 capitalism.

5892.0 16928.0 784.0 108.0 Communism
6824.0 16924.0 96.0 104.0 Is
7056.0 16920.0 556.0 116.0 certainly

5764.0 17072.0 536.0 112.0 basically
6404.0 17076.0 416.0 92.0 more
6928.0 17056.0 680.0 104.0 militaristic

5764.0 17208.0 288.0 96.0 than
6124.0 17204.0 100.0 100.0 Is
6288.0 17192.0 672.0 124.0 capitalism,
7028.0 17212.0 124.0 80.0 so
7220.0 17172.0 56.0 116.0 t
7348.0 17208.0 216.0 96.0 sug-

5764.0 17344.0 248.0 116.0 gest
6088.0 17356.0 68.0 80.0 a
6236.0 17352.0 240.0 80.0 new
6556.0 17328.0 344.0 112.0 word,
6972.0 17320.0 588.0 104.0 "Comlllta-

5760.0 17472.0 376.0 104.0 rlsm."
6200.0 17472.0 360.0 100.0 (Later
6632.0 17464.0 96.0 96.0 It
6788.0 17460.0 328.0 100.0 could
7184.0 17456.0 144.0 100.0 be
7396.0 17460.0 164.0 96.0 Co-

5756.0 17608.0 516.0 100.0 milltism
6360.0 17620.0 132.0 84.0 or
6584.0 17596.0 644.0 104.0 Comlllsm.)
7320.0 17592.0 276.0 104.0 This

5756.0 17740.0 308.0 96.0 word
6144.0 17736.0 264.0 124.0 puts
6492.0 17728.0 780.0 112.0 Communism
7360.0 17724.0 288.0 104.0 and.

5752.0 17872.0 644.0 104.0 militarism
6488.0 17868.0 524.0 120.0 together
7096.0 17884.0 132.0 80.0 as
7316.0 17864.0 284.0 116.0 they

5756.0 18008.0 356.0 116.0 really
6172.0 18024.0 220.0 80.0 are.

5884.0 18144.0 100.0 100.0 If
6028.0 18140.0 200.0 104.0 the
6272.0 18132.0 544.0 124.0 powerful
6864.0 18152.0 304.0 100.0 press
7212.0 18128.0 384.0 104.0 would

5752.0 18276.0 256.0 120.0 stop
6096.0 18272.0 332.0 120.0 using
6516.0 18272.0 208.0 96.0 the
6812.0 18268.0 296.0 100.0 word
7196.0 18272.0 352.0 96.0 "Com-

5752.0 18408.0 564.0 100.0 munism"
6368.0 18404.0 232.0 100.0 and
6660.0 18404.0 600.0 104.0 substitute
7320.0 18404.0 232.0 92.0 "Co-

5752.0 18544.0 696.0 100.0 militarism"
6496.0 18540.0 184.0 100.0 for
6724.0 18536.0 124.0 112.0 it,
6900.0 18556.0 64.0 84.0 a
7008.0 18536.0 160.0 100.0 lot
7212.0 18536.0 128.0 100.0 of
7384.0 18536.0 200.0 100.0 the

5748.0 18680.0 512.0 116.0 glamour
6324.0 18676.0 376.0 100.0 would
6772.0 18692.0 168.0 100.0 go.

5872.0 18816.0 276.0 116.0 Why
6204.0 18812.0 200.0 100.0 not
6460.0 18812.0 296.0 116.0 poke
6816.0 18824.0 304.0 84.0 some
7180.0 18804.0 216.0 100.0 fun
7464.0 18804.0 124.0 100.0 at

5744.0 18948.0 324.0 100.0 these
6128.0 18944.0 384.0 100.0 "lsts?"

5868.0 19080.0 728.0 104.0 GORDON
6680.0 19080.0 116.0 96.0 E.
6876.0 19076.0 368.0 112.0 PAPE,
7328.0 19076.0 256.0 100.0 2508

5740.0 19220.0 372.0 96.0 Union
6176.0 19212.0 456.0 108.0 Central
6696.0 19212.0 312.0 120.0 Bldg.

5800.0 19444.0 360.0 156.0 How
6248.0 19444.0 368.0 196.0 Long
6712.0 19440.0 220.0 160.0 Do
7008.0 19440.0 284.0 160.0 We

5736.0 19672.0 400.0 156.0 Wait
6212.0 19668.0 248.0 160.0 For
6536.0 19668.0 656.0 160.0 Action?'

5868.0 19912.0 328.0 100.0 What
6276.0 19912.0 440.0 116.0 exactly
6800.0 19908.0 100.0 104.0 Is
6984.0 19908.0 244.0 116.0 City
7312.0 19904.0 260.0 104.0 Hall

5740.0 20036.0 344.0 128.0 doing
6132.0 20044.0 336.0 100.0 about
6516.0 20044.0 200.0 100.0 the
6768.0 20040.0 804.0 116.0 underground

5744.0 20192.0 68.0 96.0 g
5852.0 20192.0 60.0 80.0 a
5952.0 20192.0 116.0 80.0 ra
6108.0 20192.0 68.0 100.0 g
6208.0 20192.0 60.0 84.0 e
6408.0 20172.0 236.0 100.0 and
6780.0 20172.0 792.0 120.0 rejuvenating

5740.0 20304.0 620.0 100.0 downtown
6440.0 20304.0 988.0 100.0 Cincinnati?
7512.0 20304.0 60.0 100.0 I

5736.0 20436.0 364.0 100.0 would
6144.0 20440.0 632.0 120.0 personally
6816.0 20436.0 216.0 100.0 like
7076.0 20440.0 112.0 96.0 to
7232.0 20436.0 336.0 100.0 know

5740.0 20568.0 380.0 100.0 before
6224.0 20568.0 52.0 100.0 I
6376.0 20572.0 248.0 96.0 cast
6732.0 20584.0 192.0 104.0 my
7028.0 20568.0 248.0 96.0 vote
7384.0 20568.0 184.0 100.0 for

5736.0 20704.0 560.0 96.0 members
6360.0 20704.0 120.0 96.0 of
6544.0 20700.0 256.0 120.0 City
6864.0 20700.0 496.0 100.0 Council!

5864.0 20836.0 232.0 96.0 The
6204.0 20836.0 456.0 116.0 present
6772.0 20832.0 456.0 100.0 Council
7344.0 20832.0 220.0 100.0 has

5732.0 20964.0 512.0 112.0 debated,
6396.0 20964.0 448.0 96.0 hashed
7004.0 20960.0 220.0 100.0 and
7396.0 20980.0 124.0 80.0 re-

5728.0 21096.0 468.0 112.0 hashed,
6268.0 21096.0 228.0 96.0 and
6572.0 21096.0 208.0 96.0 the
6856.0 21092.0 260.0 120.0 only
7196.0 21096.0 368.0 100.0 result

5740.0 21248.0 128.0 76.0 as
5932.0 21228.0 180.0 96.0 far
6172.0 21248.0 124.0 80.0 as
6352.0 21232.0 52.0 92.0 I
6460.0 21248.0 224.0 80.0 can
6748.0 21248.0 188.0 76.0 see
6996.0 21228.0 208.0 100.0 has
7264.0 21232.0 292.0 96.0 been

5732.0 21376.0 72.0 80.0 a
5860.0 21360.0 156.0 100.0 lot
6064.0 21360.0 120.0 96.0 of
6232.0 21376.0 660.0 100.0 newspaper
6940.0 21376.0 328.0 104.0 space
7324.0 21356.0 236.0 104.0 and

5732.0 21492.0 480.0 112.0 nothing
6276.0 21492.0 468.0 116.0 positive
6816.0 21492.0 116.0 96.0 to
7000.0 21492.0 308.0 96.0 show
7376.0 21488.0 188.0 100.0 for

5736.0 21620.0 124.0 96.0 it!
5944.0 21624.0 264.0 92.0 How
6280.0 21624.0 344.0 92.0 much
6704.0 21616.0 388.0 120.0 longer
7160.0 21620.0 152.0 100.0 do
7388.0 21636.0 172.0 84.0 we

5728.0 21752.0 292.0 100.0 have
6072.0 21756.0 120.0 96.0 to
6244.0 21756.0 256.0 92.0 wait
6556.0 21752.0 292.0 96.0 until
6904.0 21768.0 304.0 84.0 some
7264.0 21752.0 252.0 116.0 posi-

5728.0 21884.0 232.0 96.0 tive
6036.0 21888.0 304.0 108.0 steps
6420.0 21904.0 196.0 76.0 are
6696.0 21884.0 340.0 96.0 taken
7120.0 21880.0 436.0 104.0 toward

5728.0 22012.0 668.0 116.0 face-lifting
6476.0 22016.0 204.0 96.0 the
6764.0 22016.0 388.0 112.0 Queen
7236.0 22012.0 316.0 116.0 City?

5728.0 22144.0 192.0 96.0 It's
5968.0 22144.0 280.0 96.0 been
6292.0 22164.0 320.0 92.0 years
6656.0 22164.0 280.0 88.0 now,
6980.0 22144.0 376.0 104.0 hasnt
7404.0 22140.0 148.0 104.0 It?

5852.0 22276.0 368.0 92.0 MRS.
6320.0 22276.0 1004.0 96.0 ELIZABETH
7424.0 22276.0 132.0 100.0 A.

5724.0 22408.0 608.0 108.0 WALKER,
6384.0 22404.0 248.0 100.0 3316
6676.0 22408.0 328.0 96.0 Bevis
7052.0 22408.0 256.0 100.0 Ave.

5720.0 22620.0 712.0 208.0 'Apology
6524.0 22628.0 468.0 164.0 Owed

5712.0 22856.0 188.0 156.0 To
5972.0 22848.0 284.0 164.0 Mel
6316.0 22848.0 400.0 164.0 Allen

5840.0 23092.0 220.0 116.0 We.
6128.0 23096.0 192.0 96.0 the
6380.0 23096.0 404.0 120.0 people
6848.0 23096.0 124.0 96.0 of
7028.0 23100.0 192.0 96.0 the
7292.0 23096.0 256.0 116.0 City

5716.0 23224.0 124.0 100.0 of
5904.0 23228.0 664.0 108.0 Cincinnati,
6632.0 23248.0 196.0 80.0 are
6892.0 23236.0 200.0 96.0 not
7156.0 23252.0 124.0 76.0 so
7348.0 23248.0 148.0 80.0 en-

5716.0 23360.0 572.0 112.0 lightened
6348.0 23360.0 300.0 96.0 after
6704.0 23360.0 188.0 112.0 all,
6948.0 23360.0 220.0 96.0 and
7228.0 23360.0 188.0 100.0 it's
7472.0 23376.0 72.0 80.0 a

5712.0 23492.0 208.0 100.0 sad
5968.0 23496.0 484.0 108.0 travesty
6504.0 23508.0 316.0 96.0 upon
6876.0 23508.0 200.0 80.0 our
7120.0 23496.0 380.0 108.0 sports-

5708.0 23620.0 464.0 96.0 minded
6256.0 23620.0 584.0 116.0 populace,
6916.0 23624.0 252.0 96.0 that
7252.0 23640.0 288.0 80.0 even

5712.0 23752.0 124.0 96.0 at
5904.0 23752.0 364.0 96.0 World
6332.0 23752.0 364.0 96.0 Series
6764.0 23752.0 272.0 96.0 time
7100.0 23752.0 440.0 96.0 certain

5712.0 23880.0 668.0 104.0 Individuals
6476.0 23880.0 320.0 96.0 must
6896.0 23880.0 248.0 96.0 hurl
7248.0 23880.0 248.0 96.0 anti-

5712.0 24008.0 452.0 96.0 Semitic
6224.0 24012.0 508.0 104.0 remarks
6796.0 24020.0 124.0 92.0 at
6980.0 24012.0 564.0 104.0 members

5704.0 24140.0 128.0 100.0 of
5876.0 24144.0 200.0 92.0 the
6120.0 24136.0 512.0 124.0 "visiting
6684.0 24140.0 572.0 100.0 firemen."

5832.0 24268.0 220.0 96.0 Mel
6148.0 24268.0 348.0 112.0 Allen,
6592.0 24276.0 208.0 92.0 the
6892.0 24268.0 648.0 112.0 loquacious

5708.0 24396.0 392.0 96.0 "Voice
6164.0 24400.0 124.0 96.0 of
6356.0 24404.0 200.0 92.0 the
6628.0 24400.0 608.0 108.0 Yankees,"
7304.0 24416.0 236.0 84.0 was

5708.0 24548.0 152.0 80.0 on
5916.0 24532.0 200.0 100.0 the
6164.0 24532.0 556.0 116.0 receiving
6772.0 24528.0 228.0 100.0 end
7044.0 24532.0 120.0 96.0 of
7216.0 24548.0 324.0 84.0 some

7752.0 14260.0 612.0 112.0 extremely
8412.0 14256.0 412.0 100.0 vicious
8876.0 14252.0 404.0 104.0 insults
9328.0 14248.0 192.0 100.0 out-

7748.0 14396.0 244.0 100.0 side
8132.0 14392.0 200.0 96.0 the
8464.0 14388.0 448.0 100.0 Yankee
9056.0 14380.0 500.0 116.0 dressing

7748.0 14540.0 352.0 104.0 room,
8156.0 14520.0 556.0 112.0 following
8768.0 14520.0 188.0 96.0 the
9008.0 14516.0 264.0 96.0 fifth
9332.0 14512.0 220.0 100.0 and

7752.0 14656.0 284.0 100.0 final
8100.0 14672.0 320.0 100.0 game
8468.0 14648.0 124.0 96.0 of
8648.0 14648.0 196.0 96.0 the
8908.0 14644.0 228.0 100.0 1961
9196.0 14640.0 356.0 100.0 World

7752.0 14784.0 392.0 100.0 Series.

7868.0 14940.0 60.0 100.0 I
8012.0 14960.0 192.0 80.0 am
8292.0 14956.0 124.0 84.0 as
8500.0 14932.0 408.0 104.0 ardent
8992.0 14952.0 64.0 80.0 a
9144.0 14928.0 408.0 116.0 Redleg

7748.0 15072.0 204.0 104.0 fan
8004.0 15092.0 132.0 80.0 as
8184.0 15092.0 216.0 100.0 any
8444.0 15072.0 120.0 100.0 in
8616.0 15068.0 368.0 116.0 Clncy,
9032.0 15064.0 200.0 96.0 but
9280.0 15060.0 48.0 100.0 I
9380.0 15060.0 132.0 100.0 de-

7744.0 15208.0 312.0 112.0 plore
8116.0 15204.0 196.0 96.0 the
8372.0 15204.0 484.0 96.0 conduct
8912.0 15196.0 356.0 96.0 which
9332.0 15212.0 184.0 76.0 cer-

7744.0 15332.0 244.0 100.0 tain
8092.0 15332.0 128.0 100.0 of
8320.0 15348.0 196.0 80.0 our
8620.0 15332.0 260.0 100.0 fans
8980.0 15320.0 572.0 116.0 displayed

7744.0 15460.0 452.0 124.0 against
8248.0 15460.0 216.0 104.0 Mel
8520.0 15460.0 352.0 96.0 Allen.
8992.0 15452.0 560.0 116.0 Realizing

7760.0 15760.0 1060.0 212.0 Frenchman
8932.0 15756.0 728.0 204.0 Writes:

9696.0 14244.0 216.0 104.0 full
10008.0 14244.0 240.0 100.0 well
10348.0 14240.0 268.0 104.0 that
10708.0 14236.0 192.0 100.0 Mr.
11016.0 14232.0 312.0 100.0 Allen
11428.0 14228.0 100.0 104.0 is

9692.0 14404.0 384.0 100.0 rather
10124.0 14396.0 584.0 100.0 one-sided
10756.0 14392.0 116.0 104.0 in
10924.0 14392.0 196.0 100.0 his
11168.0 14388.0 352.0 120.0 praise

9692.0 14536.0 124.0 96.0 of
9884.0 14536.0 188.0 96.0 the
10136.0 14528.0 528.0 104.0 Yankees
10728.0 14524.0 272.0 104.0 (and
11072.0 14524.0 236.0 96.0 well
11372.0 14524.0 144.0 96.0 he

9692.0 14684.0 264.0 96.0 may
10032.0 14660.0 164.0 108.0 be,
10280.0 14656.0 312.0 100.0 after
10664.0 14656.0 184.0 104.0 the
10932.0 14668.0 252.0 100.0 way
11260.0 14652.0 256.0 116.0 they

9696.0 14792.0 268.0 100.0 took
10012.0 14812.0 204.0 80.0 our
10272.0 14788.0 372.0 112.0 Reds),
10700.0 14788.0 84.0 96.0 it
10840.0 14784.0 100.0 104.0 Is
11004.0 14804.0 156.0 84.0 no
11216.0 14800.0 300.0 84.0 more

9688.0 14924.0 228.0 100.0 fair
9980.0 14928.0 116.0 92.0 to
10164.0 14924.0 348.0 92.0 make
10584.0 14916.0 228.0 100.0 him
10880.0 14916.0 212.0 96.0 the
11164.0 14912.0 356.0 116.0 target

9692.0 15056.0 124.0 96.0 of
9880.0 15056.0 336.0 100.0 abuse
10272.0 15052.0 296.0 96.0 than
10632.0 15048.0 84.0 96.0 it
10768.0 15044.0 376.0 96.0 would
11212.0 15044.0 128.0 96.0 be
11396.0 15040.0 124.0 100.0 to

9688.0 15188.0 152.0 96.0 do
9892.0 15180.0 476.0 104.0 likewise
10420.0 15184.0 124.0 96.0 to
10588.0 15176.0 372.0 100.0 Elston
11024.0 15172.0 488.0 108.0 Howard,

9688.0 15316.0 308.0 96.0 Vada
10044.0 15312.0 424.0 100.0 Pinson
10520.0 15332.0 128.0 76.0 or
10696.0 15304.0 372.0 100.0 Frank
9688.0 15304.0 1780.0 248.0 Robinson.

11788.0 14236.0 100.0 96.0 It
11980.0 14236.0 100.0 100.0 is
12172.0 14252.0 180.0 100.0 my
12440.0 14232.0 472.0 104.0 humble
13008.0 14232.0 468.0 120.0 opinion

11660.0 14392.0 256.0 100.0 that
11964.0 14392.0 200.0 104.0 the
12216.0 14396.0 388.0 116.0 people
12664.0 14392.0 124.0 100.0 of
12840.0 14388.0 636.0 104.0 Cincinnati

11656.0 14568.0 240.0 84.0 owe
12016.0 14568.0 68.0 80.0 a
12208.0 14548.0 364.0 120.0 public
12716.0 14544.0 448.0 124.0 apology
13300.0 14548.0 180.0 100.0 for

11656.0 14712.0 324.0 96.0 those
12076.0 14704.0 212.0 100.0 few
12368.0 14704.0 688.0 120.0 unthinking
13152.0 14708.0 324.0 100.0 "sore

11656.0 14860.0 416.0 108.0 losers"
12136.0 14868.0 240.0 96.0 who
12436.0 14868.0 260.0 96.0 cast
12768.0 14884.0 64.0 80.0 a
12896.0 14864.0 356.0 120.0 blight
13324.0 14880.0 148.0 84.0 on

11656.0 15044.0 208.0 80.0 our
11908.0 15020.0 356.0 104.0 entire
12312.0 15020.0 572.0 124.0 populace.

11776.0 15264.0 348.0 104.0 JOHN
12208.0 15264.0 120.0 96.0 H.
12404.0 15260.0 584.0 124.0 KEEHAN,
13064.0 15264.0 408.0 116.0 D.D.S.,

11664.0 15424.0 248.0 100.0 49S2
11960.0 15420.0 516.0 124.0 Qlenway
12516.0 15424.0 272.0 100.0 Ave.
12952.0 15516.0 16.0 16.0 .
13128.0 15508.0 20.0 16.0 .

7980.0 16128.0 1128.0 404.0 Europe
9296.0 16088.0 1040.0 348.0 Needs
10536.0 16080.0 1092.0 336.0 United
11832.0 16092.0 1540.0 420.0 Germany

7988.0 16584.0 192.0 100.0 BY
8244.0 16588.0 388.0 100.0 ALICE
8696.0 16580.0 620.0 100.0 WIDENER

7932.0 16744.0 312.0 104.0 NEW
8284.0 16748.0 412.0 100.0 YORK:
8744.0 16744.0 96.0 104.0 A
8880.0 16740.0 428.0 104.0 French
9348.0 16736.0 168.0 104.0 col-

7736.0 16896.0 436.0 124.0 league,
8280.0 16900.0 492.0 104.0 Maurice
8876.0 16900.0 356.0 108.0 Ferro,
9348.0 16892.0 208.0 104.0 has

7732.0 17060.0 264.0 104.0 sent
8072.0 17080.0 196.0 84.0 me
8340.0 17080.0 68.0 84.0 a
8480.0 17080.0 284.0 100.0 copy
8836.0 17060.0 124.0 100.0 of
9028.0 17060.0 200.0 100.0 the
9304.0 17052.0 252.0 104.0 lead

7736.0 17220.0 400.0 104.0 article
8232.0 17224.0 204.0 104.0 "Le
8528.0 17220.0 260.0 104.0 Prix
8884.0 17220.0 140.0 100.0 de
9120.0 17216.0 440.0 104.0 Berlin"

7728.0 17380.0 280.0 108.0 (The
8092.0 17376.0 312.0 104.0 Price
8480.0 17380.0 128.0 100.0 of
8688.0 17372.0 416.0 120.0 Berlin)
9188.0 17372.0 364.0 104.0 which

7724.0 17540.0 156.0 96.0 he
7944.0 17540.0 352.0 100.0 wrote
8360.0 17540.0 176.0 100.0 for
8604.0 17540.0 152.0 100.0 Le
8820.0 17532.0 512.0 108.0 Courrier
9396.0 17536.0 152.0 100.0 du

7720.0 17700.0 648.0 100.0 Parlement
8420.0 17704.0 40.0 112.0 (
8488.0 17704.0 84.0 96.0 P
8604.0 17720.0 72.0 80.0 a
8708.0 17716.0 64.0 84.0 r
8796.0 17696.0 36.0 104.0 1
8868.0 17696.0 40.0 104.0 1
8940.0 17712.0 64.0 84.0 a
9036.0 17700.0 516.0 116.0 mentary

7720.0 17860.0 388.0 112.0 News).
8208.0 17860.0 328.0 100.0 Since
8596.0 17864.0 336.0 96.0 Ferro
8996.0 17856.0 96.0 104.0 Is
9156.0 17876.0 76.0 84.0 a
9292.0 17856.0 256.0 104.0 first

7720.0 17996.0 296.0 100.0 class
8084.0 17992.0 604.0 120.0 Journalist
8764.0 17992.0 220.0 100.0 and
9056.0 17996.0 488.0 100.0 staunch

7712.0 18132.0 608.0 116.0 supporter
8404.0 18128.0 124.0 100.0 of
8616.0 18128.0 204.0 100.0 the
8912.0 18124.0 140.0 104.0 de
9144.0 18124.0 404.0 100.0 Gaulle

7716.0 18264.0 764.0 112.0 government,
8556.0 18260.0 188.0 104.0 his
8820.0 18260.0 384.0 100.0 articie
9280.0 18276.0 264.0 96.0 may

7716.0 18392.0 140.0 100.0 be
7916.0 18396.0 348.0 100.0 taken
8328.0 18416.0 124.0 80.0 as
8508.0 18412.0 152.0 80.0 an
8724.0 18392.0 580.0 100.0 authentic
9360.0 18412.0 136.0 76.0 ex-

7712.0 18528.0 512.0 116.0 pression
8300.0 18532.0 120.0 92.0 of
8492.0 18528.0 204.0 96.0 the
8768.0 18528.0 428.0 100.0 French
9268.0 18524.0 268.0 100.0 view

7708.0 18660.0 132.0 100.0 of
7884.0 18660.0 204.0 100.0 the
8132.0 18660.0 376.0 100.0 Berlin
8552.0 18660.0 344.0 100.0 crisis

7840.0 18820.0 324.0 112.0 Here,
8256.0 18820.0 116.0 100.0 In
8452.0 18840.0 196.0 96.0 my
8732.0 18836.0 248.0 84.0 own
9060.0 18816.0 432.0 108.0 transla-

7708.0 18948.0 276.0 112.0 tion.
8048.0 18948.0 100.0 100.0 Is
8204.0 18952.0 196.0 96.0 the
8456.0 18952.0 596.0 100.0 substance
9104.0 18952.0 124.0 100.0 of
9284.0 18952.0 208.0 100.0 Fer-

7708.0 19084.0 220.0 100.0 ro's
7996.0 19080.0 424.0 100.0 article:

7712.0 19304.0 636.0 176.0 Germany
8404.0 19316.0 176.0 128.0 At
8640.0 19304.0 360.0 148.0 Stake

7824.0 19524.0 268.0 96.0 "Mr.
8176.0 19524.0 740.0 100.0 Khrushchev
8992.0 19520.0 240.0 104.0 told
9308.0 19520.0 184.0 104.0 for-

7700.0 19672.0 248.0 84.0 mer
8012.0 19660.0 580.0 96.0 President
8652.0 19660.0 272.0 100.0 Paul
8984.0 19656.0 544.0 116.0 Reynaud

7696.0 19780.0 120.0 104.0 In
7872.0 19784.0 308.0 104.0 their
8224.0 19788.0 292.0 100.0 talks
8568.0 19792.0 128.0 96.0 at
8740.0 19792.0 196.0 96.0 the
8980.0 19788.0 540.0 112.0 Kremlin,

7696.0 19920.0 416.0 100.0 'Berlin
8156.0 19916.0 100.0 104.0 Is
8296.0 19924.0 260.0 116.0 only
8596.0 19940.0 72.0 80.0 a
8708.0 19920.0 268.0 120.0 drop
9020.0 19920.0 120.0 100.0 of
9180.0 19920.0 344.0 100.0 water

7692.0 20048.0 264.0 100.0 that
8048.0 20056.0 424.0 96.0 cannot
8560.0 20052.0 356.0 120.0 swing
9000.0 20052.0 204.0 104.0 the
7696.0 20052.0 1780.0 248.0 balance-weight

8524.0 20184.0 124.0 104.0 to
8744.0 20204.0 216.0 80.0 one
9052.0 20184.0 244.0 104.0 side
9392.0 20200.0 128.0 80.0 or

7692.0 20312.0 208.0 100.0 the
7944.0 20316.0 396.0 100.0 other.'

7816.0 20472.0 304.0 104.0 "The
8220.0 20476.0 292.0 100.0 head
8620.0 20472.0 128.0 108.0 of
8844.0 20476.0 200.0 100.0 the
9148.0 20472.0 372.0 104.0 Soviet

7692.0 20612.0 736.0 108.0 government
8488.0 20608.0 100.0 104.0 Is
8652.0 20608.0 468.0 120.0 entirely
9184.0 20608.0 328.0 116.0 right

7688.0 20740.0 216.0 100.0 For
7940.0 20740.0 124.0 96.0 In
8104.0 20740.0 184.0 100.0 his
8328.0 20740.0 296.0 112.0 view,
8668.0 20744.0 368.0 96.0 Berlin
9080.0 20740.0 436.0 100.0 doesnt

7688.0 20876.0 380.0 96.0 count
8152.0 20876.0 236.0 96.0 The
8436.0 20876.0 232.0 96.0 real
8720.0 20876.0 376.0 96.0 stakes
9144.0 20872.0 120.0 96.0 In
9316.0 20872.0 196.0 96.0 the

7688.0 21008.0 320.0 112.0 great
8096.0 21004.0 648.0 116.0 diplomatic
8840.0 21004.0 344.0 96.0 battle
9272.0 21004.0 196.0 96.0 tak-

7688.0 21136.0 196.0 116.0 ing
7960.0 21136.0 328.0 116.0 place
8364.0 21140.0 500.0 96.0 between
8940.0 21136.0 264.0 96.0 East
9284.0 21132.0 228.0 100.0 and

7688.0 21268.0 300.0 100.0 West
8076.0 21272.0 100.0 92.0 Is
8260.0 21268.0 128.0 100.0 of
8468.0 21288.0 68.0 76.0 a
8628.0 21272.0 368.0 92.0 vaster
9084.0 21264.0 384.0 116.0 signifi-

7680.0 21420.0 360.0 76.0 cance
8076.0 21404.0 288.0 92.0 than
8404.0 21404.0 192.0 96.0 the
8640.0 21404.0 416.0 92.0 former
9092.0 21396.0 416.0 116.0 capital

7680.0 21536.0 128.0 96.0 of
7860.0 21536.0 604.0 112.0 Germany;
8516.0 21536.0 308.0 92.0 what
8872.0 21532.0 96.0 96.0 is
9016.0 21536.0 124.0 92.0 at
9188.0 21532.0 316.0 96.0 stake

7680.0 21660.0 100.0 104.0 is
7824.0 21664.0 200.0 96.0 the
8064.0 21668.0 356.0 96.0 whole
8460.0 21664.0 128.0 96.0 of
8624.0 21668.0 592.0 108.0 Germany.

7804.0 21824.0 228.0 96.0 "To
8092.0 21820.0 264.0 120.0 gain
8412.0 21820.0 328.0 112.0 most
8800.0 21824.0 468.0 92.0 Moscow
9324.0 21816.0 148.0 96.0 de-

7680.0 21952.0 588.0 116.0 liberately
8320.0 21960.0 432.0 92.0 creates
8800.0 21956.0 200.0 96.0 the
9048.0 21952.0 424.0 112.0 Impres-

7676.0 22088.0 256.0 96.0 sion
8000.0 22088.0 136.0 96.0 of
8208.0 22088.0 460.0 112.0 seeking
8744.0 22080.0 280.0 100.0 least
9212.0 22080.0 296.0 100.0 West

7680.0 22216.0 388.0 100.0 Berlin
8148.0 22236.0 132.0 80.0 as
8352.0 22236.0 72.0 80.0 a
8496.0 22220.0 308.0 92.0 'Free
8872.0 22212.0 312.0 120.0 City.'
9256.0 22280.0 32.0 32.0 .
9368.0 22280.0 32.0 32.0 .
9472.0 22276.0 36.0 40.0 .

7676.0 22352.0 276.0 96.0 This
8008.0 22348.0 504.0 116.0 seeming
8568.0 22348.0 496.0 116.0 paradox
9120.0 22364.0 388.0 84.0 ceases

7672.0 22484.0 128.0 96.0 to
7852.0 22484.0 136.0 96.0 be
8036.0 22500.0 228.0 80.0 one
8308.0 22488.0 328.0 92.0 when
8680.0 22476.0 372.0 100.0 Berlin
9100.0 22476.0 100.0 96.0 is
9244.0 22496.0 220.0 80.0 con-

7676.0 22612.0 448.0 100.0 sidered
8216.0 22612.0 420.0 116.0 merely
8724.0 22628.0 128.0 80.0 as
8936.0 22628.0 68.0 76.0 a
9100.0 22608.0 404.0 116.0 simple

7676.0 22744.0 608.0 96.0 detonator
8332.0 22764.0 128.0 80.0 or
8512.0 22764.0 72.0 76.0 a
8636.0 22740.0 692.0 100.0 strike-fire."

9696.0 16568.0 232.0 100.0 and
10004.0 16556.0 428.0 124.0 again."
10512.0 16560.0 352.0 104.0 writes
10936.0 16556.0 160.0 100.0 M.
11176.0 16560.0 348.0 108.0 Ferro,

9684.0 16700.0 228.0 96.0 "To
9980.0 16692.0 260.0 96.0 lend
10316.0 16692.0 100.0 100.0 it
10488.0 16708.0 300.0 80.0 more
10860.0 16688.0 440.0 112.0 weight
11372.0 16684.0 148.0 100.0 he

9684.0 16824.0 652.0 100.0 authorized
10408.0 16824.0 204.0 96.0 the
10680.0 16820.0 656.0 100.0 authorities
11396.0 16816.0 124.0 100.0 of

9680.0 16956.0 480.0 104.0 Pankow
10244.0 16956.0 136.0 96.0 to
10460.0 16952.0 304.0 100.0 build
10844.0 16972.0 72.0 76.0 a
11004.0 16948.0 512.0 100.0 concrete

9684.0 17092.0 256.0 96.0 wall
9988.0 17108.0 148.0 76.0 on
10192.0 17088.0 216.0 96.0 the
10456.0 17088.0 220.0 100.0 site
10724.0 17084.0 408.0 108.0 where,
11188.0 17080.0 288.0 112.0 figur-

9684.0 17220.0 432.0 116.0 atively,
10172.0 17220.0 340.0 96.0 there
10568.0 17216.0 96.0 100.0 Is
10724.0 17232.0 140.0 80.0 an
10928.0 17216.0 268.0 96.0 Iron
11256.0 17216.0 220.0 96.0 Cur-

9676.0 17356.0 280.0 100.0 tain.
9808.0 17484.0 548.0 116.0 "Nothing
10420.0 17500.0 312.0 80.0 more
10788.0 17496.0 244.0 84.0 was
11088.0 17476.0 424.0 100.0 needed

9672.0 17620.0 192.0 100.0 for
9928.0 17620.0 192.0 96.0 the
10192.0 17616.0 424.0 100.0 United
10688.0 17616.0 380.0 96.0 States
11140.0 17612.0 336.0 96.0 Imme-

9672.0 17752.0 416.0 112.0 diately
10168.0 17748.0 128.0 96.0 to
10384.0 17744.0 536.0 116.0 entangle
11008.0 17744.0 300.0 96.0 itself
11388.0 17740.0 128.0 100.0 In

9668.0 17880.0 764.0 120.0 negotiations
10520.0 17880.0 256.0 96.0 with
10860.0 17880.0 212.0 96.0 the
11156.0 17872.0 356.0 100.0 Soviet

9668.0 18020.0 364.0 96.0 Union
10196.0 18012.0 272.0 100.0 that
10628.0 18024.0 276.0 84.0 were
11076.0 18024.0 388.0 80.0 camou-

9664.0 18148.0 376.0 120.0 flaged
10248.0 18140.0 992.0 124.0 euphemistically
11380.0 18156.0 132.0 80.0 as

9668.0 18276.0 968.0 120.0 'soundings-out'

9792.0 18420.0 484.0 92.0 "France
10352.0 18408.0 324.0 104.0 tried,
10748.0 18404.0 116.0 104.0 in
10940.0 18408.0 376.0 104.0 effect
11384.0 18400.0 124.0 100.0 to

9664.0 18544.0 332.0 116.0 bring
10044.0 18548.0 348.0 92.0 home
10452.0 18544.0 160.0 104.0 (to
10660.0 18540.0 192.0 100.0 the
10908.0 18540.0 348.0 104.0 West)
11312.0 18536.0 192.0 96.0 the

9660.0 18676.0 492.0 124.0 political
10216.0 18672.0 568.0 116.0 necessity
10840.0 18672.0 132.0 96.0 of
11036.0 18668.0 472.0 116.0 keeping

9660.0 18812.0 248.0 96.0 cool
9960.0 18808.0 220.0 100.0 and
10228.0 18808.0 132.0 96.0 of
10412.0 18800.0 772.0 120.0 proclaiming,
11228.0 18816.0 280.0 80.0 once

9656.0 18948.0 192.0 92.0 for
9932.0 18940.0 176.0 108.0 all.
10188.0 18940.0 272.0 96.0 that
10544.0 18940.0 192.0 96.0 the
10812.0 18936.0 316.0 96.0 West
11212.0 18932.0 92.0 96.0 is
11380.0 18928.0 120.0 100.0 In

9656.0 19076.0 380.0 96.0 Berlin
10092.0 19076.0 500.0 92.0 because
10644.0 19068.0 116.0 100.0 of
10812.0 19068.0 156.0 96.0 Its
11032.0 19064.0 296.0 116.0 right
11380.0 19064.0 124.0 96.0 to

9652.0 19212.0 148.0 96.0 be
9900.0 19208.0 344.0 104.0 there,
10344.0 19204.0 272.0 96.0 that
10704.0 19196.0 496.0 116.0 nothing
11284.0 19212.0 212.0 80.0 can

9652.0 19344.0 344.0 100.0 make
10060.0 19340.0 92.0 96.0 it
10220.0 19340.0 196.0 112.0 get
10484.0 19332.0 228.0 108.0 out
10780.0 19332.0 240.0 96.0 and
11096.0 19332.0 244.0 96.0 that
11408.0 19324.0 92.0 100.0 If

9648.0 19488.0 628.0 100.0 necessary,
10356.0 19468.0 100.0 96.0 it
10532.0 19468.0 92.0 96.0 Is
10696.0 19464.0 348.0 112.0 ready
11120.0 19460.0 112.0 100.0 to
11300.0 19480.0 196.0 76.0 use

9648.0 19608.0 316.0 96.0 force
10024.0 19608.0 120.0 92.0 to
10204.0 19600.0 352.0 96.0 make
10620.0 19600.0 384.0 96.0 others
11068.0 19592.0 432.0 120.0 respect

9648.0 19736.0 156.0 104.0 Its
9868.0 19736.0 384.0 116.0 rights.

9652.0 19896.0 828.0 168.0 Washington
10536.0 19884.0 360.0 144.0 Takes
10952.0 19880.0 324.0 152.0 Pulse

11652.0 16548.0 336.0 104.0 luded
12048.0 16552.0 124.0 96.0 to
12228.0 16572.0 64.0 80.0 a
12348.0 16556.0 608.0 112.0 guarantee
13008.0 16556.0 120.0 96.0 of
13192.0 16556.0 240.0 96.0 Cen

11648.0 16684.0 220.0 100.0 tral
11920.0 16688.0 564.0 116.0 European
12544.0 16688.0 940.0 116.0 disengagement

11648.0 16816.0 128.0 96.0 In
11832.0 16820.0 560.0 116.0 exchange
12448.0 16820.0 192.0 100.0 for
12704.0 16836.0 72.0 84.0 a
12832.0 16820.0 360.0 100.0 Berlin
13256.0 16820.0 184.0 100.0 set-

11644.0 16948.0 508.0 100.0 tlement
11780.0 17108.0 460.0 104.0 "Herein
12320.0 17108.0 196.0 104.0 lies
12600.0 17112.0 208.0 100.0 the
12880.0 17112.0 596.0 100.0 American

11648.0 17236.0 744.0 120.0 Imprudence.
12464.0 17244.0 312.0 96.0 With
12844.0 17260.0 64.0 80.0 a
12976.0 17248.0 464.0 96.0 Bundes-

11652.0 17376.0 304.0 92.0 wehr
12036.0 17372.0 460.0 104.0 without
12588.0 17376.0 456.0 100.0 nuclear
13128.0 17396.0 348.0 88.0 arms,

11644.0 17496.0 200.0 104.0 the
11920.0 17496.0 340.0 104.0 Allies
12332.0 17504.0 212.0 96.0 will
12640.0 17504.0 140.0 96.0 be
12856.0 17508.0 412.0 112.0 merely
13352.0 17504.0 116.0 100.0 In

11636.0 17632.0 208.0 100.0 the
11892.0 17652.0 312.0 80.0 same
12256.0 17636.0 488.0 124.0 position
12796.0 17636.0 348.0 100.0 which
13192.0 17640.0 280.0 116.0 they

11644.0 17764.0 496.0 100.0 effected
12184.0 17768.0 112.0 96.0 in
12348.0 17768.0 236.0 96.0 1954
12636.0 17768.0 180.0 96.0 for
12852.0 17768.0 184.0 100.0 the
13080.0 17772.0 352.0 96.0 Atlan-

11660.0 17896.0 156.0 100.0 tic
11848.0 17896.0 508.0 100.0 Alliance.
12392.0 17900.0 232.0 96.0 But
12664.0 17896.0 92.0 100.0 If
12788.0 17896.0 436.0 100.0 Central
13264.0 17904.0 164.0 96.0 Eu-

11644.0 18044.0 272.0 96.0 rope
11996.0 18044.0 284.0 80.0 were
12356.0 18032.0 116.0 92.0 to
12564.0 18032.0 152.0 96.0 be
12800.0 18032.0 512.0 96.0 declared
13404.0 18052.0 68.0 80.0 a

11640.0 18156.0 756.0 100.0 'nuclear-free
12476.0 18160.0 356.0 108.0 zone,"
12908.0 18160.0 268.0 96.0 then
13268.0 18164.0 204.0 96.0 the

11644.0 18288.0 780.0 120.0 European
12508.0 18296.0 728.0 116.0 Community
13320.0 18312.0 152.0 80.0 on

11636.0 18416.0 364.0 100.0 which
12124.0 18420.0 356.0 100.0 NATO
12620.0 18420.0 488.0 116.0 depends
13240.0 18424.0 224.0 96.0 will

11636.0 18548.0 240.0 100.0 lose
11940.0 18548.0 148.0 104.0 its
12156.0 18552.0 296.0 100.0 main
12532.0 18556.0 592.0 96.0 territorial
13200.0 18576.0 232.0 96.0 sup-

11636.0 18688.0 280.0 112.0 port.
11996.0 18684.0 236.0 100.0 The
12272.0 18684.0 648.0 100.0 Americans
12960.0 18688.0 512.0 96.0 couldn't

11632.0 18816.0 636.0 112.0 effectively
12312.0 18824.0 468.0 108.0 operate
12832.0 18820.0 288.0 96.0 their
13168.0 18816.0 260.0 100.0 mili-

11632.0 18944.0 256.0 116.0 tary
12044.0 18944.0 348.0 104.0 forces
12560.0 18948.0 348.0 116.0 solely
13060.0 18952.0 404.0 100.0 from

11640.0 19080.0 452.0 104.0 France,
12188.0 19084.0 208.0 96.0 and
12496.0 19084.0 288.0 112.0 they
12868.0 19084.0 356.0 96.0 would
13332.0 19088.0 136.0 96.0 be

11628.0 19208.0 436.0 116.0 obliged
12120.0 19208.0 116.0 100.0 to
12288.0 19216.0 424.0 96.0 retreat
12760.0 19212.0 260.0 100.0 back
13072.0 19232.0 392.0 80.0 across

11628.0 19340.0 204.0 96.0 the
11908.0 19340.0 508.0 100.0 Atlantic
12492.0 19348.0 332.0 96.0 Then
12900.0 19348.0 436.0 116.0 Europe

11628.0 19472.0 368.0 100.0 which
12044.0 19472.0 100.0 100.0 Is
12188.0 19496.0 148.0 76.0 on
12380.0 19476.0 204.0 96.0 the
12644.0 19476.0 268.0 100.0 road
12960.0 19480.0 116.0 96.0 to
13124.0 19480.0 336.0 112.0 unity

11792.0 19600.0 360.0 100.0 would
12256.0 19608.0 696.0 116.0 Incorporate
13052.0 19612.0 408.0 100.0 within

11624.0 19732.0 312.0 104.0 Itself
11980.0 19736.0 196.0 96.0 the
12228.0 19752.0 300.0 104.0 germ
12584.0 19740.0 136.0 96.0 of
12764.0 19736.0 688.0 104.0 dislocation.

11624.0 19868.0 240.0 96.0 The
11924.0 19868.0 564.0 100.0 economic
12560.0 19876.0 704.0 112.0 community
13336.0 19872.0 124.0 100.0 of

11616.0 20000.0 436.0 112.0 Europe
12116.0 20000.0 100.0 96.0 is
12272.0 20004.0 644.0 116.0 impossible
12972.0 20004.0 488.0 108.0 without

13724.0 11196.0 348.0 100.0 You'd
14128.0 11208.0 336.0 80.0 never
14516.0 11208.0 328.0 96.0 guess
14904.0 11184.0 96.0 100.0 It
15048.0 11184.0 380.0 100.0 either.

13724.0 11332.0 240.0 96.0 The
14040.0 11324.0 408.0 112.0 "Bingo
14512.0 11316.0 376.0 120.0 King"
14972.0 11312.0 468.0 100.0 bulletin

13616.0 11460.0 192.0 96.0 No.
13900.0 11456.0 240.0 96.0 127S
14220.0 11456.0 364.0 96.0 shows
14660.0 11464.0 64.0 80.0 a
14812.0 11444.0 436.0 120.0 picture
15328.0 11440.0 136.0 104.0 of

13616.0 11592.0 260.0 92.0 "the
13952.0 11584.0 412.0 116.0 largest
14436.0 11576.0 356.0 120.0 single
14872.0 11572.0 588.0 120.0 shipment

13608.0 11716.0 124.0 100.0 of
13800.0 11712.0 340.0 116.0 bingo
14204.0 11712.0 356.0 108.0 cards,
14632.0 11704.0 352.0 120.0 going
15048.0 11708.0 116.0 96.0 to
15224.0 11720.0 236.0 84.0 one

13612.0 11848.0 588.0 104.0 customer,
14260.0 11840.0 256.0 96.0 that
14568.0 11836.0 208.0 100.0 has
14836.0 11856.0 268.0 80.0 ever
15156.0 11832.0 292.0 104.0 been

13600.0 11976.0 332.0 100.0 made
14000.0 11972.0 144.0 120.0 by
14212.0 11988.0 224.0 96.0 any
14508.0 11984.0 596.0 100.0 company,
15168.0 11980.0 224.0 96.0 any-

13616.0 12104.0 464.0 96.0 where."
14200.0 12100.0 360.0 100.0 There
14684.0 12112.0 308.0 84.0 were
15112.0 12092.0 348.0 112.0 30,000

13596.0 12232.0 328.0 104.0 cards
13976.0 12232.0 120.0 96.0 in
14152.0 12228.0 192.0 100.0 the
14400.0 12224.0 616.0 120.0 shipment

13736.0 12364.0 240.0 96.0 The
14064.0 12356.0 624.0 116.0 consignee:
14780.0 12356.0 256.0 96.0 The
15112.0 12352.0 256.0 96.0 Arm

13616.0 12492.0 188.0 96.0 Air
13888.0 12496.0 332.0 92.0 Force
14300.0 12488.0 600.0 112.0 Exchange
14992.0 12464.0 460.0 136.0 Servlc4

13596.0 12616.0 492.0 120.0 Shipped
14140.0 12616.0 348.0 96.0 direct
14532.0 12616.0 116.0 96.0 to
14692.0 12612.0 696.0 112.0 Transporta-

13596.0 12748.0 232.0 100.0 tion
13916.0 12744.0 448.0 108.0 Officer.
14444.0 12736.0 564.0 116.0 Oakland.
15080.0 12732.0 356.0 120.0 Calif,

13608.0 12880.0 348.0 112.0 Army
14004.0 12868.0 592.0 104.0 Terminal.
15448.0 12876.0 44.0 108.0 1

13716.0 13008.0 144.0 92.0 At
13944.0 13004.0 280.0 96.0 least
14304.0 13020.0 212.0 76.0 our
14592.0 12996.0 408.0 100.0 armed
15076.0 12996.0 364.0 116.0 forces

13608.0 13136.0 284.0 96.0 ain't
13956.0 13152.0 376.0 104.0 gonna
14420.0 13132.0 364.0 120.0 suiter
14852.0 13132.0 304.0 116.0 from
15220.0 13144.0 236.0 100.0 any

13608.0 13264.0 336.0 120.0 bingo
14036.0 13268.0 264.0 116.0 gap!

13732.0 13528.0 468.0 96.0 HERE'S
14344.0 13520.0 656.0 124.0 something
15124.0 13516.0 332.0 104.0 else

13596.0 13660.0 276.0 96.0 we'll
13988.0 13656.0 188.0 96.0 bet
14280.0 13672.0 216.0 104.0 you
14604.0 13672.0 356.0 80.0 never
15072.0 13668.0 360.0 100.0 guess:

13608.0 13788.0 336.0 100.0 What
14020.0 13788.0 96.0 96.0 Is
14188.0 13784.0 88.0 100.0 it
14352.0 13784.0 256.0 100.0 that
14680.0 13784.0 228.0 100.0 has
14988.0 13784.0 116.0 96.0 48
15180.0 13780.0 280.0 116.0 legs,

13600.0 13920.0 120.0 96.0 23
13784.0 13916.0 384.0 108.0 heads,
14232.0 13916.0 220.0 100.0 five
14520.0 13912.0 312.0 108.0 ends,
14904.0 13912.0 216.0 100.0 two
15180.0 13928.0 208.0 84.0 cen-

13612.0 14048.0 232.0 96.0 ters
13960.0 14044.0 220.0 96.0 and
14296.0 14044.0 308.0 116.0 eight
14716.0 14040.0 384.0 108.0 backs,
15216.0 14036.0 240.0 100.0 and

13600.0 14180.0 328.0 92.0 when
13988.0 14176.0 388.0 116.0 people
14436.0 14192.0 180.0 80.0 see
14672.0 14172.0 92.0 104.0 It
14824.0 14176.0 276.0 116.0 they
15148.0 14168.0 296.0 104.0 start

13604.0 14304.0 476.0 120.0 yelling?

13732.0 14436.0 196.0 96.0 It's
13984.0 14436.0 216.0 96.0 two
14260.0 14432.0 456.0 100.0 football
14784.0 14436.0 372.0 96.0 teams
15212.0 14424.0 240.0 108.0 and

13600.0 14564.0 192.0 96.0 the
13904.0 14568.0 636.0 112.0 customary
14644.0 14564.0 232.0 116.0 dog
14984.0 14580.0 148.0 84.0 on
15232.0 14564.0 208.0 100.0 the,

13604.0 14692.0 304.0 100.0 field.

13724.0 14948.0 496.0 100.0 PLEASE
14280.0 14952.0 312.0 96.0 don't
14640.0 14956.0 356.0 112.0 quote
15056.0 14972.0 124.0 80.0 us
15232.0 14956.0 212.0 100.0 (we

13604.0 15080.0 264.0 116.0 only
13928.0 15080.0 260.0 96.0 read
14256.0 15080.0 340.0 100.0 about
14652.0 15080.0 92.0 100.0 It
14812.0 15088.0 124.0 92.0 in
15008.0 15084.0 188.0 100.0 the
15256.0 15084.0 140.0 100.0 In-

13604.0 15208.0 388.0 100.0 sider's
14116.0 15212.0 680.0 96.0 Newsletter)
14932.0 15208.0 208.0 104.0 but
15256.0 15216.0 196.0 96.0 Dr.

13604.0 15340.0 368.0 96.0 Frank
14052.0 15340.0 424.0 116.0 Caprio,
14556.0 15360.0 64.0 80.0 a
14696.0 15344.0 752.0 120.0 Washington

13604.0 15468.0 744.0 116.0 psychiatrist,
14468.0 15480.0 528.0 104.0 suggests
15100.0 15472.0 352.0 100.0 that

13600.0 15616.0 220.0 80.0 one
13900.0 15600.0 120.0 96.0 of
14096.0 15600.0 192.0 100.0 the
14368.0 15604.0 424.0 96.0 serious
14880.0 15604.0 572.0 116.0 problems

13596.0 15724.0 120.0 100.0 of
13820.0 15728.0 404.0 96.0 fallout
14320.0 15732.0 480.0 100.0 shelters
14912.0 15732.0 100.0 100.0 Is
15108.0 15732.0 336.0 120.0 being

13604.0 15860.0 680.0 96.0 overlooked.
14416.0 15864.0 156.0 96.0 He
14692.0 15884.0 276.0 92.0 says
15080.0 15864.0 372.0 100.0 under

13604.0 15988.0 280.0 96.0 such
13976.0 15988.0 628.0 104.0 conditions
14688.0 15992.0 388.0 120.0 (being
15160.0 15992.0 120.0 100.0 in
15368.0 16012.0 80.0 80.0 a

13596.0 16116.0 412.0 100.0 fallout
14136.0 16120.0 448.0 108.0 shelter)
14708.0 16124.0 212.0 96.0 the
15052.0 16124.0 388.0 100.0 sexual

13600.0 16264.0 276.0 96.0 urge
13940.0 16248.0 584.0 104.0 increases,
14588.0 16268.0 124.0 80.0 as
14776.0 16272.0 160.0 80.0 an
15008.0 16272.0 392.0 100.0 expres-

13596.0 16376.0 244.0 100.0 sion
13928.0 16380.0 120.0 96.0 of
14132.0 16384.0 188.0 92.0 the
14408.0 16384.0 1032.0 112.0 self-preservation

13604.0 16504.0 492.0 108.0 instinct
14164.0 16512.0 192.0 100.0 His
14428.0 16512.0 688.0 120.0 suggestion:
15184.0 16516.0 216.0 100.0 Par-

13600.0 16636.0 416.0 96.0 titions.
13736.0 16768.0 292.0 104.0 Well,
14128.0 16788.0 212.0 96.0 you
14444.0 16772.0 328.0 100.0 could
14916.0 16776.0 196.0 100.0 tell
15240.0 16772.0 200.0 104.0 the

13600.0 16892.0 244.0 100.0 kids
13964.0 16900.0 112.0 92.0 to
14184.0 16920.0 136.0 96.0 go
14432.0 16904.0 196.0 104.0 out
14736.0 16904.0 704.0 100.0 somewhere

13596.0 17028.0 228.0 96.0 and
13896.0 17028.0 260.0 116.0 play
14224.0 17032.0 180.0 116.0 for
14472.0 17056.0 68.0 76.0 a
14608.0 17036.0 384.0 112.0 while,
15056.0 17036.0 88.0 116.0 if
15212.0 17060.0 228.0 96.0 you

13600.0 17156.0 224.0 100.0 had
13884.0 17160.0 284.0 100.0 little
14224.0 17168.0 256.0 96.0 lead
14532.0 17168.0 288.0 100.0 suits
14876.0 17168.0 236.0 100.0 and
15160.0 17188.0 276.0 104.0 caps

13596.0 17292.0 232.0 96.0 and
13924.0 17296.0 176.0 92.0 air
14192.0 17296.0 364.0 116.0 filters
14668.0 17300.0 196.0 116.0 for
14968.0 17304.0 336.0 100.0 them.

13712.0 17548.0 352.0 100.0 PACL
14132.0 17556.0 804.0 104.0 Ll'GANNAXI
15004.0 17564.0 432.0 116.0 reports

13588.0 17680.0 260.0 100.0 that
13980.0 17684.0 172.0 96.0 his
14276.0 17688.0 632.0 116.0 barber,
15040.0 17692.0 396.0 100.0 Morris

13592.0 17812.0 472.0 108.0 Brisker,
14128.0 17816.0 292.0 112.0 pulls
14480.0 17820.0 220.0 96.0 this
14760.0 17840.0 164.0 80.0 on
14988.0 17824.0 436.0 96.0 clients:

13592.0 17940.0 112.0 96.0 "I
13764.0 17944.0 280.0 96.0 used
14108.0 17944.0 112.0 96.0 to
14284.0 17948.0 136.0 96.0 be
14488.0 17968.0 64.0 76.0 a
14616.0 17948.0 188.0 116.0 big
14872.0 17952.0 528.0 100.0 business-

13592.0 18084.0 264.0 84.0 man
13952.0 18076.0 420.0 108.0 myself.
14456.0 18080.0 428.0 100.0 Owned
14972.0 18100.0 64.0 80.0 a
15124.0 18084.0 312.0 120.0 large

13592.0 18200.0 256.0 116.0 glue
13912.0 18200.0 516.0 120.0 factory."

13712.0 18332.0 336.0 108.0 "Oh,"
14168.0 18336.0 192.0 96.0 the
14488.0 18340.0 636.0 104.0 customers
15236.0 18344.0 196.0 112.0 oh,

13588.0 18460.0 360.0 96.0 "what
14012.0 18464.0 716.0 116.0 happened?"

13708.0 18592.0 636.0 112.0 "Frankly,"
14420.0 18600.0 496.0 96.0 retorted
15000.0 18600.0 428.0 116.0 Morris,

13588.0 18716.0 112.0 100.0 "I
13756.0 18720.0 192.0 112.0 got
14000.0 18724.0 316.0 96.0 stuck
14372.0 18728.0 264.0 96.0 with
14696.0 18728.0 200.0 100.0 if

13712.0 18848.0 304.0 100.0 Stick
14064.0 18856.0 460.0 100.0 around.
14564.0 18856.0 412.0 120.0 Maybe
15016.0 18860.0 412.0 108.0 there's

13584.0 18992.0 340.0 84.0 more.

9824.0 20068.0 276.0 100.0 This
10176.0 20064.0 496.0 120.0 position
10748.0 20064.0 216.0 116.0 put
11040.0 20064.0 196.0 96.0 the
11308.0 20060.0 184.0 96.0 So-
11796.0 20048.0 112.0 48.0 '"
12216.0 20048.0 1028.0 152.0 aHi,'cjT"
13412.0 20048.0 48.0 64.0 k

9824.0 20204.0 52.0 68.0 t
10044.0 20200.0 108.0 72.0 m
10472.0 20120.0 536.0 152.0 ..it.,!!.?!,
11132.0 20192.0 360.0 80.0 where
11600.0 20132.0 300.0 112.0 Poiit
11944.0 20128.0 172.0 100.0 cal
12212.0 20132.0 212.0 100.0 and
12516.0 20136.0 528.0 120.0 strategic
13140.0 20160.0 316.0 80.0 com-

10840.0 20328.0 132.0 72.0 tr,
11068.0 20324.0 76.0 76.0 h
11292.0 20320.0 192.0 80.0 the
11616.0 20272.0 472.0 108.0 munity.

7692.0 22988.0 280.0 144.0 Real
8036.0 22992.0 256.0 136.0 Iron
8348.0 22992.0 500.0 136.0 Curtain

7800.0 23212.0 340.0 96.0 Ferro
8180.0 23208.0 448.0 100.0 reviews
8676.0 23204.0 824.0 100.0 Khrushchev's

7672.0 23340.0 588.0 108.0 demands,
8336.0 23340.0 432.0 96.0 threats
8840.0 23340.0 220.0 100.0 and
9136.0 23356.0 324.0 76.0 assur-

7676.0 23492.0 348.0 76.0 ances
8076.0 23472.0 264.0 96.0 that
8396.0 23472.0 144.0 96.0 all
8600.0 23472.0 156.0 96.0 he
8808.0 23472.0 356.0 96.0 wants
9224.0 23472.0 92.0 92.0 Is
9380.0 23472.0 112.0 92.0 to

7668.0 23604.0 260.0 112.0 sign
7984.0 23620.0 68.0 80.0 a
8108.0 23620.0 336.0 100.0 peace
8496.0 23600.0 368.0 112.0 treaty
8916.0 23600.0 260.0 96.0 with
9232.0 23600.0 264.0 96.0 East

7672.0 23740.0 608.0 104.0 Germany,
8332.0 23732.0 356.0 116.0 oblige
8744.0 23736.0 196.0 96.0 the
8988.0 23728.0 336.0 100.0 Allies
9376.0 23732.0 116.0 96.0 to

7668.0 23868.0 260.0 100.0 deal
8028.0 23868.0 276.0 96.0 with
8396.0 23884.0 144.0 76.0 an
8644.0 23864.0 264.0 96.0 East
8996.0 23864.0 492.0 96.0 German

7672.0 24000.0 580.0 108.0 authority
8320.0 23996.0 216.0 96.0 and
8608.0 23996.0 212.0 116.0 put
8884.0 23996.0 292.0 92.0 West
9240.0 23996.0 216.0 96.0 Ber-

7668.0 24132.0 164.0 96.0 lin
7916.0 24132.0 372.0 96.0 under
8364.0 24124.0 792.0 104.0 international
9236.0 24144.0 208.0 80.0 con-

7668.0 24260.0 252.0 100.0 trol.
7792.0 24396.0 264.0 92.0 "Mr.
8172.0 24388.0 740.0 100.0 Khurshchev
9012.0 24384.0 212.0 104.0 has
9332.0 24388.0 120.0 96.0 af-

7668.0 24520.0 420.0 104.0 firmed
8200.0 24524.0 232.0 100.0 this
8540.0 24524.0 508.0 96.0 doctrine
9156.0 24524.0 332.0 116.0 again

9644.0 20336.0 276.0 104.0 they
10004.0 20332.0 376.0 96.0 would
10476.0 20332.0 280.0 96.0 have

9640.0 20468.0 392.0 96.0 askers
10172.0 20484.0 164.0 72.0 on
10488.0 20464.0 204.0 92.0 the
10828.0 20452.0 656.0 120.0 diplomatic

9644.0 20596.0 316.0 108.0 level,
10052.0 20596.0 232.0 96.0 and
10392.0 20588.0 648.0 116.0 eventually
11132.0 20580.0 352.0 100.0 would

9636.0 20732.0 144.0 100.0 be
9848.0 20728.0 408.0 112.0 clearly
10320.0 20724.0 464.0 96.0 marked
10852.0 20744.0 136.0 72.0 as
11060.0 20736.0 380.0 96.0 aggres-

9640.0 20880.0 252.0 80.0 sors
9984.0 20860.0 116.0 96.0 in
10200.0 20860.0 212.0 92.0 the
10508.0 20856.0 328.0 96.0 event
10932.0 20852.0 132.0 96.0 of
11164.0 20868.0 64.0 80.0 a
11320.0 20868.0 128.0 80.0 re-

9636.0 20992.0 420.0 100.0 straint
10100.0 20988.0 124.0 96.0 of
10280.0 20992.0 256.0 92.0 free
10592.0 21004.0 408.0 80.0 access.

9768.0 21124.0 196.0 96.0 "In
10068.0 21120.0 404.0 104.0 words,
10580.0 21116.0 216.0 96.0 this
10904.0 21132.0 244.0 80.0 was
11248.0 21112.0 232.0 100.0 also

9632.0 21256.0 208.0 96.0 the
9928.0 21256.0 608.0 96.0 American
10624.0 21244.0 524.0 120.0 position.
11236.0 21240.0 248.0 100.0 And

9636.0 21388.0 208.0 96.0 the
9964.0 21384.0 420.0 96.0 British
10516.0 21400.0 212.0 76.0 one
10852.0 21380.0 232.0 92.0 too.
11236.0 21376.0 244.0 108.0 But

9632.0 21520.0 396.0 96.0 rather
10076.0 21516.0 292.0 92.0 than
10436.0 21516.0 264.0 92.0 wait
10752.0 21508.0 184.0 96.0 for
11000.0 21528.0 76.0 76.0 a
11136.0 21504.0 300.0 100.0 solici-

9628.0 21648.0 376.0 96.0 tation
10064.0 21648.0 304.0 92.0 from
10440.0 21644.0 476.0 96.0 Moscow
10992.0 21640.0 188.0 96.0 for
11236.0 21652.0 244.0 80.0 new

9628.0 21780.0 340.0 104.0 talks,
10064.0 21772.0 732.0 116.0 Washington
10900.0 21764.0 576.0 124.0 preferred

9632.0 21912.0 132.0 96.0 to
9868.0 21928.0 136.0 100.0 go
10100.0 21904.0 380.0 100.0 ahead
10584.0 21904.0 216.0 96.0 and
10908.0 21904.0 284.0 92.0 take
11280.0 21900.0 200.0 96.0 the

9632.0 22044.0 328.0 116.0 pulse
10000.0 22040.0 120.0 100.0 of
10172.0 22040.0 200.0 92.0 the
10420.0 22036.0 368.0 96.0 Soviet
10832.0 22032.0 636.0 116.0 diplomats.

9636.0 22176.0 376.0 96.0 "Thus
10064.0 22172.0 320.0 96.0 Dean
10456.0 22168.0 300.0 96.0 Rusk
10816.0 22168.0 256.0 96.0 met
11128.0 22160.0 348.0 100.0 thrice

9632.0 22304.0 284.0 96.0 with
10024.0 22300.0 200.0 96.0 Mr.
10348.0 22296.0 572.0 112.0 Gromyko
11044.0 22292.0 124.0 96.0 In
11280.0 22292.0 196.0 96.0 the

9628.0 22428.0 560.0 116.0 marginal
10260.0 22444.0 276.0 80.0 area
10604.0 22428.0 120.0 92.0 of
10788.0 22428.0 208.0 96.0 the
11076.0 22420.0 396.0 100.0 United

9632.0 22564.0 464.0 96.0 Nations
10188.0 22556.0 244.0 96.0 and
10524.0 22556.0 268.0 96.0 then
10892.0 22552.0 584.0 100.0 President

9628.0 22688.0 552.0 112.0 Kennedy
10244.0 22684.0 512.0 100.0 received
10820.0 22688.0 216.0 92.0 the
11116.0 22684.0 360.0 96.0 Soviet

9632.0 22820.0 516.0 96.0 minister
10204.0 22820.0 124.0 92.0 of
10392.0 22816.0 428.0 116.0 foreign
10888.0 22812.0 404.0 100.0 affairs
11344.0 22812.0 124.0 96.0 in

9628.0 22948.0 772.0 112.0 Washington.

9760.0 23080.0 412.0 96.0 "These
10212.0 23072.0 560.0 116.0 meeting
10812.0 23072.0 500.0 100.0 resulted
11352.0 23076.0 112.0 92.0 in

9616.0 23228.0 164.0 80.0 no
9852.0 23204.0 464.0 116.0 positive
10388.0 23204.0 376.0 96.0 result
10836.0 23204.0 252.0 96.0 The
11160.0 23220.0 304.0 100.0 press

9624.0 23340.0 336.0 92.0 made
10016.0 23340.0 348.0 92.0 much
10428.0 23336.0 128.0 96.0 of
10612.0 23340.0 184.0 92.0 the
10856.0 23332.0 508.0 96.0 Kremlin
11404.0 23352.0 56.0 80.0 s

9628.0 23468.0 944.0 116.0 intransigeance.
10644.0 23468.0 252.0 96.0 Now
10976.0 23472.0 320.0 92.0 there
11364.0 23468.0 96.0 96.0 Is

9620.0 23620.0 68.0 76.0 a
9736.0 23600.0 348.0 112.0 single
10128.0 23600.0 624.0 96.0 difference
10792.0 23600.0 116.0 96.0 In
10956.0 23600.0 204.0 92.0 the
11196.0 23596.0 212.0 100.0 situ-

9620.0 23732.0 652.0 96.0 ationone
10372.0 23732.0 128.0 92.0 of
10600.0 23728.0 280.0 96.0 tone.
10984.0 23732.0 468.0 92.0 Moscow

9620.0 23884.0 156.0 76.0 no
9820.0 23864.0 376.0 112.0 longer
10232.0 23864.0 624.0 100.0 threatens;
10904.0 23860.0 100.0 100.0 It
11040.0 23860.0 412.0 116.0 merely

9616.0 23996.0 552.0 96.0 demands
10224.0 23996.0 280.0 92.0 with
10564.0 24008.0 64.0 80.0 a
10680.0 23996.0 356.0 96.0 smile.

9744.0 24132.0 212.0 92.0 "So
10032.0 24128.0 352.0 96.0 much
10476.0 24124.0 176.0 100.0 for
10732.0 24128.0 196.0 92.0 the
11032.0 24120.0 412.0 104.0 facade.

9612.0 24260.0 272.0 96.0 Now
9968.0 24252.0 88.0 100.0 It
10140.0 24276.0 412.0 84.0 seems,
10648.0 24260.0 596.0 116.0 according
11324.0 24260.0 120.0 96.0 to

9612.0 24388.0 456.0 104.0 reliable
10208.0 24408.0 496.0 84.0 sources,
10844.0 24392.0 272.0 92.0 that
11248.0 24392.0 196.0 96.0 Mr.

9616.0 24524.0 316.0 96.0 Rusk
10024.0 24524.0 112.0 96.0 in
10236.0 24524.0 192.0 100.0 his
10524.0 24524.0 688.0 100.0 discussions
11296.0 24520.0 152.0 100.0 al-

11744.0 20408.0 196.0 84.0 "in
12068.0 20408.0 372.0 88.0 return
12576.0 20408.0 232.0 88.0 for.
12880.0 20408.0 184.0 92.0 the
13188.0 20420.0 260.0 80.0 new

11616.0 20528.0 304.0 96.0 (Free
12008.0 20528.0 284.0 112.0 City)
12368.0 20532.0 380.0 100.0 status
12832.0 20532.0 108.0 100.0 in
13024.0 20536.0 424.0 112.0 Berlin,

11628.0 20664.0 200.0 92.0 the
11892.0 20660.0 420.0 104.0 Soviets
12368.0 20664.0 500.0 96.0 demand
12928.0 20668.0 136.0 100.0 de
13128.0 20672.0 320.0 96.0 facto

11612.0 20788.0 684.0 116.0 recognition
12356.0 20796.0 120.0 92.0 of
12540.0 20800.0 280.0 92.0 East
12872.0 20800.0 572.0 116.0 Germany

11612.0 20924.0 232.0 92.0 and
11936.0 20924.0 196.0 92.0 the
12216.0 20928.0 848.0 108.0 crystallization
13152.0 20936.0 132.0 92.0 of
13372.0 20952.0 68.0 80.0 a

11608.0 21052.0 444.0 96.0 divided
12096.0 21056.0 596.0 116.0 Germany.
12736.0 21060.0 96.0 96.0 If
12868.0 21064.0 180.0 96.0 the
13088.0 21064.0 352.0 104.0 Allies

11608.0 21184.0 336.0 100.0 (from
11996.0 21188.0 356.0 96.0 whom
12396.0 21192.0 204.0 96.0 the
12660.0 21192.0 352.0 100.0 Soviet
13056.0 21196.0 380.0 96.0 Union

11608.0 21316.0 440.0 96.0 nibbles
12148.0 21336.0 292.0 100.0 away
12548.0 21324.0 308.0 96.0 their
12948.0 21328.0 488.0 112.0 position

11608.0 21452.0 288.0 92.0 each
11968.0 21452.0 260.0 108.0 day)
12296.0 21472.0 280.0 80.0 were
12660.0 21456.0 120.0 96.0 to
12856.0 21456.0 224.0 112.0 give
13156.0 21464.0 244.0 92.0 Ger-

11604.0 21596.0 348.0 96.0 many
12080.0 21584.0 192.0 96.0 the
12380.0 21584.0 664.0 116.0 Impression
13164.0 21596.0 276.0 96.0 that

11604.0 21712.0 300.0 96.0 their
11976.0 21716.0 500.0 112.0 strength
12560.0 21716.0 108.0 96.0 is
12740.0 21720.0 252.0 116.0 only
13056.0 21728.0 336.0 112.0 myth-

11608.0 21840.0 252.0 112.0 ical,
11924.0 21848.0 212.0 88.0 she
12196.0 21848.0 204.0 96.0 will
12468.0 21848.0 620.0 124.0 Justifiably
13152.0 21860.0 284.0 92.0 seek

11604.0 21976.0 492.0 116.0 security
12200.0 21976.0 116.0 100.0 In
12416.0 21984.0 216.0 96.0 the
12744.0 21984.0 252.0 120.0 only
13096.0 21992.0 336.0 112.0 place

11604.0 22112.0 372.0 96.0 where
12052.0 22108.0 208.0 100.0 she
12324.0 22128.0 216.0 80.0 can
12624.0 22116.0 248.0 96.0 find
12940.0 22120.0 188.0 100.0 the
13212.0 22120.0 224.0 120.0 key

11596.0 22240.0 140.0 92.0 to
11792.0 22240.0 204.0 96.0 her
12048.0 22240.0 792.0 104.0 reunification
12960.0 22248.0 108.0 104.0 In
13128.0 22252.0 264.0 100.0 Mos-

11596.0 22368.0 332.0 96.0 cow."
11612.0 22588.0 116.0 136.0 In
11788.0 22588.0 432.0 140.0 French
12276.0 22596.0 512.0 140.0 Interest

11732.0 22808.0 144.0 100.0 M.
11976.0 22812.0 332.0 100.0 Ferro
12396.0 22816.0 436.0 116.0 pleads,
12920.0 22820.0 260.0 104.0 "Let
13284.0 22844.0 140.0 84.0 us

11592.0 22944.0 212.0 92.0 not
11936.0 22944.0 452.0 96.0 commit
12520.0 22948.0 208.0 92.0 the
12852.0 22964.0 304.0 84.0 error
13292.0 22956.0 124.0 100.0 In

11592.0 23072.0 424.0 96.0 France
12116.0 23072.0 128.0 96.0 of
12332.0 23076.0 544.0 124.0 rejoicing
12968.0 23104.0 272.0 80.0 over
13344.0 23104.0 76.0 84.0 a

11592.0 23200.0 444.0 100.0 divided
12172.0 23200.0 600.0 124.0 Germany.
12892.0 23216.0 224.0 100.0 Our
13248.0 23216.0 124.0 100.0 In-

11584.0 23332.0 352.0 96.0 terest
11980.0 23332.0 204.0 96.0 lies
12232.0 23336.0 104.0 96.0 in
12384.0 23340.0 432.0 116.0 having
12856.0 23344.0 192.0 100.0 her
13088.0 23348.0 284.0 100.0 with-

11588.0 23464.0 124.0 92.0 in
11780.0 23464.0 200.0 92.0 the
12040.0 23468.0 576.0 112.0 European
12688.0 23484.0 720.0 116.0 community.

11580.0 23596.0 144.0 96.0 In
11800.0 23596.0 280.0 96.0 such
12152.0 23616.0 68.0 80.0 a
12284.0 23608.0 496.0 108.0 context
12844.0 23612.0 568.0 120.0 Germany

11584.0 23732.0 516.0 108.0 presents
12140.0 23744.0 144.0 80.0 no
12324.0 23732.0 436.0 116.0 danger
12796.0 23740.0 112.0 96.0 to
12948.0 23744.0 456.0 100.0 France.

11576.0 23856.0 364.0 100.0 Allied
12068.0 23860.0 268.0 96.0 with
12476.0 23868.0 220.0 96.0 the
12836.0 23872.0 568.0 116.0 Russians,

11584.0 23988.0 540.0 112.0 however,
12224.0 23996.0 572.0 120.0 Germany
12888.0 24008.0 208.0 96.0 will
13212.0 24012.0 152.0 100.0 be-

11576.0 24140.0 324.0 80.0 come
11968.0 24140.0 84.0 84.0 a
12108.0 24120.0 384.0 108.0 threat
12604.0 24136.0 168.0 116.0 By
12840.0 24136.0 356.0 124.0 giving
13272.0 24144.0 132.0 100.0 In

11572.0 24272.0 264.0 80.0 now
11892.0 24252.0 120.0 100.0 to
12072.0 24256.0 192.0 104.0 the
12320.0 24260.0 460.0 112.0 Soviets,
12840.0 24272.0 184.0 100.0 the
13088.0 24280.0 316.0 96.0 West

11572.0 24388.0 228.0 96.0 will
11868.0 24388.0 296.0 116.0 push
12228.0 24392.0 568.0 120.0 Germany
12852.0 24408.0 264.0 100.0 onto
13184.0 24408.0 212.0 104.0 the

11568.0 24516.0 284.0 100.0 road
11924.0 24520.0 124.0 96.0 of
12120.0 24516.0 764.0 124.0 temptation."

13688.0 20360.0 912.0 112.0 WASHINGTON
14712.0 20376.0 444.0 100.0 WILL
15260.0 20376.0 76.0 104.0 b

13572.0 20496.0 340.0 100.0 asked
13964.0 20500.0 112.0 96.0 to
14124.0 20508.0 448.0 112.0 provide
14616.0 20524.0 64.0 84.0 a
14728.0 20512.0 400.0 100.0 billion
15176.0 20512.0 192.0 104.0 dol-

13572.0 20628.0 220.0 104.0 lars
13872.0 20636.0 180.0 92.0 for
14128.0 20640.0 400.0 100.0 fallout
14604.0 20644.0 492.0 104.0 shelters
15176.0 20648.0 236.0 104.0 and

13568.0 20764.0 188.0 96.0 the
13852.0 20768.0 532.0 104.0 Russians
14472.0 20780.0 192.0 96.0 tell
14756.0 20784.0 316.0 96.0 their
15152.0 20800.0 212.0 100.0 peo-

13568.0 20900.0 172.0 112.0 ple
13832.0 20904.0 124.0 92.0 to
14044.0 20908.0 300.0 96.0 wash
14436.0 20912.0 192.0 96.0 the
14720.0 20912.0 412.0 120.0 family
15216.0 20916.0 196.0 120.0 pig

13568.0 21032.0 220.0 96.0 and
13836.0 21036.0 196.0 100.0 the
14084.0 21040.0 388.0 116.0 family
14516.0 21060.0 260.0 88.0 cow.
14832.0 21052.0 200.0 100.0 We
15072.0 21052.0 348.0 104.0 think,

13560.0 21168.0 120.0 96.0 or
13748.0 21172.0 392.0 116.0 people
14212.0 21176.0 292.0 108.0 first;
14580.0 21180.0 196.0 104.0 the
14860.0 21180.0 544.0 108.0 Russians

13560.0 21304.0 324.0 96.0 think
13932.0 21308.0 120.0 96.0 of
14096.0 21308.0 240.0 120.0 pigs
14384.0 21312.0 220.0 96.0 and
14652.0 21336.0 336.0 76.0 cows.

13676.0 21492.0 576.0 104.0 President
14376.0 21500.0 740.0 124.0 Kennedy
15232.0 21508.0 180.0 100.0 bv.

13560.0 21624.0 428.0 100.0 formed
14068.0 21656.0 68.0 72.0 a
14208.0 21636.0 564.0 116.0 Michigan
14860.0 21640.0 212.0 116.0 girl
15140.0 21648.0 268.0 100.0 that

13556.0 21760.0 140.0 96.0 he
13764.0 21768.0 444.0 96.0 "talked
14280.0 21768.0 268.0 100.0 with
14624.0 21776.0 364.0 96.0 Santa
15060.0 21780.0 344.0 100.0 Claus

13548.0 21900.0 668.0 112.0 yesterday."
14260.0 21904.0 328.0 100.0 Some
14632.0 21908.0 764.0 120.0 Republicans

13560.0 22028.0 276.0 100.0 have
13900.0 22040.0 380.0 104.0 gotten
14344.0 22044.0 200.0 92.0 the
14604.0 22040.0 264.0 96.0 Idea
14932.0 22048.0 252.0 92.0 that
15240.0 22048.0 156.0 100.0 bo

13552.0 22164.0 296.0 100.0 talks
13904.0 22172.0 260.0 92.0 with
14220.0 22172.0 352.0 100.0 Santa
14620.0 22180.0 360.0 104.0 Claus
15032.0 22180.0 316.0 100.0 often

13544.0 22316.0 124.0 72.0 er
13716.0 22300.0 292.0 96.0 than
14056.0 22304.0 284.0 100.0 that

13936.0 22560.0 268.0 100.0 THE
14268.0 22568.0 712.0 116.0 ENQUIRER

14128.0 22780.0 208.0 72.0 NONE
14400.0 22784.0 100.0 72.0 H
14564.0 22788.0 272.0 76.0 1-270O

14008.0 22884.0 64.0 76.0 H
14124.0 22884.0 568.0 84.0 $UIXlTI0N
14740.0 22888.0 300.0 80.0 RATES,

14432.0 23156.0 96.0 52.0 nc
14568.0 23160.0 360.0 48.0 r,Mira
14984.0 23160.0 8.0 48.0 I

13540.0 23224.0 400.0 80.0 D'STIICH
14000.0 23236.0 76.0 64.0 IN
14132.0 23236.0 256.0 76.0 ZONES
14448.0 23244.0 64.0 80.0 I,
14560.0 23224.0 72.0 100.0 J.
14676.0 23244.0 52.0 76.0 J
14780.0 23240.0 184.0 76.0 AND
15016.0 23236.0 344.0 80.0 IEY0N0,

14036.0 23152.0 332.0 76.0 OUTSlBf
14424.0 23156.0 104.0 80.0 Of
14568.0 23160.0 24.0 76.0 (

13620.0 23568.0 136.0 72.0 Vfca
13836.0 23576.0 404.0 72.0 AtMciltefl
14316.0 23584.0 124.0 64.0 h
14596.0 23592.0 64.0 56.0 hi

13528.0 23732.0 172.0 76.0 teal
13784.0 23760.0 192.0 52.0 hwi
14056.0 23748.0 272.0 76.0 nmH4
14408.0 23752.0 76.0 68.0 la
14560.0 23756.0 144.0 72.0 mi
14784.0 23768.0 340.0 60.0 nmi
15272.0 23764.0 92.0 60.0 m

13528.0 23820.0 152.0 72.0 wU
13872.0 23824.0 100.0 72.0 ill
14028.0 23848.0 196.0 52.0 am
14272.0 23832.0 432.0 80.0 4twn.

13616.0 24000.0 480.0 88.0 Scn4cira
14164.0 24028.0 300.0 72.0 mtatt
14532.0 24016.0 172.0 84.0 Mif
14820.0 24024.0 44.0 68.0 t
14940.0 24004.0 416.0 96.0 ClatUwwH,

13524.0 24084.0 192.0 80.0 (Put.

13516.0 24352.0 44.0 28.0 .
13612.0 24356.0 16.0 24.0 ,
14108.0 24280.0 228.0 80.0 KIWI
14384.0 24284.0 364.0 80.0 MtlAM
15144.0 24352.0 164.0 28.0 ....
15356.0 24336.0 24.0 28.0 ,

15028.0 24596.0 156.0 84.0 INC

13652.0 24624.0 424.0 64.0 WUlUlltT.
14136.0 24624.0 264.0 64.0 UWUI
14460.0 24624.0 60.0 68.0 a
14572.0 24624.0 400.0 64.0 SCHMiPI.
15028.0 24624.0 12.0 52.0 I
