15712 25356
9704.0 668.0 608.0 112.0 Thursday,
10368.0 664.0 256.0 92.0 No,
10680.0 656.0 88.0 108.0 t,
10836.0 656.0 232.0 96.0 1961

11612.0 652.0 320.0 96.0 THE
12064.0 644.0 1040.0 104.0 CINCINNATI
13236.0 640.0 80.0 100.0 E
13348.0 644.0 84.0 92.0 N
13468.0 636.0 648.0 124.0 QPIBEB

14744.0 624.0 288.0 112.0 rare
15096.0 620.0 60.0 96.0 (

596.0 1140.0 492.0 208.0 Talk
1184.0 1140.0 276.0 204.0 Of
1544.0 1144.0 416.0 204.0 Our
2052.0 1144.0 620.0 208.0 Town

892.0 1532.0 1124.0 376.0 Death
2096.0 1568.0 1072.0 336.0 Blow?

13376.0 1016.0 176.0 272.0 II
14264.0 1000.0 56.0 288.0 I
14456.0 992.0 584.0 304.0 Ccn't

14528.0 1680.0 312.0 248.0 ft!

1164.0 2264.0 196.0 108.0 BY
1424.0 2268.0 224.0 100.0 JIM
1708.0 2260.0 556.0 108.0 POWERS

536.0 2424.0 28.0 44.0 '
612.0 2440.0 264.0 108.0 THE
932.0 2440.0 784.0 104.0 CINCINNATI
1776.0 2436.0 584.0 104.0 COUNCIL
2412.0 2428.0 608.0 120.0 campaign

432.0 2556.0 428.0 120.0 doesn't
928.0 2596.0 308.0 84.0 seem
1312.0 2580.0 116.0 96.0 to
1500.0 2576.0 276.0 100.0 have
1852.0 2568.0 408.0 104.0 caused
2328.0 2568.0 352.0 100.0 much
2748.0 2564.0 120.0 100.0 of
2948.0 2580.0 68.0 80.0 a

432.0 2708.0 236.0 116.0 stir,
744.0 2708.0 192.0 100.0 but
1008.0 2708.0 96.0 100.0 it
1176.0 2704.0 220.0 104.0 will
1476.0 2704.0 128.0 104.0 be
1680.0 2720.0 72.0 84.0 a
1836.0 2704.0 424.0 100.0 critical
2332.0 2700.0 480.0 100.0 election
2892.0 2692.0 120.0 104.0 In

428.0 2860.0 312.0 80.0 more
828.0 2856.0 292.0 100.0 ways
1216.0 2840.0 280.0 96.0 than
1584.0 2856.0 252.0 80.0 one.
1968.0 2836.0 104.0 100.0 It
2160.0 2832.0 324.0 100.0 could
2576.0 2828.0 144.0 100.0 be
2816.0 2828.0 196.0 100.0 the

428.0 2972.0 344.0 96.0 death
828.0 2968.0 280.0 100.0 blow
1168.0 2972.0 128.0 96.0 to
1356.0 2976.0 188.0 92.0 the
1600.0 2968.0 484.0 100.0 Charter
2136.0 2956.0 692.0 108.0 Committee,
2888.0 2960.0 124.0 100.0 in

428.0 3108.0 196.0 96.0 the
676.0 3100.0 260.0 100.0 view
988.0 3100.0 116.0 100.0 of
1160.0 3124.0 216.0 76.0 one
1428.0 3120.0 400.0 100.0 person
1888.0 3100.0 120.0 104.0 In
2056.0 3096.0 188.0 104.0 the
2296.0 3096.0 332.0 100.0 Inner
2680.0 3088.0 332.0 104.0 circle

424.0 3232.0 120.0 104.0 of
616.0 3232.0 272.0 100.0 local
964.0 3236.0 464.0 112.0 politics.

612.0 3364.0 224.0 100.0 The
940.0 3364.0 740.0 116.0 Republicans
1788.0 3380.0 200.0 80.0 are
2092.0 3356.0 556.0 120.0 generally
2752.0 3372.0 212.0 80.0 con-

424.0 3496.0 344.0 100.0 ceded
844.0 3496.0 116.0 96.0 to
1036.0 3496.0 136.0 96.0 be
1256.0 3496.0 244.0 96.0 able
1576.0 3500.0 112.0 92.0 to
1768.0 3492.0 556.0 100.0 maintain
2400.0 3492.0 300.0 100.0 their
2772.0 3504.0 192.0 80.0 ma-

416.0 3624.0 340.0 120.0 jority
812.0 3624.0 116.0 100.0 of
984.0 3624.0 224.0 100.0 five
1456.0 3624.0 132.0 116.0 by
1644.0 3624.0 480.0 112.0 realists,
2184.0 3636.0 456.0 100.0 anyway
2876.0 3636.0 132.0 84.0 so

420.0 3760.0 200.0 100.0 the
696.0 3756.0 288.0 96.0 chief
1060.0 3756.0 512.0 116.0 question
1648.0 3756.0 96.0 100.0 Is
1824.0 3760.0 204.0 96.0 the
2104.0 3752.0 704.0 100.0 distribution
2888.0 3748.0 120.0 100.0 of

416.0 3884.0 200.0 100.0 the
684.0 3888.0 248.0 100.0 four
996.0 3888.0 628.0 112.0 remaining
1684.0 3892.0 348.0 104.0 seats,
2096.0 3900.0 244.0 84.0 now
2400.0 3880.0 280.0 116.0 spilt
2744.0 3884.0 224.0 96.0 two-

420.0 4020.0 220.0 100.0 two
780.0 4016.0 492.0 100.0 between
1412.0 4020.0 188.0 96.0 the
1740.0 4016.0 892.0 104.0 Democrats
2776.0 4012.0 228.0 100.0 and

412.0 4148.0 700.0 104.0 Charterites.

596.0 4280.0 460.0 96.0 Charter
1116.0 4276.0 736.0 100.0 Councilman
1924.0 4276.0 448.0 100.0 Charles
2432.0 4272.0 268.0 112.0 Tart
2764.0 4272.0 100.0 104.0 Is

408.0 4408.0 292.0 100.0 dead
816.0 4412.0 324.0 96.0 cinch
1264.0 4412.0 120.0 96.0 to
1504.0 4412.0 124.0 96.0 be
1752.0 4412.0 616.0 112.0 re-elected,
2492.0 4408.0 212.0 104.0 but
2816.0 4408.0 184.0 100.0 his

408.0 4544.0 464.0 96.0 Charter
928.0 4544.0 568.0 112.0 colleague
1552.0 4544.0 112.0 96.0 In
1728.0 4544.0 204.0 100.0 the
2000.0 4540.0 436.0 120.0 present
2496.0 4540.0 504.0 116.0 Council,

404.0 4672.0 484.0 112.0 Dorothy
1000.0 4668.0 448.0 116.0 Dolbey,
1548.0 4672.0 96.0 100.0 is
1748.0 4680.0 220.0 92.0 not
2072.0 4672.0 516.0 116.0 running.
2736.0 4672.0 260.0 100.0 Mrs.
3056.0 4736.0 24.0 12.0 .

404.0 4800.0 508.0 116.0 Marjorie
968.0 4800.0 540.0 116.0 Manning
1560.0 4808.0 204.0 92.0 has
1820.0 4804.0 344.0 100.0 taken
2216.0 4808.0 200.0 96.0 her
2460.0 4804.0 328.0 120.0 place
2840.0 4824.0 152.0 76.0 on

400.0 4936.0 212.0 100.0 the
664.0 4936.0 460.0 96.0 Charter
1188.0 4936.0 364.0 96.0 ticket
1640.0 4936.0 336.0 108.0 Since
2036.0 4936.0 224.0 100.0 this
2312.0 4936.0 100.0 104.0 Is
2468.0 4932.0 208.0 108.0 the
2732.0 4932.0 260.0 104.0 first

400.0 5064.0 280.0 100.0 time
740.0 5068.0 192.0 96.0 she
1000.0 5068.0 212.0 100.0 has
1280.0 5064.0 276.0 96.0 been
1624.0 5064.0 116.0 96.0 in
1816.0 5072.0 200.0 96.0 the
2080.0 5084.0 272.0 104.0 race,
2416.0 5068.0 212.0 100.0 her
2696.0 5072.0 252.0 96.0 vote-

400.0 5196.0 428.0 116.0 getting
888.0 5212.0 424.0 100.0 powers
1384.0 5216.0 184.0 80.0 are
1632.0 5200.0 600.0 96.0 unknown.

588.0 5328.0 224.0 100.0 The
904.0 5324.0 652.0 100.0 Democrats
1652.0 5348.0 196.0 80.0 are
1948.0 5328.0 524.0 116.0 counting
2572.0 5348.0 152.0 84.0 on
2824.0 5348.0 128.0 80.0 re-

396.0 5456.0 456.0 116.0 turning
952.0 5456.0 708.0 104.0 Incumbents
1760.0 5460.0 312.0 100.0 John
2172.0 5460.0 476.0 116.0 Guligan
2756.0 5460.0 232.0 100.0 and

396.0 5584.0 480.0 104.0 Thomas
960.0 5588.0 396.0 112.0 Spraul
1440.0 5592.0 216.0 96.0 and
1740.0 5592.0 280.0 112.0 they
2100.0 5612.0 180.0 80.0 are
2352.0 5592.0 432.0 116.0 hoping
2860.0 5596.0 128.0 96.0 to

392.0 5720.0 292.0 96.0 elect
780.0 5736.0 60.0 80.0 a
936.0 5720.0 336.0 112.0 third,
1372.0 5720.0 352.0 96.0 which
1824.0 5724.0 364.0 96.0 would
2280.0 5724.0 408.0 104.0 reduce
2788.0 5720.0 196.0 104.0 the

396.0 5848.0 464.0 100.0 Charter
932.0 5852.0 884.0 112.0 representation
1896.0 5856.0 124.0 100.0 to
2092.0 5872.0 232.0 84.0 one.

580.0 5980.0 104.0 100.0 It
752.0 5984.0 348.0 96.0 would
1176.0 5980.0 140.0 100.0 be
1384.0 5984.0 268.0 100.0 hard
1720.0 5980.0 192.0 108.0 for
1972.0 6004.0 72.0 80.0 a
2108.0 5984.0 484.0 120.0 political
2660.0 5988.0 328.0 120.0 party

396.0 6108.0 120.0 104.0 to
600.0 6108.0 276.0 104.0 exist
956.0 6112.0 180.0 96.0 for
1216.0 6112.0 264.0 120.0 long
1560.0 6112.0 272.0 100.0 with
1916.0 6120.0 264.0 112.0 only
2256.0 6136.0 212.0 92.0 one
2548.0 6120.0 436.0 104.0 elected

392.0 6244.0 420.0 100.0 official
876.0 6248.0 200.0 100.0 out
1136.0 6244.0 124.0 100.0 of
1324.0 6268.0 68.0 80.0 a
1456.0 6248.0 544.0 120.0 potential
2064.0 6248.0 288.0 104.0 nine.
2864.0 6348.0 16.0 16.0 .

576.0 6412.0 432.0 100.0 THERE
1088.0 6416.0 128.0 100.0 IS
1288.0 6416.0 184.0 96.0 NO
1544.0 6420.0 884.0 128.0 CONNECTION,
2500.0 6416.0 212.0 112.0 but
2776.0 6424.0 208.0 100.0 Joe

388.0 6548.0 448.0 112.0 Becker,
924.0 6548.0 684.0 100.0 Democratic
1700.0 6552.0 628.0 120.0 candidate,
2424.0 6556.0 216.0 104.0 has
2732.0 6556.0 252.0 100.0 sold

388.0 6660.0 180.0 120.0 his
612.0 6696.0 252.0 84.0 race
920.0 6680.0 356.0 96.0 horse.
1364.0 6680.0 216.0 100.0 But
1628.0 6680.0 244.0 108.0 he's
1932.0 6688.0 220.0 100.0 still
2204.0 6688.0 112.0 100.0 In
2368.0 6688.0 196.0 100.0 the
2620.0 6692.0 316.0 96.0 Coun-

384.0 6812.0 180.0 144.0 cjl.
596.0 6828.0 276.0 88.0 race.

468.0 7012.0 36.0 32.0 '
568.0 6980.0 596.0 100.0 PARTING
1228.0 6984.0 392.0 100.0 NOTE:
1672.0 6988.0 92.0 92.0 A
1840.0 6988.0 436.0 100.0 Walnut
2328.0 6992.0 372.0 96.0 Street
2756.0 7012.0 188.0 80.0 rec-

380.0 7100.0 204.0 100.0 ord
656.0 7100.0 276.0 116.0 shop
996.0 7104.0 488.0 100.0 reduced,
1556.0 7108.0 188.0 96.0 the
1820.0 7112.0 304.0 112.0 price
2192.0 7112.0 112.0 112.0 of
2368.0 7132.0 152.0 80.0 an
2592.0 7116.0 392.0 96.0 album

392.0 7228.0 140.0 112.0 by
636.0 7224.0 728.0 104.0 Ctncinnati'i
1468.0 7232.0 608.0 120.0 Rosemary
2172.0 7236.0 476.0 116.0 Clooney
2752.0 7236.0 236.0 100.0 and

376.0 7352.0 264.0 96.0 Jose
712.0 7348.0 376.0 96.0 Ferrer
1164.0 7356.0 296.0 108.0 from
1532.0 7356.0 272.0 100.0 t3.9S
1888.0 7360.0 116.0 92.0 to
2076.0 7360.0 260.0 104.0 $2.50
2408.0 7360.0 576.0 116.0 following

392.0 7472.0 300.0 96.0 their
788.0 7472.0 464.0 100.0 divorce.
1420.0 7476.0 312.0 100.0 Title:
1844.0 7480.0 292.0 100.0 "The
2260.0 7484.0 448.0 100.0 Ferrert
2836.0 7484.0 148.0 100.0 At

376.0 7592.0 444.0 96.0 Home."

452.0 7708.0 32.0 44.0 '
568.0 7760.0 788.0 132.0 QUOTING
1476.0 7768.0 380.0 92.0 FROM
1984.0 7768.0 180.0 96.0 AN
2272.0 7788.0 704.0 104.0 anonymous

380.0 7892.0 360.0 100.0 letter:

572.0 8024.0 160.0 100.0 "If
788.0 8044.0 208.0 96.0 you
1060.0 8028.0 220.0 100.0 will
1344.0 8028.0 568.0 100.0 Interview
1968.0 8036.0 508.0 116.0 property
2536.0 8056.0 440.0 84.0 owners

380.0 8148.0 336.0 124.0 along
764.0 8160.0 184.0 100.0 the
1004.0 8160.0 544.0 120.0 proposed
1596.0 8168.0 324.0 96.0 route
1972.0 8168.0 116.0 96.0 of
2136.0 8172.0 188.0 96.0 the
2368.0 8172.0 608.0 100.0 Northeast

3236.0 2256.0 752.0 116.0 Expressway,
4088.0 2268.0 208.0 104.0 you
4396.0 2244.0 212.0 104.0 will
4708.0 2240.0 256.0 100.0 find
5064.0 2232.0 248.0 104.0 that
5408.0 2248.0 64.0 80.0 a
5584.0 2220.0 252.0 104.0 well

3232.0 2388.0 420.0 100.0 known
3744.0 2388.0 236.0 100.0 real
4076.0 2384.0 352.0 100.0 estate
4520.0 2372.0 396.0 104.0 broker
5008.0 2364.0 104.0 104.0 is
5212.0 2356.0 452.0 120.0 making
5764.0 2372.0 72.0 84.0 a

3232.0 2520.0 684.0 100.0 solicitation
3988.0 2512.0 360.0 104.0 ahead
4404.0 2504.0 120.0 108.0 of
4588.0 2508.0 192.0 96.0 the
4840.0 2504.0 232.0 108.0 city
5132.0 2500.0 116.0 96.0 in
5304.0 2492.0 308.0 112.0 quite
5680.0 2504.0 152.0 80.0 an

3232.0 2648.0 580.0 104.0 unethical
3876.0 2660.0 476.0 84.0 manner
4580.0 2632.0 528.0 116.0 contrary
5160.0 2632.0 112.0 96.0 to
5328.0 2628.0 192.0 92.0 the
5584.0 2620.0 252.0 100.0 best

3228.0 2776.0 476.0 108.0 interest
3772.0 2780.0 128.0 96.0 of
3972.0 2776.0 200.0 100.0 the
4240.0 2768.0 456.0 120.0 public."

3432.0 2912.0 284.0 96.0 Dear
3756.0 2908.0 184.0 100.0 8lr
3984.0 2924.0 132.0 84.0 or
4160.0 2904.0 480.0 96.0 Madam:
4716.0 2892.0 240.0 100.0 The
5012.0 2884.0 436.0 128.0 general
5500.0 2880.0 332.0 108.0 route

3228.0 3040.0 132.0 96.0 of
3412.0 3044.0 196.0 96.0 the
3656.0 3040.0 592.0 96.0 Northeast
4300.0 3032.0 740.0 116.0 Expressway,
5088.0 3024.0 88.0 96.0 If
5224.0 3020.0 216.0 100.0 and
5484.0 3020.0 348.0 92.0 when

3228.0 3168.0 100.0 100.0 it
3396.0 3172.0 100.0 104.0 is
3564.0 3168.0 300.0 112.0 built,
3928.0 3168.0 228.0 100.0 has
4216.0 3160.0 276.0 100.0 been
4556.0 3156.0 620.0 120.0 publicized
5240.0 3152.0 164.0 96.0 for
5472.0 3164.0 356.0 100.0 years.

3228.0 3300.0 252.0 100.0 The
3560.0 3300.0 312.0 96.0 route
3960.0 3296.0 100.0 96.0 is
4140.0 3292.0 428.0 116.0 subject
4644.0 3292.0 116.0 96.0 to
4840.0 3288.0 464.0 112.0 change.
5412.0 3276.0 104.0 100.0 If
5604.0 3292.0 228.0 96.0 any

3224.0 3432.0 532.0 116.0 property
3860.0 3440.0 432.0 88.0 owners
4396.0 3424.0 180.0 116.0 get
4680.0 3416.0 476.0 116.0 hooked,
5256.0 3412.0 168.0 108.0 it's
5528.0 3412.0 308.0 96.0 their

3224.0 3580.0 268.0 80.0 own
3556.0 3556.0 308.0 104.0 fault

3428.0 3740.0 596.0 100.0 SEVERAL
4072.0 3736.0 380.0 100.0 GOOD
4504.0 3736.0 692.0 96.0 Samaritans
5244.0 3748.0 308.0 80.0 came
5608.0 3728.0 184.0 96.0 for-

3224.0 3876.0 316.0 96.0 ward
3624.0 3876.0 296.0 100.0 after
4004.0 3872.0 200.0 104.0 the
4284.0 3868.0 276.0 96.0 Talk
4640.0 3868.0 120.0 100.0 of
4840.0 3868.0 204.0 100.0 the
5132.0 3864.0 320.0 100.0 Town
5548.0 3856.0 280.0 104.0 item

3224.0 4004.0 360.0 100.0 about
3652.0 4000.0 204.0 104.0 Lee
3932.0 3996.0 532.0 104.0 Williams
4536.0 4000.0 224.0 96.0 and
4836.0 4000.0 204.0 96.0 the
5116.0 3992.0 444.0 104.0 derelict
5640.0 3996.0 188.0 92.0 cat

3224.0 4136.0 380.0 96.0 which
3676.0 4136.0 144.0 96.0 he
3888.0 4136.0 240.0 96.0 had
4196.0 4128.0 496.0 112.0 repaired
4764.0 4132.0 128.0 96.0 at
4964.0 4148.0 72.0 76.0 a
5112.0 4132.0 228.0 92.0 cost
5408.0 4124.0 124.0 96.0 of
5608.0 4124.0 220.0 104.0 $30.

3220.0 4264.0 480.0 100.0 Howard
3772.0 4264.0 380.0 112.0 Jones,
4228.0 4260.0 244.0 100.0 MM
4548.0 4256.0 352.0 100.0 Minot
4976.0 4256.0 288.0 112.0 Ave,
5336.0 4260.0 256.0 96.0 sent
5676.0 4256.0 156.0 108.0 IS,

3212.0 4392.0 384.0 100.0 which
3712.0 4412.0 236.0 76.0 was
4068.0 4388.0 616.0 100.0 forwarded
4804.0 4388.0 124.0 92.0 to
5060.0 4384.0 232.0 100.0 Lee.
5412.0 4388.0 416.0 96.0 Others

3216.0 4528.0 360.0 96.0 asked
3624.0 4524.0 172.0 100.0 his
3844.0 4524.0 496.0 96.0 address.
4412.0 4520.0 188.0 104.0 It's
4648.0 4516.0 180.0 100.0 195
4880.0 4520.0 268.0 96.0 East
5196.0 4512.0 268.0 104.0 Ohio
5516.0 4512.0 308.0 116.0 Pike,

3216.0 4652.0 472.0 124.0 Amelia,
3748.0 4652.0 332.0 100.0 Ohio.

3404.0 4852.0 504.0 104.0 THINGS
4008.0 4848.0 564.0 100.0 HAVEN'T
4664.0 4848.0 288.0 100.0 been
5052.0 4848.0 188.0 100.0 too
5324.0 4848.0 216.0 96.0 bad
5640.0 4852.0 184.0 96.0 for

3208.0 4988.0 436.0 96.0 former
3720.0 4984.0 520.0 120.0 Newport
4320.0 4980.0 324.0 104.0 Chief
4720.0 4980.0 124.0 100.0 of
4932.0 4980.0 360.0 100.0 Police
5380.0 4984.0 440.0 112.0 George

3208.0 5120.0 372.0 116.0 Gugel
3696.0 5116.0 232.0 100.0 and
4052.0 5116.0 320.0 100.0 Chief
4488.0 5112.0 120.0 100.0 of
4728.0 5112.0 616.0 100.0 Detectives
5464.0 5112.0 352.0 112.0 Leroy

3204.0 5244.0 648.0 104.0 Fredericks
3912.0 5244.0 312.0 104.0 since
4280.0 5244.0 264.0 116.0 they
4600.0 5244.0 440.0 100.0 retired.
5132.0 5244.0 328.0 112.0 (They
5516.0 5260.0 300.0 80.0 were

3204.0 5380.0 308.0 104.0 later
3580.0 5376.0 488.0 120.0 deposed
4144.0 5376.0 140.0 116.0 by
4356.0 5376.0 264.0 96.0 Gov.
4696.0 5376.0 264.0 96.0 Bert
5040.0 5372.0 392.0 100.0 Combs
5512.0 5380.0 308.0 92.0 after

3200.0 5516.0 400.0 92.0 ouster
3656.0 5508.0 532.0 112.0 hearings
4248.0 5504.0 116.0 100.0 in
4432.0 5504.0 668.0 108.0 Frankfort.)
5188.0 5504.0 192.0 96.0 Mr.
5444.0 5504.0 372.0 112.0 Gugel

3200.0 5636.0 396.0 120.0 Joined
3664.0 5640.0 180.0 100.0 his
3912.0 5660.0 216.0 80.0 son
4200.0 5640.0 116.0 100.0 In
4396.0 5656.0 68.0 80.0 a
4536.0 5652.0 668.0 100.0 prosperous
5276.0 5636.0 536.0 116.0 cigarette

3200.0 5768.0 500.0 116.0 vending
3788.0 5768.0 532.0 104.0 machine
4420.0 5768.0 508.0 96.0 business
5036.0 5768.0 120.0 100.0 in
5252.0 5768.0 560.0 96.0 Northern

3200.0 5896.0 628.0 120.0 Kentucky.
3928.0 5896.0 240.0 108.0 The
4228.0 5916.0 240.0 96.0 son.
4528.0 5896.0 244.0 116.0 Bill,
4840.0 5896.0 220.0 104.0 has
5124.0 5912.0 328.0 84.0 never
5516.0 5896.0 296.0 100.0 been

3200.0 6028.0 524.0 100.0 Involved
3808.0 6044.0 228.0 84.0 one
4124.0 6044.0 236.0 96.0 way
4444.0 6044.0 128.0 80.0 or
4652.0 6028.0 196.0 96.0 the
4944.0 6028.0 328.0 100.0 other
5352.0 6028.0 116.0 96.0 in
5572.0 6028.0 244.0 96.0 vice

3196.0 6156.0 680.0 116.0 operations,
3952.0 6152.0 592.0 124.0 according
4604.0 6156.0 120.0 100.0 to
4792.0 6176.0 72.0 80.0 a
4932.0 6164.0 252.0 100.0 well
5252.0 6156.0 560.0 104.0 Informed

3200.0 6304.0 432.0 96.0 source,
3728.0 6288.0 236.0 100.0 and
4064.0 6284.0 208.0 104.0 has
4368.0 6308.0 68.0 80.0 a
4536.0 6288.0 324.0 112.0 going
4968.0 6304.0 500.0 84.0 concern.
5604.0 6292.0 204.0 96.0 Mr.

3200.0 6416.0 644.0 100.0 Fredericks
3944.0 6416.0 104.0 104.0 is
4140.0 6416.0 532.0 120.0 pursuing
4764.0 6436.0 68.0 76.0 a
4932.0 6420.0 452.0 116.0 heating
5476.0 6420.0 336.0 120.0 plant

3196.0 6544.0 704.0 104.0 installation
3976.0 6548.0 536.0 112.0 business,
4580.0 6548.0 268.0 96.0 with
4924.0 6548.0 364.0 100.0 which
5356.0 6552.0 144.0 100.0 he
5576.0 6568.0 236.0 84.0 was

3200.0 6676.0 628.0 104.0 associated
3932.0 6676.0 384.0 100.0 before
4420.0 6676.0 172.0 104.0 his
4700.0 6676.0 800.0 104.0 "retirement."
5644.0 6684.0 168.0 96.0 He

3196.0 6808.0 224.0 96.0 has
3500.0 6808.0 276.0 100.0 been
3864.0 6804.0 528.0 104.0 confined
4472.0 6804.0 264.0 100.0 with
4820.0 6808.0 200.0 104.0 the
5108.0 6812.0 164.0 100.0 flu
5352.0 6812.0 176.0 96.0 for
5612.0 6812.0 204.0 100.0 the

3196.0 6940.0 276.0 116.0 past
3608.0 6944.0 396.0 112.0 couple
4144.0 6940.0 380.0 112.0 weeks,
4664.0 6940.0 204.0 96.0 but
5012.0 6940.0 180.0 108.0 it's
5320.0 6944.0 492.0 120.0 nothing

3196.0 7072.0 464.0 104.0 serious.

3388.0 7252.0 440.0 100.0 THREE
4044.0 7252.0 776.0 100.0 CINCINNATI
5028.0 7256.0 776.0 104.0 businessmen

3192.0 7392.0 316.0 96.0 went
3580.0 7388.0 116.0 96.0 to
3768.0 7408.0 196.0 76.0 see
4044.0 7384.0 296.0 108.0 "The
4420.0 7388.0 392.0 96.0 Alamo
4952.0 7396.0 124.0 92.0 at
5160.0 7396.0 184.0 96.0 the
5424.0 7392.0 384.0 100.0 Times

3196.0 7512.0 492.0 104.0 Theater
3732.0 7536.0 324.0 76.0 some
4108.0 7520.0 268.0 108.0 days
4428.0 7540.0 236.0 92.0 aro.
4748.0 7520.0 248.0 96.0 One
5048.0 7520.0 224.0 104.0 had
5320.0 7528.0 112.0 92.0 to
5488.0 7528.0 320.0 96.0 leave

3192.0 7644.0 396.0 100.0 before
3692.0 7644.0 200.0 100.0 the
4012.0 7644.0 304.0 100.0 show
4428.0 7648.0 392.0 100.0 ended.
4932.0 7656.0 292.0 96.0 Next
5328.0 7652.0 216.0 120.0 day
5664.0 7656.0 152.0 96.0 he

3188.0 7772.0 448.0 120.0 opened
3744.0 7796.0 72.0 76.0 a
3932.0 7776.0 592.0 120.0 telephone
4640.0 7784.0 768.0 96.0 conversation
5532.0 7784.0 280.0 100.0 with

3192.0 7932.0 232.0 76.0 one
3504.0 7908.0 120.0 100.0 of
3692.0 7908.0 200.0 100.0 the
3976.0 7908.0 380.0 104.0 others
4432.0 7912.0 140.0 116.0 by
4652.0 7908.0 436.0 120.0 asking:
5200.0 7916.0 316.0 96.0 "How
5604.0 7920.0 200.0 100.0 did

3184.0 8040.0 272.0 100.0 that
3508.0 8040.0 300.0 100.0 show
3868.0 8044.0 280.0 96.0 turn
4200.0 8044.0 256.0 96.0 out?
4544.0 8040.0 208.0 104.0 Did
4812.0 8048.0 332.0 96.0 those
5208.0 8072.0 264.0 96.0 guys
5532.0 8072.0 272.0 76.0 ever

3184.0 8176.0 196.0 112.0 get
3444.0 8180.0 196.0 92.0 out
3700.0 8172.0 120.0 100.0 of
3876.0 8176.0 208.0 96.0 the
4148.0 8172.0 348.0 100.0 fort?"

504.0 8592.0 616.0 204.0 World
1220.0 8596.0 476.0 204.0 Beat

636.0 8948.0 1284.0 332.0 Indians
2040.0 8952.0 976.0 332.0 Knew

1024.0 9540.0 180.0 96.0 BY
1268.0 9544.0 344.0 96.0 DAVE
1672.0 9540.0 620.0 104.0 ROBERTS

548.0 9724.0 92.0 100.0 A
712.0 9728.0 684.0 108.0 BURBANK.
1464.0 9732.0 456.0 116.0 CALIF.,
1984.0 9728.0 412.0 120.0 couple,
2464.0 9732.0 208.0 96.0 Mr.
2736.0 9728.0 236.0 100.0 and

364.0 9848.0 260.0 96.0 Mrs.
748.0 9852.0 116.0 92.0 H.
964.0 9852.0 140.0 96.0 W.
1240.0 9852.0 632.0 112.0 Tiedeman,
2000.0 9852.0 468.0 116.0 thought
2592.0 9856.0 380.0 116.0 surely

368.0 9972.0 368.0 112.0 they'd
816.0 9972.0 128.0 100.0 be
1024.0 9972.0 252.0 100.0 able
1364.0 9980.0 112.0 92.0 to
1548.0 9976.0 252.0 116.0 find
1888.0 9980.0 536.0 116.0 buckeyes
2504.0 9972.0 132.0 104.0 in
2712.0 9976.0 216.0 104.0 Cin-

356.0 10096.0 468.0 96.0 cinnati.
548.0 10220.0 248.0 96.0 "It's
864.0 10220.0 372.0 96.0 Ohio's
1304.0 10220.0 288.0 100.0 state
1664.0 10220.0 344.0 100.0 tree"
2084.0 10224.0 192.0 96.0 Mr.
2352.0 10224.0 616.0 100.0 Tiedeman

376.0 10340.0 232.0 100.0 told
648.0 10360.0 196.0 80.0 me.
884.0 10344.0 556.0 96.0 "Ohioans
1476.0 10364.0 184.0 80.0 are
1696.0 10344.0 416.0 96.0 known
2144.0 10364.0 120.0 80.0 as
2296.0 10348.0 672.0 116.0 Buckeyes."

360.0 10468.0 228.0 96.0 But
688.0 10468.0 312.0 96.0 we've
1108.0 10468.0 284.0 96.0 been
1496.0 10468.0 456.0 120.0 looking
2048.0 10468.0 688.0 116.0 everywhere
2840.0 10468.0 124.0 100.0 in

352.0 10592.0 360.0 92.0 stores
796.0 10592.0 220.0 92.0 and
1104.0 10592.0 344.0 112.0 shops
1564.0 10596.0 236.0 92.0 and
1892.0 10612.0 164.0 80.0 we
2140.0 10592.0 444.0 96.0 haven't
2676.0 10592.0 284.0 100.0 been

352.0 10712.0 256.0 96.0 able
664.0 10716.0 108.0 92.0 to
820.0 10712.0 244.0 112.0 find
1116.0 10732.0 72.0 76.0 a
1244.0 10712.0 352.0 116.0 single
1648.0 10712.0 252.0 100.0 nut.
1968.0 10716.0 172.0 100.0 We
2200.0 10712.0 404.0 120.0 simply
2656.0 10716.0 308.0 100.0 can't

348.0 10856.0 140.0 96.0 go
560.0 10832.0 328.0 100.0 home
956.0 10836.0 476.0 96.0 without
1496.0 10840.0 408.0 92.0 some."

544.0 10960.0 56.0 100.0 I
648.0 10964.0 548.0 112.0 promised
1244.0 10964.0 256.0 96.0 that
1540.0 10964.0 148.0 100.0 I'd
1740.0 10964.0 300.0 96.0 have
2084.0 10980.0 68.0 80.0 a
2196.0 10960.0 200.0 100.0 few
2440.0 10960.0 204.0 100.0 the
2692.0 10964.0 276.0 100.0 next

352.0 11096.0 520.0 112.0 morning
996.0 11096.0 384.0 100.0 before
1420.0 11096.0 256.0 116.0 they
1716.0 11096.0 268.0 96.0 flew
2024.0 11112.0 300.0 100.0 away
2360.0 11096.0 116.0 100.0 to
2520.0 11092.0 444.0 104.0 Florida

360.0 11228.0 228.0 96.0 and
648.0 11228.0 312.0 96.0 other
1020.0 11232.0 376.0 112.0 points
1456.0 11228.0 112.0 100.0 in
1620.0 11228.0 204.0 100.0 the
1880.0 11232.0 460.0 96.0 Eastern
2392.0 11232.0 388.0 100.0 states.

544.0 11364.0 220.0 96.0 But
852.0 11364.0 52.0 92.0 I
992.0 11360.0 156.0 100.0 let
1248.0 11364.0 208.0 96.0 'em
1544.0 11360.0 360.0 100.0 down.
2000.0 11364.0 52.0 96.0 I
2140.0 11364.0 532.0 96.0 searched
2764.0 11360.0 200.0 100.0 the

356.0 11492.0 432.0 116.0 ground
828.0 11496.0 488.0 96.0 beneath
1360.0 11512.0 64.0 80.0 a
1468.0 11492.0 344.0 100.0 dozen
1860.0 11492.0 484.0 120.0 buckeye
2384.0 11496.0 332.0 112.0 trees,
2760.0 11492.0 208.0 104.0 but

352.0 11628.0 412.0 96.0 turned
824.0 11644.0 148.0 100.0 up
1032.0 11628.0 484.0 116.0 nothing
1572.0 11628.0 200.0 96.0 but
1836.0 11628.0 384.0 116.0 empty
2276.0 11628.0 384.0 100.0 husks.
2724.0 11628.0 240.0 100.0 The

352.0 11760.0 524.0 116.0 squirrels
948.0 11760.0 228.0 100.0 and
1244.0 11764.0 200.0 96.0 the
1512.0 11760.0 676.0 116.0 chipmunks
2248.0 11760.0 228.0 100.0 had
2548.0 11760.0 420.0 100.0 beaten

352.0 11912.0 188.0 80.0 me
596.0 11896.0 120.0 96.0 to
768.0 11896.0 188.0 96.0 the
1012.0 11892.0 308.0 100.0 fruit.

540.0 12084.0 252.0 96.0 ALL
856.0 12084.0 312.0 100.0 THIS
1240.0 12084.0 640.0 96.0 ACTIVITY
1956.0 12080.0 596.0 104.0 interested
2624.0 12100.0 216.0 80.0 me.
2908.0 12080.0 60.0 100.0 I

352.0 12216.0 196.0 100.0 did
624.0 12236.0 296.0 80.0 some
996.0 12216.0 456.0 116.0 digging
1524.0 12216.0 232.0 100.0 into
1840.0 12220.0 204.0 96.0 the
2112.0 12220.0 228.0 96.0 tree
2412.0 12216.0 356.0 104.0 books
2840.0 12212.0 128.0 100.0 In

348.0 12368.0 208.0 80.0 our
616.0 12348.0 396.0 116.0 library
1068.0 12356.0 120.0 92.0 to
1248.0 12352.0 312.0 92.0 leam
1612.0 12348.0 620.0 100.0 additional
2284.0 12348.0 432.0 100.0 details.

536.0 12480.0 52.0 100.0 I
684.0 12500.0 472.0 100.0 suppose
1260.0 12500.0 320.0 96.0 every
1672.0 12480.0 848.0 120.0 youngster
2620.0 12480.0 348.0 104.0 who's

344.0 12616.0 452.0 96.0 roamed
852.0 12616.0 192.0 96.0 the
1096.0 12616.0 636.0 96.0 woodlands
1788.0 12616.0 132.0 100.0 of
1972.0 12616.0 192.0 96.0 the
2212.0 12612.0 284.0 100.0 Ohio
2544.0 12612.0 420.0 116.0 Valley,

348.0 12744.0 584.0 116.0 especially
1012.0 12740.0 112.0 100.0 In
1204.0 12744.0 680.0 116.0 September,
1956.0 12748.0 208.0 96.0 has
2232.0 12760.0 312.0 80.0 come
2624.0 12744.0 340.0 100.0 home

348.0 12876.0 272.0 96.0 with
696.0 12880.0 112.0 96.0 at
884.0 12876.0 284.0 100.0 least
1244.0 12896.0 216.0 76.0 one
1536.0 12872.0 572.0 120.0 pocketful
2184.0 12876.0 112.0 100.0 of
2372.0 12872.0 588.0 120.0 buckeyes.

344.0 13008.0 444.0 100.0 There's
884.0 13028.0 64.0 84.0 a
1052.0 13012.0 236.0 96.0 sort
1388.0 13008.0 116.0 100.0 of
1600.0 13012.0 496.0 112.0 mystery
2196.0 13012.0 336.0 96.0 about
2632.0 13012.0 328.0 100.0 these

344.0 13140.0 568.0 112.0 beautiful,
964.0 13140.0 748.0 120.0 symmetrical
1764.0 13144.0 532.0 116.0 products
2344.0 13144.0 120.0 96.0 of
2512.0 13144.0 452.0 100.0 Mother

340.0 13280.0 420.0 96.0 Nature
832.0 13272.0 356.0 100.0 which
1264.0 13276.0 464.0 100.0 endears
1796.0 13280.0 332.0 96.0 them
2192.0 13276.0 108.0 96.0 to
2372.0 13276.0 148.0 100.0 all
2596.0 13276.0 364.0 104.0 lovers

344.0 13412.0 116.0 96.0 of
516.0 13428.0 204.0 80.0 our
772.0 13408.0 444.0 96.0 wooded
1276.0 13408.0 284.0 100.0 hills.

388.0 13608.0 40.0 52.0 ,-.
528.0 13544.0 232.0 112.0 The
816.0 13544.0 492.0 108.0 Indians,
1372.0 13544.0 696.0 120.0 apparently,
2124.0 13544.0 568.0 116.0 respected
2752.0 13540.0 204.0 104.0 the

336.0 13676.0 520.0 116.0 buckeye.
908.0 13680.0 200.0 96.0 I'm
1164.0 13676.0 236.0 96.0 told
1456.0 13676.0 184.0 100.0 the
1692.0 13680.0 284.0 96.0 nuts
2028.0 13696.0 272.0 80.0 were
2352.0 13676.0 320.0 100.0 dried
2724.0 13680.0 228.0 96.0 and

340.0 13808.0 432.0 120.0 ground
820.0 13812.0 216.0 96.0 and
1084.0 13812.0 256.0 96.0 that
1388.0 13812.0 188.0 96.0 the
1620.0 13812.0 456.0 116.0 powder
2116.0 13812.0 256.0 96.0 thus
2416.0 13808.0 540.0 100.0 obtained

452.0 13948.0 136.0 92.0 in
648.0 13944.0 188.0 96.0 the
896.0 13960.0 252.0 100.0 eyes
1212.0 13944.0 124.0 96.0 of
1392.0 13960.0 332.0 100.0 many
1784.0 13944.0 412.0 100.0 Indian
2252.0 13944.0 336.0 96.0 tribes
2720.0 13960.0 232.0 84.0 was

340.0 14100.0 76.0 84.0 a
464.0 14076.0 364.0 116.0 magic
884.0 14076.0 416.0 120.0 potion.

468.0 14296.0 20.0 12.0 .
524.0 14216.0 340.0 108.0 Carry
960.0 14212.0 556.0 112.0 buckeyes
1612.0 14208.0 112.0 100.0 In
1836.0 14228.0 288.0 100.0 your
2216.0 14212.0 400.0 116.0 pocket
2720.0 14212.0 232.0 96.0 and

336.0 14348.0 332.0 112.0 you'll
764.0 14364.0 332.0 80.0 never
1192.0 14344.0 284.0 96.0 have
1572.0 14360.0 220.0 96.0 any
1892.0 14344.0 772.0 108.0 "rheumatiz."
2760.0 14344.0 196.0 100.0 old

340.0 14480.0 388.0 100.0 timers
780.0 14480.0 264.0 96.0 used
1100.0 14480.0 120.0 96.0 to
1272.0 14496.0 224.0 96.0 say,
1552.0 14476.0 512.0 116.0 nodding
2108.0 14476.0 284.0 100.0 their
2440.0 14476.0 264.0 104.0 wise
2760.0 14480.0 192.0 96.0 old

336.0 14612.0 384.0 100.0 heads.

528.0 14804.0 460.0 112.0 Strange
1064.0 14804.0 120.0 92.0 to
1264.0 14824.0 224.0 92.0 say,
1560.0 14800.0 272.0 96.0 both
1912.0 14800.0 840.0 116.0 encyclopedias
2828.0 14800.0 124.0 96.0 to

340.0 14936.0 364.0 96.0 which
760.0 14936.0 48.0 96.0 I
856.0 14936.0 492.0 96.0 referred
1400.0 14952.0 272.0 80.0 were
1728.0 14936.0 296.0 112.0 hazy
2068.0 14956.0 148.0 76.0 on
2260.0 14936.0 192.0 96.0 the
2504.0 14932.0 448.0 116.0 subject

336.0 15072.0 120.0 92.0 of
532.0 15072.0 576.0 112.0 buckeyes.
1196.0 15068.0 308.0 116.0 They
1576.0 15068.0 620.0 100.0 classed
2272.0 15068.0 316.0 96.0 them
2676.0 15064.0 272.0 100.0 with

332.0 15208.0 336.0 96.0 horse
756.0 15204.0 580.0 96.0 chestnuts
1524.0 15196.0 364.0 100.0 which
1980.0 15196.0 96.0 104.0 is
2160.0 15220.0 396.0 96.0 proper
2748.0 15200.0 204.0 100.0 but

336.0 15336.0 440.0 116.0 beyond
848.0 15340.0 248.0 92.0 that
1172.0 15336.0 196.0 96.0 the
1444.0 15336.0 228.0 96.0 tree
1748.0 15352.0 244.0 80.0 was
2068.0 15332.0 748.0 100.0 unclassified.
2896.0 15336.0 52.0 92.0 I

336.0 15472.0 224.0 96.0 had
612.0 15472.0 116.0 96.0 to
780.0 15492.0 124.0 92.0 go
956.0 15476.0 116.0 92.0 to
1124.0 15464.0 380.0 100.0 Simon
1552.0 15468.0 224.0 96.0 and
1828.0 15468.0 612.0 100.0 Schuster's
2488.0 15468.0 464.0 96.0 "Trees"

336.0 15608.0 180.0 96.0 for
572.0 15608.0 332.0 96.0 fuller
960.0 15596.0 752.0 104.0 information.

524.0 15788.0 368.0 104.0 Ohio's
952.0 15792.0 296.0 100.0 state
1316.0 15788.0 232.0 96.0 tree
1608.0 15784.0 92.0 104.0 is
1764.0 15784.0 416.0 120.0 native,
2240.0 15792.0 196.0 96.0 not
2496.0 15788.0 272.0 116.0 only
2824.0 15788.0 128.0 100.0 to

340.0 15924.0 316.0 116.0 Ohio,
728.0 15924.0 192.0 100.0 but
984.0 15928.0 116.0 92.0 to
1172.0 15944.0 68.0 76.0 a
1308.0 15920.0 320.0 116.0 fairly
1692.0 15920.0 320.0 120.0 large
2076.0 15920.0 412.0 100.0 section
2556.0 15924.0 128.0 100.0 of
2748.0 15924.0 200.0 96.0 the

336.0 16060.0 292.0 112.0 East,
696.0 16056.0 596.0 116.0 Including,
1360.0 16052.0 224.0 100.0 and
1640.0 16052.0 756.0 124.0 Immediately
2456.0 16060.0 280.0 100.0 west
2796.0 16056.0 152.0 116.0 of,

3184.0 9548.0 204.0 100.0 the
3448.0 9548.0 844.0 120.0 Appalachians.
4352.0 9556.0 300.0 120.0 They
4700.0 9576.0 372.0 100.0 occur,
5128.0 9564.0 116.0 100.0 in
5296.0 9564.0 188.0 100.0 the
5536.0 9560.0 272.0 104.0 wild

3184.0 9684.0 336.0 116.0 state,
3600.0 9704.0 120.0 84.0 as
3796.0 9684.0 188.0 104.0 far
4064.0 9688.0 336.0 100.0 north
4480.0 9708.0 124.0 84.0 as
4680.0 9692.0 296.0 100.0 Lake
5060.0 9696.0 268.0 112.0 Erie,
5408.0 9716.0 124.0 80.0 as
5620.0 9700.0 188.0 100.0 far

3180.0 9820.0 288.0 96.0 west
3532.0 9836.0 120.0 80.0 as
3712.0 9816.0 192.0 100.0 the
3972.0 9820.0 648.0 128.0 Mississippi
4680.0 9828.0 392.0 116.0 Valley
5132.0 9824.0 220.0 104.0 and
5412.0 9832.0 348.0 100.0 south-

3180.0 9948.0 320.0 100.0 ward
3576.0 9948.0 228.0 104.0 into
3884.0 9952.0 500.0 124.0 Georgia,
4464.0 9956.0 544.0 104.0 Alabama
5088.0 9960.0 224.0 100.0 and
5380.0 9960.0 380.0 104.0 Missis-

3180.0 10080.0 332.0 120.0 sippi.
3368.0 10300.0 156.0 96.0 IN
3572.0 10300.0 608.0 104.0 READING
4232.0 10304.0 300.0 104.0 THIS
4576.0 10304.0 56.0 100.0 I
4676.0 10304.0 1120.0 108.0 discoveredmuch

3176.0 10416.0 112.0 100.0 to
3368.0 10440.0 196.0 96.0 my
3624.0 10424.0 872.0 116.0 surprisethat
4564.0 10428.0 192.0 100.0 the
4828.0 10432.0 488.0 120.0 buckeye
5380.0 10440.0 244.0 92.0 also
5696.0 10440.0 100.0 96.0 is

3176.0 10544.0 392.0 96.0 native
3632.0 10548.0 108.0 96.0 to
3800.0 10552.0 416.0 96.0 almost
4280.0 10552.0 188.0 100.0 the
4528.0 10552.0 364.0 100.0 entire
4968.0 10556.0 296.0 100.0 state
5320.0 10560.0 116.0 112.0 of
5496.0 10564.0 256.0 96.0 Cali-

3168.0 10668.0 424.0 116.0 fornia,
3676.0 10672.0 372.0 96.0 where
4168.0 10676.0 196.0 96.0 Mr.
4452.0 10680.0 224.0 96.0 and
4792.0 10680.0 268.0 96.0 Mrs.
5192.0 10680.0 604.0 100.0 Tiedeman

3168.0 10792.0 348.0 100.0 make
3608.0 10792.0 292.0 96.0 their
3988.0 10792.0 360.0 100.0 home.

3360.0 10944.0 556.0 116.0 Learning
3984.0 10944.0 280.0 112.0 that,
4320.0 10948.0 56.0 96.0 I
4432.0 10948.0 356.0 100.0 called
4852.0 10952.0 116.0 96.0 to
5028.0 10952.0 368.0 100.0 advise
5460.0 10956.0 328.0 96.0 them

3172.0 11060.0 268.0 100.0 that
3496.0 11068.0 252.0 116.0 they
3796.0 11072.0 340.0 92.0 could
4180.0 11068.0 252.0 120.0 find
4484.0 11072.0 188.0 96.0 the
4720.0 11080.0 280.0 92.0 nuts
5064.0 11076.0 260.0 120.0 they
5368.0 11080.0 424.0 116.0 sought

3168.0 11184.0 320.0 112.0 right
3572.0 11188.0 116.0 96.0 in
3768.0 11192.0 312.0 96.0 their
4156.0 11212.0 244.0 80.0 own
4484.0 11196.0 276.0 100.0 back
4840.0 11200.0 344.0 112.0 yards
5288.0 11220.0 80.0 80.0 a
5452.0 11204.0 340.0 120.0 thing

3172.0 11308.0 380.0 100.0 which
3632.0 11312.0 572.0 116.0 surprised
4288.0 11316.0 344.0 116.0 them,
4716.0 11320.0 232.0 100.0 tool

3360.0 11492.0 456.0 116.0 Despite
3892.0 11496.0 204.0 100.0 the
4172.0 11496.0 232.0 104.0 fact
4472.0 11484.0 252.0 116.0 that
4788.0 11500.0 280.0 116.0 they
5144.0 11520.0 184.0 84.0 are
5392.0 11504.0 124.0 100.0 of
5596.0 11508.0 208.0 100.0 the

3172.0 11640.0 332.0 88.0 same
3580.0 11624.0 420.0 120.0 family,
4080.0 11628.0 324.0 100.0 horse
4480.0 11632.0 596.0 104.0 chestnuts
5160.0 11632.0 216.0 104.0 and
5452.0 11640.0 304.0 96.0 buck-

3172.0 11776.0 272.0 92.0 eyes
3532.0 11756.0 276.0 104.0 have
3896.0 11776.0 352.0 104.0 many
4332.0 11760.0 372.0 120.0 points
4788.0 11768.0 128.0 96.0 of
5004.0 11768.0 792.0 112.0 dissimilarity.

3172.0 11892.0 244.0 100.0 The
3492.0 11892.0 324.0 100.0 horse
3884.0 11896.0 540.0 100.0 chestnut
4488.0 11896.0 228.0 100.0 leaf
4784.0 11896.0 216.0 104.0 has
5076.0 11920.0 324.0 80.0 seven
5472.0 11920.0 280.0 96.0 sepa-

3172.0 12028.0 256.0 96.0 rate
3480.0 12024.0 444.0 116.0 fingers.
3976.0 12028.0 236.0 100.0 The
4260.0 12028.0 484.0 116.0 buckeye
4792.0 12032.0 452.0 120.0 usually
5284.0 12036.0 200.0 100.0 has
5536.0 12032.0 264.0 104.0 five.

3172.0 12156.0 244.0 100.0 The
3488.0 12156.0 320.0 100.0 horse
3880.0 12160.0 536.0 100.0 chestnut
4484.0 12164.0 220.0 96.0 leaf
4768.0 12160.0 100.0 108.0 is
4940.0 12172.0 344.0 92.0 much
5348.0 12184.0 460.0 84.0 coarser

3172.0 12288.0 240.0 100.0 and
3468.0 12292.0 304.0 96.0 often
3824.0 12288.0 104.0 104.0 Is
3984.0 12292.0 384.0 120.0 larger.
4424.0 12296.0 156.0 100.0 Its
4636.0 12296.0 664.0 100.0 candle-like
5352.0 12300.0 456.0 104.0 flowers

3172.0 12440.0 200.0 80.0 are
3432.0 12420.0 356.0 120.0 larger
3836.0 12428.0 300.0 96.0 than
4192.0 12428.0 316.0 100.0 those
4564.0 12428.0 116.0 100.0 of
4732.0 12428.0 200.0 100.0 the
4988.0 12432.0 512.0 120.0 buckeye,
5564.0 12440.0 244.0 96.0 and

3168.0 12556.0 208.0 96.0 the
3420.0 12556.0 348.0 100.0 husks
3808.0 12560.0 124.0 92.0 of
3980.0 12560.0 148.0 100.0 its
4172.0 12560.0 256.0 100.0 seed
4468.0 12560.0 264.0 104.0 nuts
4776.0 12580.0 196.0 84.0 are
5016.0 12564.0 320.0 116.0 spiny
5380.0 12572.0 384.0 96.0 where-

3172.0 12704.0 128.0 80.0 as
3356.0 12688.0 328.0 96.0 those
3736.0 12688.0 120.0 96.0 of
3912.0 12692.0 204.0 96.0 the
4168.0 12692.0 480.0 116.0 buckeye
4700.0 12712.0 196.0 84.0 are
4952.0 12700.0 468.0 100.0 smooth.

3232.0 12820.0 248.0 100.0 The
3528.0 12820.0 488.0 116.0 buckeye
4060.0 12824.0 300.0 100.0 Itself
4404.0 12824.0 232.0 120.0 gets
4684.0 12828.0 144.0 100.0 its
4868.0 12844.0 348.0 88.0 name
5260.0 12832.0 280.0 96.0 from
5592.0 12832.0 204.0 100.0 the

3172.0 12952.0 248.0 100.0 fact
3488.0 12956.0 244.0 96.0 that
3796.0 12956.0 204.0 100.0 the
4064.0 12964.0 212.0 96.0 nut
4340.0 12960.0 600.0 104.0 resembles
5008.0 12964.0 204.0 100.0 the
5272.0 12984.0 188.0 100.0 eye
5528.0 12968.0 128.0 96.0 of
5732.0 12988.0 64.0 76.0 a

3168.0 13088.0 308.0 96.0 buck
3544.0 13088.0 532.0 100.0 whltetall
4140.0 13092.0 260.0 100.0 deer
4576.0 13092.0 268.0 100.0 with
4908.0 13092.0 152.0 104.0 its
5124.0 13116.0 192.0 96.0 eye
5380.0 13100.0 420.0 100.0 almost

3168.0 13236.0 292.0 100.0 pure
3544.0 13220.0 364.0 116.0 white;
4004.0 13224.0 148.0 96.0 its
4232.0 13224.0 344.0 100.0 "ball"
4656.0 13244.0 68.0 84.0 a
4808.0 13244.0 272.0 104.0 very
5160.0 13232.0 296.0 112.0 dark,
5544.0 13236.0 252.0 96.0 rich

3168.0 13356.0 420.0 96.0 brown.
3648.0 13356.0 224.0 96.0 The
3932.0 13372.0 204.0 100.0 eye
4188.0 13356.0 116.0 100.0 of
4356.0 13360.0 196.0 100.0 the
4608.0 13356.0 332.0 104.0 horse
4996.0 13360.0 524.0 104.0 chestnut
5572.0 13372.0 228.0 96.0 nut

3168.0 13488.0 92.0 96.0 Is
3336.0 13488.0 392.0 112.0 larger,
3804.0 13492.0 568.0 112.0 yellowish
4448.0 13492.0 224.0 100.0 and
4740.0 13496.0 204.0 100.0 the
5016.0 13496.0 228.0 100.0 ball
5312.0 13500.0 304.0 100.0 Itself
5696.0 13504.0 96.0 96.0 Is

3164.0 13640.0 64.0 80.0 a
3284.0 13620.0 416.0 116.0 lighter
3748.0 13624.0 416.0 100.0 brown.

3356.0 13840.0 752.0 112.0 SQUIRRELS
4192.0 13840.0 264.0 100.0 ARE
4544.0 13844.0 364.0 100.0 FOND
5000.0 13844.0 128.0 100.0 of
5212.0 13848.0 576.0 116.0 buckeyes.

3160.0 13972.0 280.0 100.0 This
3508.0 13976.0 48.0 92.0 I
3620.0 13972.0 320.0 96.0 know
4004.0 13976.0 288.0 96.0 from
4360.0 13996.0 316.0 96.0 years
4732.0 13980.0 124.0 96.0 of
4920.0 13976.0 460.0 120.0 squirrel
5444.0 13984.0 312.0 96.0 hunt-

3160.0 14104.0 236.0 116.0 ing.
3456.0 14108.0 528.0 96.0 Whether
4032.0 14128.0 132.0 76.0 or
4212.0 14112.0 200.0 96.0 not
4468.0 14112.0 192.0 100.0 the
4712.0 14112.0 292.0 100.0 little
5068.0 14116.0 516.0 116.0 rraytails
5644.0 14140.0 144.0 96.0 go

3156.0 14240.0 188.0 96.0 for
3404.0 14240.0 328.0 96.0 horse
3792.0 14240.0 620.0 116.0 chestnuts,
4476.0 14244.0 48.0 100.0 I
4584.0 14244.0 296.0 104.0 cant
4940.0 14268.0 236.0 92.0 say.

3352.0 14428.0 352.0 100.0 Horse
3760.0 14424.0 592.0 104.0 chestnuts
4420.0 14452.0 184.0 80.0 are
4668.0 14436.0 204.0 96.0 not
4928.0 14436.0 380.0 104.0 native
5368.0 14440.0 116.0 96.0 to
5544.0 14440.0 244.0 100.0 this

3160.0 14564.0 508.0 116.0 country.
3740.0 14564.0 316.0 116.0 They
4124.0 14580.0 276.0 80.0 were
4468.0 14568.0 480.0 116.0 brought
5016.0 14568.0 248.0 100.0 into
5328.0 14572.0 456.0 100.0 Central

3156.0 14696.0 444.0 116.0 Europe
3668.0 14700.0 292.0 96.0 from
4036.0 14696.0 196.0 100.0 the
4292.0 14700.0 520.0 112.0 Balkans,
4884.0 14700.0 236.0 100.0 and
5192.0 14708.0 392.0 96.0 thence
5664.0 14708.0 124.0 96.0 to

3160.0 14832.0 200.0 96.0 the
3428.0 14828.0 396.0 100.0 United
3888.0 14832.0 376.0 100.0 States
4324.0 14832.0 224.0 100.0 and
4608.0 14836.0 492.0 96.0 Canada.

3340.0 14988.0 220.0 100.0 For
3596.0 15012.0 300.0 76.0 some
3936.0 14992.0 748.0 120.0 unexplained
4724.0 15012.0 440.0 96.0 reason,
5208.0 15000.0 180.0 100.0 the
5428.0 15000.0 360.0 104.0 books

3156.0 15120.0 204.0 100.0 tell
3412.0 15140.0 216.0 92.0 me,
3676.0 15128.0 188.0 92.0 the
3912.0 15128.0 396.0 100.0 nectar
4352.0 15128.0 288.0 100.0 from
4688.0 15132.0 196.0 96.0 the
4932.0 15132.0 436.0 104.0 flowers
5412.0 15132.0 120.0 100.0 of
5580.0 15136.0 204.0 100.0 the

3156.0 15256.0 616.0 100.0 California
3836.0 15256.0 496.0 120.0 buckeye
4396.0 15260.0 96.0 104.0 Is
4552.0 15264.0 608.0 116.0 poisonous
5216.0 15272.0 112.0 96.0 to
5388.0 15268.0 264.0 96.0 bees

3156.0 15388.0 560.0 116.0 which,
3784.0 15388.0 188.0 104.0 for
4052.0 15392.0 536.0 116.0 apiarists,
4668.0 15400.0 524.0 120.0 presents
5264.0 15416.0 64.0 84.0 a
5404.0 15404.0 380.0 116.0 pretty

3152.0 15520.0 548.0 120.0 problem!

3348.0 15660.0 160.0 96.0 At
3588.0 15676.0 212.0 96.0 any
3880.0 15660.0 284.0 116.0 rate,
4240.0 15660.0 400.0 104.0 there's
4720.0 15680.0 72.0 80.0 a
4872.0 15664.0 328.0 100.0 short
5276.0 15664.0 296.0 120.0 story
5660.0 15668.0 128.0 96.0 of

3156.0 15788.0 560.0 116.0 buckeyes
3776.0 15788.0 180.0 104.0 for
4016.0 15792.0 592.0 116.0 Buckeyes.

3340.0 15924.0 232.0 96.0 But
3616.0 15924.0 392.0 120.0 people
4056.0 15928.0 124.0 96.0 of
4220.0 15928.0 596.0 100.0 California
4864.0 15932.0 244.0 96.0 also
5152.0 15948.0 252.0 100.0 may
5448.0 15932.0 324.0 100.0 learn

3152.0 16056.0 640.0 120.0 something
3852.0 16056.0 148.0 120.0 by
4052.0 16060.0 460.0 124.0 reading
4560.0 16060.0 116.0 100.0 it

528.0 16456.0 524.0 200.0 Your
1172.0 16444.0 732.0 208.0 Health

680.0 16884.0 956.0 332.0 Bomb
1752.0 16876.0 1144.0 408.0 Safety

464.0 17456.0 180.0 96.0 BY
728.0 17456.0 208.0 92.0 DR.
1024.0 17448.0 276.0 96.0 VAN
1388.0 17448.0 84.0 92.0 D
1488.0 17444.0 412.0 96.0 ELLEN

380.0 17592.0 284.0 92.0 .WE
776.0 17580.0 680.0 100.0 SHOULD
1564.0 17576.0 460.0 96.0 become

336.0 17740.0 312.0 76.0 more
696.0 17712.0 468.0 100.0 realistic
1212.0 17708.0 228.0 100.0 and
1488.0 17708.0 204.0 96.0 less
1740.0 17724.0 236.0 96.0 pan-

332.0 17852.0 252.0 112.0 icky
628.0 17848.0 328.0 96.0 about
1000.0 17848.0 192.0 92.0 the
1240.0 17836.0 612.0 124.0 possibility
1900.0 17836.0 124.0 96.0 of

332.0 17976.0 896.0 100.0 thermonuclear
1340.0 17988.0 248.0 76.0 war.
1688.0 17972.0 96.0 92.0 A
1900.0 17968.0 128.0 96.0 20

332.0 18116.0 524.0 112.0 megaton
912.0 18108.0 572.0 112.0 hydrogen
1536.0 18100.0 332.0 96.0 bomb
1928.0 18100.0 96.0 96.0 Is

332.0 18264.0 64.0 76.0 a
476.0 18240.0 444.0 100.0 terrible
996.0 18252.0 496.0 96.0 weapon.

456.0 18376.0 108.0 96.0 It
596.0 18376.0 420.0 92.0 creates
1060.0 18388.0 64.0 72.0 a
1168.0 18364.0 296.0 100.0 blast
1504.0 18376.0 516.0 100.0 pressure

328.0 18524.0 156.0 96.0 up
536.0 18508.0 124.0 92.0 to
716.0 18504.0 112.0 92.0 10
876.0 18496.0 440.0 120.0 pounds
1368.0 18512.0 196.0 96.0 per
1608.0 18508.0 412.0 100.0 square

328.0 18636.0 272.0 104.0 inch
688.0 18652.0 252.0 80.0 over
1028.0 18648.0 152.0 76.0 an
1276.0 18644.0 256.0 76.0 area
1620.0 18624.0 116.0 96.0 of
1828.0 18624.0 196.0 96.0 725

328.0 18784.0 408.0 96.0 square
828.0 18760.0 344.0 100.0 miles.
1276.0 18756.0 288.0 96.0 Most
1656.0 18748.0 324.0 100.0 build-

328.0 18896.0 256.0 116.0 ings
672.0 18892.0 116.0 100.0 to
868.0 18896.0 192.0 92.0 the
1148.0 18884.0 408.0 100.0 United
1640.0 18888.0 384.0 92.0 States

328.0 19024.0 368.0 100.0 would
780.0 19024.0 484.0 112.0 collapse
1360.0 19020.0 116.0 92.0 at
1560.0 19036.0 68.0 76.0 a
1708.0 19032.0 272.0 100.0 pres-

332.0 19176.0 260.0 80.0 sure
636.0 19152.0 120.0 100.0 of
796.0 19152.0 52.0 96.0 2
892.0 19152.0 440.0 120.0 pounds
1376.0 19164.0 192.0 104.0 per
1604.0 19164.0 416.0 100.0 square

328.0 19288.0 300.0 96.0 Inch.

452.0 19420.0 132.0 92.0 In
672.0 19412.0 524.0 116.0 addition,
1276.0 19412.0 400.0 96.0 houses
1748.0 19424.0 276.0 100.0 may

328.0 19548.0 336.0 100.0 catch
752.0 19548.0 196.0 96.0 fire
1032.0 19564.0 160.0 96.0 up
1280.0 19544.0 120.0 96.0 to
1488.0 19540.0 116.0 96.0 25
1680.0 19536.0 344.0 100.0 miles

328.0 19680.0 300.0 96.0 from
708.0 19676.0 184.0 100.0 the
972.0 19676.0 320.0 116.0 place
1376.0 19672.0 352.0 96.0 where
1812.0 19672.0 208.0 96.0 the

328.0 19808.0 428.0 100.0 bomb
848.0 19804.0 436.0 104.0 strikes.
1396.0 19800.0 252.0 100.0 This
1748.0 19816.0 280.0 80.0 area

328.0 19960.0 384.0 80.0 covers
820.0 19936.0 232.0 96.0 1900
1152.0 19948.0 404.0 100.0 square
1652.0 19932.0 368.0 96.0 miles.

332.0 20064.0 588.0 100.0 Radiation
988.0 20064.0 240.0 100.0 also
1304.0 20064.0 100.0 100.0 is
1476.0 20080.0 64.0 80.0 a
1608.0 20064.0 412.0 96.0 threat

328.0 20204.0 240.0 92.0 The
668.0 20216.0 252.0 80.0 area
1020.0 20196.0 124.0 96.0 of
1244.0 20196.0 196.0 96.0 the
1540.0 20192.0 484.0 116.0 damage

328.0 20332.0 300.0 96.0 from
728.0 20332.0 188.0 96.0 the
1020.0 20324.0 300.0 96.0 blast
1412.0 20324.0 356.0 96.0 would
1880.0 20328.0 144.0 96.0 be

324.0 20456.0 840.0 116.0 contaminated
1248.0 20460.0 120.0 92.0 at
1440.0 20472.0 208.0 80.0 one
1720.0 20456.0 308.0 96.0 hour

328.0 20596.0 300.0 92.0 after
744.0 20592.0 184.0 96.0 the
1048.0 20588.0 572.0 112.0 explosion
1740.0 20588.0 284.0 96.0 with

332.0 20728.0 248.0 92.0 5000
640.0 20720.0 92.0 96.0 R
784.0 20740.0 124.0 76.0 or
960.0 20732.0 340.0 84.0 more.

2144.0 17448.0 100.0 92.0 m

2196.0 17576.0 564.0 100.0 TODAY'S
2832.0 17572.0 544.0 96.0 HEALTH
3444.0 17568.0 324.0 100.0 HINT

2312.0 17708.0 232.0 100.0 The
2668.0 17708.0 308.0 112.0 early
3092.0 17704.0 228.0 100.0 test
3444.0 17704.0 448.0 96.0 catches

2192.0 17840.0 188.0 100.0 the
2460.0 17828.0 828.0 128.0 complication.

2312.0 18172.0 232.0 96.0 The
2612.0 18164.0 364.0 104.0 lethal
3036.0 18164.0 272.0 100.0 dose
3372.0 18164.0 196.0 100.0 for
3624.0 18176.0 272.0 84.0 man

2196.0 18300.0 96.0 100.0 is
2340.0 18304.0 184.0 96.0 450
2576.0 18300.0 104.0 100.0 R
2728.0 18300.0 180.0 96.0 for
2956.0 18296.0 176.0 104.0 six
3176.0 18292.0 536.0 104.0 minutes.
3768.0 18296.0 136.0 96.0 In

2196.0 18436.0 320.0 96.0 other
2548.0 18432.0 400.0 112.0 words,
2980.0 18432.0 188.0 116.0 get
3200.0 18432.0 120.0 96.0 to
3364.0 18448.0 76.0 80.0 a
3484.0 18428.0 412.0 100.0 shelter

2200.0 18584.0 120.0 80.0 as
2364.0 18564.0 448.0 120.0 quickly
2856.0 18584.0 132.0 80.0 as
3032.0 18560.0 520.0 120.0 possible.
3600.0 18560.0 296.0 96.0 Even

2196.0 18716.0 68.0 76.0 a
2312.0 18696.0 340.0 100.0 bomb
2700.0 18696.0 256.0 100.0 that
3004.0 18692.0 336.0 100.0 lands
3396.0 18696.0 132.0 96.0 50
3576.0 18688.0 320.0 104.0 miles

2196.0 18848.0 300.0 96.0 away
2556.0 18828.0 104.0 96.0 la
2724.0 18824.0 672.0 120.0 dangerous.

2308.0 19016.0 92.0 96.0 A
2476.0 19008.0 736.0 100.0 BASEMENT
3276.0 19024.0 148.0 84.0 or
3500.0 19008.0 352.0 96.0 under-

2196.0 19144.0 428.0 116.0 ground
2712.0 19144.0 428.0 100.0 shelter
3216.0 19136.0 108.0 104.0 Is
3412.0 19140.0 488.0 120.0 cheaper

2196.0 19276.0 220.0 100.0 and
2492.0 19272.0 316.0 100.0 safer
2884.0 19272.0 288.0 100.0 than
3248.0 19288.0 72.0 80.0 a
2192.0 19268.0 1664.0 240.0 blast-resistant

2688.0 19408.0 388.0 96.0 house.
3216.0 19404.0 256.0 100.0 The
3556.0 19400.0 348.0 100.0 house

2196.0 19540.0 356.0 100.0 would
2616.0 19536.0 296.0 100.0 need
2968.0 19536.0 316.0 100.0 walls
3348.0 19532.0 244.0 100.0 and
3648.0 19532.0 200.0 100.0 ceil-

2196.0 19668.0 244.0 116.0 ings
2492.0 19668.0 124.0 100.0 of
2672.0 19672.0 124.0 96.0 20
2844.0 19664.0 392.0 104.0 Inches
3288.0 19664.0 132.0 100.0 of
3472.0 19660.0 420.0 124.0 poured

2196.0 19800.0 516.0 100.0 concrete
2804.0 19816.0 136.0 80.0 or
3024.0 19796.0 324.0 104.0 three
3452.0 19800.0 232.0 96.0 feet
3772.0 19796.0 124.0 96.0 of

2192.0 19932.0 348.0 96.0 earth.
2608.0 19924.0 552.0 108.0 Windows
3220.0 19924.0 424.0 120.0 nullify
3696.0 19928.0 200.0 100.0 the

2192.0 20064.0 608.0 96.0 resistance
2832.0 20060.0 124.0 100.0 of
2988.0 20056.0 192.0 100.0 the
3212.0 20056.0 396.0 100.0 house.
3668.0 20056.0 236.0 100.0 The

2196.0 20196.0 288.0 96.0 blast
2528.0 20192.0 228.0 100.0 will
2804.0 20212.0 140.0 96.0 go
2992.0 20192.0 504.0 112.0 through
3540.0 20188.0 348.0 116.0 them;

2196.0 20344.0 272.0 80.0 even
2532.0 20324.0 448.0 116.0 though
3040.0 20324.0 200.0 100.0 the
3304.0 20324.0 368.0 96.0 house
3728.0 20340.0 124.0 80.0 re-

2208.0 20472.0 108.0 80.0 m
2352.0 20472.0 64.0 80.0 a
2452.0 20452.0 32.0 100.0 1
2520.0 20472.0 176.0 92.0 ns,
2840.0 20452.0 200.0 100.0 the
3180.0 20452.0 712.0 100.0 inhabitants

2196.0 20584.0 356.0 100.0 would
2620.0 20584.0 144.0 96.0 be
2824.0 20580.0 372.0 100.0 killed.

2312.0 20720.0 172.0 92.0 On
2560.0 20716.0 204.0 100.0 the
2836.0 20716.0 332.0 96.0 other
3232.0 20712.0 364.0 116.0 hand,
3664.0 20712.0 88.0 104.0 if
3820.0 20732.0 68.0 80.0 a

348.0 21024.0 172.0 192.0 r

568.0 21196.0 844.0 248.0 Today's
1500.0 21196.0 732.0 252.0 Prayer

3796.0 21104.0 80.0 200.0 1

732.0 21548.0 1016.0 336.0 Cloud
1924.0 21540.0 1660.0 412.0 Analyzer

384.0 22132.0 36.0 28.0 v
1176.0 22068.0 184.0 96.0 BY
1420.0 22068.0 212.0 96.0 DR.
1684.0 22068.0 368.0 96.0 JOHN
2104.0 22068.0 528.0 100.0 MARVIN
2692.0 22064.0 356.0 104.0 BAST

576.0 22228.0 476.0 100.0 General
1104.0 22228.0 468.0 100.0 Electric
1628.0 22224.0 604.0 124.0 physicists
2276.0 22224.0 280.0 104.0 have
2608.0 22224.0 456.0 104.0 devised
3116.0 22224.0 180.0 100.0 for
3344.0 22224.0 212.0 100.0 the
3604.0 22224.0 296.0 116.0 Navy

328.0 22380.0 148.0 80.0 an
536.0 22364.0 684.0 100.0 instrument
1276.0 22360.0 360.0 100.0 which
1692.0 22360.0 552.0 100.0 Indicates
2296.0 22360.0 192.0 100.0 the
2544.0 22356.0 616.0 116.0 thickness,
3212.0 22356.0 412.0 120.0 height
3676.0 22356.0 224.0 104.0 and

328.0 22500.0 444.0 112.0 density
848.0 22496.0 116.0 96.0 of
1040.0 22496.0 424.0 96.0 clouds.

572.0 22632.0 324.0 96.0 From
980.0 22648.0 68.0 80.0 a
1132.0 22628.0 492.0 96.0 weather
1700.0 22624.0 460.0 100.0 balloon
2240.0 22620.0 116.0 104.0 in
2440.0 22620.0 376.0 100.0 which
2896.0 22616.0 232.0 108.0 this
3208.0 22620.0 348.0 100.0 cloud
3640.0 22640.0 212.0 80.0 ana-

332.0 22760.0 296.0 116.0 lyzer
720.0 22764.0 96.0 96.0 is
904.0 22760.0 436.0 96.0 carried
1432.0 22760.0 232.0 96.0 into
1752.0 22760.0 212.0 96.0 the
2060.0 22772.0 348.0 104.0 uppor
2496.0 22756.0 752.0 116.0 atmosphere,
3344.0 22752.0 104.0 100.0 it
3544.0 22756.0 360.0 96.0 radios

328.0 22896.0 496.0 100.0 weather
900.0 22896.0 264.0 96.0 data
1256.0 22896.0 116.0 96.0 to
1456.0 22912.0 64.0 76.0 a
1604.0 22884.0 444.0 128.0 ground
2128.0 22888.0 472.0 100.0 receiver
2684.0 22888.0 128.0 100.0 at
2888.0 22892.0 196.0 96.0 the
3168.0 22888.0 248.0 100.0 rate
3524.0 22884.0 120.0 100.0 of
3732.0 22892.0 172.0 96.0 120

336.0 23032.0 336.0 96.0 times
752.0 23048.0 64.0 80.0 a
892.0 23024.0 468.0 100.0 minute.

592.0 23164.0 140.0 96.0 In
792.0 23160.0 188.0 104.0 the
1044.0 23160.0 328.0 116.0 spirit
1436.0 23156.0 348.0 100.0 realm
1848.0 23172.0 172.0 84.0 we
2080.0 23152.0 276.0 104.0 have
2412.0 23156.0 260.0 100.0 One
2728.0 23148.0 260.0 108.0 who
3044.0 23148.0 212.0 108.0 has
3316.0 23148.0 376.0 104.0 tested
3752.0 23148.0 156.0 104.0 all

328.0 23292.0 208.0 104.0 the
596.0 23292.0 384.0 100.0 clouds
1040.0 23292.0 372.0 96.0 which
1468.0 23292.0 340.0 96.0 hover
1868.0 23292.0 348.0 96.0 above
2272.0 23304.0 128.0 80.0 us
2460.0 23284.0 236.0 100.0 and
2752.0 23284.0 496.0 116.0 through
3304.0 23284.0 380.0 100.0 which
3736.0 23300.0 164.0 80.0 we

320.0 23448.0 268.0 100.0 may
656.0 23428.0 132.0 100.0 be
856.0 23424.0 360.0 100.0 called
1288.0 23424.0 120.0 96.0 to
1476.0 23440.0 280.0 100.0 pass.

456.0 23644.0 12.0 20.0 .
576.0 23560.0 600.0 112.0 Cosfiding
1260.0 23552.0 124.0 100.0 in
1472.0 23556.0 248.0 96.0 Him
1808.0 23572.0 172.0 80.0 we
2100.0 23568.0 184.0 84.0 are
2396.0 23544.0 468.0 104.0 assured
2984.0 23548.0 252.0 100.0 that
3348.0 23564.0 184.0 84.0 we
3612.0 23544.0 288.0 104.0 shall

328.0 23712.0 448.0 100.0 emerge
836.0 23688.0 596.0 104.0 victorious
1492.0 23688.0 512.0 96.0 however
2064.0 23684.0 272.0 96.0 dark
2392.0 23680.0 236.0 100.0 and
2684.0 23680.0 644.0 120.0 forbidding
3392.0 23680.0 208.0 100.0 the
3656.0 23680.0 244.0 116.0 day.

580.0 23876.0 292.0 100.0 "The
948.0 23872.0 336.0 116.0 Light
1356.0 23872.0 384.0 96.0 shines
1824.0 23868.0 136.0 100.0 tn
2044.0 23868.0 188.0 100.0 the
2304.0 23864.0 584.0 112.0 darkness,
2964.0 23864.0 232.0 104.0 and
3292.0 23860.0 216.0 104.0 the
3584.0 23860.0 272.0 104.0 dark-

332.0 24024.0 260.0 84.0 ness
672.0 24008.0 204.0 96.0 has
952.0 24008.0 200.0 96.0 not
1224.0 24000.0 780.0 124.0 overpowered
2076.0 23996.0 184.0 104.0 it."
2324.0 24000.0 340.0 112.0 (John
2736.0 24000.0 204.0 116.0 1:5,
3020.0 23996.0 700.0 124.0 Weymouth)

576.0 24192.0 192.0 104.0 We
848.0 24196.0 356.0 96.0 would
1292.0 24196.0 304.0 96.0 draw
1668.0 24192.0 304.0 100.0 from
2104.0 24188.0 320.0 108.0 Thee,
2508.0 24184.0 416.0 116.0 Savior,
3004.0 24180.0 288.0 124.0 light
3408.0 24184.0 192.0 100.0 for
3696.0 24200.0 208.0 84.0 our

332.0 24328.0 572.0 112.0 darkness,
984.0 24328.0 300.0 116.0 hope
1364.0 24328.0 184.0 96.0 for
1620.0 24344.0 216.0 76.0 our
1916.0 24324.0 376.0 96.0 doubt
2368.0 24324.0 380.0 96.0 Teach
2824.0 24340.0 144.0 84.0 us
3044.0 24324.0 204.0 96.0 the
3328.0 24320.0 372.0 100.0 secret
3772.0 24316.0 132.0 100.0 of

332.0 24464.0 244.0 120.0 Thy
636.0 24480.0 332.0 100.0 peace
1028.0 24460.0 312.0 96.0 amid
1400.0 24460.0 340.0 100.0 storm
1804.0 24456.0 240.0 100.0 and
2104.0 24460.0 364.0 96.0 stress.

4076.0 17456.0 496.0 124.0 building
4684.0 17460.0 96.0 104.0 is
4892.0 17460.0 628.0 104.0 reinforced
5644.0 17464.0 128.0 96.0 to

4076.0 17620.0 324.0 100.0 resist
4444.0 17624.0 116.0 100.0 10
4596.0 17620.0 448.0 120.0 pounds
5088.0 17624.0 124.0 96.0 of
5248.0 17640.0 520.0 100.0 pressure

4076.0 17776.0 472.0 112.0 (instead
4620.0 17780.0 124.0 100.0 of
4808.0 17780.0 272.0 112.0 two)
5148.0 17784.0 196.0 96.0 the
5412.0 17780.0 312.0 104.0 survi-

4076.0 17936.0 180.0 104.0 val
4336.0 17940.0 424.0 100.0 chance
4840.0 17936.0 560.0 108.0 increases
5476.0 17940.0 296.0 104.0 87.

4076.0 18092.0 236.0 108.0 The
4360.0 18100.0 240.0 100.0 cost
4648.0 18096.0 124.0 104.0 of
4824.0 18100.0 296.0 100.0 such
5176.0 18116.0 68.0 84.0 a
5296.0 18100.0 472.0 100.0 venture

4080.0 18276.0 256.0 100.0 goes
4400.0 18276.0 156.0 104.0 up
4616.0 18256.0 276.0 104.0 20.

4196.0 18436.0 140.0 104.0 IT
4408.0 18444.0 132.0 100.0 IS
4608.0 18440.0 280.0 100.0 TOO
4972.0 18444.0 588.0 120.0 expensive
5644.0 18448.0 124.0 96.0 to

4076.0 18600.0 328.0 100.0 make
4504.0 18620.0 148.0 84.0 an
4752.0 18600.0 488.0 124.0 existing
5332.0 18604.0 440.0 96.0 home

4076.0 18760.0 556.0 120.0 fireproof,
4672.0 18760.0 596.0 120.0 especially
5304.0 18760.0 84.0 100.0 If
5424.0 18764.0 344.0 96.0 made

4076.0 18916.0 124.0 100.0 of
4264.0 18920.0 336.0 96.0 wood.

4200.0 19080.0 104.0 96.0 It
4348.0 19072.0 324.0 104.0 could
4724.0 19080.0 136.0 96.0 be
4912.0 19072.0 460.0 124.0 painted
5420.0 19076.0 348.0 96.0 white

4076.0 19208.0 124.0 104.0 to
4256.0 19212.0 392.0 100.0 reflect
4704.0 19212.0 276.0 96.0 heat
5036.0 19228.0 140.0 80.0 or
5232.0 19208.0 492.0 100.0 remodel-

4076.0 19340.0 144.0 100.0 ed
4320.0 19340.0 120.0 96.0 to
4548.0 19340.0 440.0 116.0 replace
5096.0 19340.0 196.0 100.0 the
5388.0 19340.0 380.0 116.0 siding

4080.0 19472.0 264.0 96.0 with
4440.0 19468.0 332.0 116.0 brick,
4872.0 19472.0 656.0 108.0 aluminum,
5632.0 19488.0 140.0 80.0 or

4084.0 19604.0 492.0 96.0 asbestos
4616.0 19600.0 536.0 116.0 shingles.
5200.0 19604.0 524.0 96.0 Nonflam-

4080.0 19732.0 364.0 96.0 mable
4516.0 19732.0 464.0 100.0 window
5052.0 19732.0 400.0 104.0 shades
5528.0 19732.0 240.0 96.0 and

4076.0 19864.0 496.0 96.0 curtains
4680.0 19860.0 412.0 104.0 should
5212.0 19864.0 128.0 96.0 be
5448.0 19864.0 316.0 96.0 used.

4076.0 19992.0 248.0 100.0 And
4408.0 19996.0 308.0 96.0 don't
4804.0 19996.0 372.0 112.0 forget
5256.0 19996.0 112.0 96.0 to
5452.0 19992.0 320.0 100.0 clear

4080.0 20140.0 152.0 100.0 up
4280.0 20124.0 196.0 100.0 the
4528.0 20124.0 456.0 100.0 rubbish
5040.0 20124.0 120.0 96.0 in
5212.0 20128.0 184.0 96.0 the
5448.0 20128.0 316.0 116.0 yard.

4200.0 20284.0 256.0 96.0 New
4572.0 20280.0 396.0 100.0 homes
5096.0 20280.0 392.0 100.0 should
5620.0 20280.0 148.0 100.0 be

4080.0 20412.0 280.0 96.0 built
4408.0 20412.0 264.0 96.0 with
4724.0 20412.0 152.0 100.0 all
4932.0 20412.0 536.0 100.0 available
5520.0 20428.0 200.0 80.0 ma-

4072.0 20540.0 384.0 100.0 terials
4556.0 20544.0 116.0 96.0 to
4780.0 20548.0 444.0 108.0 protect
5320.0 20544.0 452.0 116.0 against

4076.0 20672.0 208.0 100.0 fire
4356.0 20668.0 224.0 104.0 and
4652.0 20672.0 328.0 100.0 blast
5056.0 20672.0 264.0 100.0 This
5388.0 20676.0 92.0 100.0 is
5552.0 20680.0 216.0 92.0 not

4072.0 20804.0 248.0 116.0 silly
4348.0 20820.0 212.0 84.0 nor
4588.0 20820.0 68.0 80.0 a
4700.0 20804.0 244.0 112.0 sign
4984.0 20804.0 124.0 96.0 of
5140.0 20804.0 636.0 100.0 cowardice.

4076.0 20936.0 108.0 100.0 It
4224.0 20940.0 96.0 96.0 is
4364.0 20936.0 236.0 116.0 Just
4640.0 20956.0 536.0 80.0 common
5228.0 20956.0 344.0 84.0 sense.

4452.0 21120.0 516.0 100.0 KIDNEY
5044.0 21120.0 332.0 100.0 TEST

4196.0 21280.0 116.0 100.0 V.
4384.0 21280.0 76.0 96.0 I.
4532.0 21280.0 400.0 96.0 writes:
5012.0 21284.0 320.0 92.0 What
5396.0 21280.0 92.0 96.0 Is
5556.0 21280.0 208.0 96.0 the

4076.0 21408.0 724.0 120.0 dehydration
4900.0 21412.0 232.0 100.0 test
5216.0 21412.0 356.0 96.0 which
5668.0 21412.0 100.0 96.0 is

4076.0 21540.0 380.0 100.0 done
4568.0 21540.0 116.0 100.0 in
4808.0 21544.0 200.0 96.0 the
5128.0 21544.0 376.0 116.0 eighth
5628.0 21560.0 140.0 76.0 or

4076.0 21672.0 332.0 96.0 ninth
4448.0 21676.0 400.0 96.0 month
4892.0 21676.0 124.0 96.0 of
5060.0 21676.0 704.0 112.0 pregnancy?

4204.0 21832.0 120.0 96.0 A:
4388.0 21828.0 56.0 100.0 I
4504.0 21848.0 448.0 84.0 assume
5012.0 21848.0 220.0 96.0 you
5288.0 21832.0 292.0 96.0 refer
5636.0 21836.0 132.0 88.0 to

4080.0 21960.0 192.0 100.0 the
4364.0 21960.0 408.0 116.0 kidney
4864.0 21964.0 232.0 96.0 test
5192.0 21964.0 108.0 92.0 in
5388.0 21960.0 376.0 96.0 which

4080.0 22092.0 192.0 100.0 the
4384.0 22092.0 580.0 116.0 physician
5084.0 22092.0 684.0 100.0 determines

4076.0 22220.0 244.0 100.0 how
4388.0 22224.0 240.0 96.0 well
4692.0 22224.0 200.0 96.0 the
4964.0 22220.0 320.0 104.0 renal
5348.0 22240.0 420.0 96.0 organs

4076.0 22368.0 216.0 80.0 can
4332.0 22356.0 724.0 96.0 concentrate
5100.0 22352.0 344.0 100.0 urine.
5484.0 22356.0 284.0 96.0 This

4080.0 22480.0 96.0 100.0 is
4220.0 22500.0 144.0 84.0 an
4416.0 22484.0 616.0 116.0 important
5076.0 22484.0 508.0 100.0 function
5640.0 22484.0 128.0 100.0 of

4076.0 22612.0 196.0 104.0 the
4376.0 22612.0 492.0 124.0 kidneys,
4976.0 22640.0 132.0 76.0 so
5212.0 22620.0 244.0 96.0 that
5556.0 22620.0 212.0 96.0 the

4080.0 22744.0 280.0 100.0 fluid
4412.0 22748.0 464.0 100.0 content
4924.0 22748.0 128.0 96.0 of
5100.0 22768.0 208.0 80.0 our
5352.0 22752.0 420.0 96.0 tissues

4076.0 22892.0 216.0 84.0 can
4400.0 22876.0 136.0 100.0 be
4640.0 22880.0 628.0 116.0 preserved.
5368.0 22884.0 364.0 92.0 Other-

4084.0 23008.0 252.0 96.0 wise
4400.0 23024.0 160.0 84.0 we
4620.0 23008.0 372.0 116.0 might
5056.0 23012.0 228.0 100.0 lose
5352.0 23012.0 144.0 96.0 all
5564.0 23012.0 208.0 96.0 the

4080.0 23144.0 344.0 92.0 water
4520.0 23136.0 120.0 100.0 in
4740.0 23140.0 200.0 96.0 the
5052.0 23140.0 284.0 120.0 body
5432.0 23160.0 344.0 100.0 every

4080.0 23264.0 268.0 104.0 time
4416.0 23284.0 164.0 84.0 we
4644.0 23268.0 564.0 104.0 urinated.

4328.0 23452.0 368.0 100.0 HEAD
4772.0 23452.0 716.0 100.0 LOWERING

4196.0 23636.0 124.0 100.0 H.
4376.0 23640.0 88.0 100.0 c
4524.0 23640.0 432.0 96.0 .writes:
5020.0 23640.0 328.0 100.0 What
5400.0 23640.0 96.0 100.0 is
5552.0 23640.0 212.0 96.0 the

4072.0 23784.0 652.0 104.0 purpose
4808.0 23772.0 128.0 96.0 of
5024.0 23776.0 444.0 112.0 putting
5552.0 23776.0 212.0 92.0 the

4068.0 23896.0 292.0 104.0 head
4432.0 23900.0 332.0 100.0 lower
4836.0 23900.0 296.0 96.0 than
5204.0 23904.0 188.0 100.0 the
5460.0 23904.0 308.0 120.0 body

4068.0 24032.0 328.0 100.0 when
4464.0 24048.0 76.0 84.0 a
4604.0 24048.0 412.0 100.0 person
5084.0 24032.0 404.0 104.0 faints?

4196.0 24188.0 124.0 96.0 A:
4380.0 24184.0 164.0 108.0 To
4596.0 24184.0 328.0 120.0 bring
4976.0 24184.0 340.0 108.0 blood
5368.0 24188.0 120.0 104.0 to
5544.0 24188.0 220.0 104.0 the

4064.0 24312.0 324.0 104.0 brain
4456.0 24320.0 228.0 100.0 and
4744.0 24320.0 336.0 100.0 other
5140.0 24320.0 624.0 124.0 Important

4064.0 24468.0 412.0 104.0 organs
4552.0 24448.0 180.0 104.0 via
4816.0 24448.0 464.0 124.0 gravity.

6016.0 3992.0 352.0 96.0 PLAN
6504.0 3996.0 184.0 92.0 3rd
6756.0 3992.0 368.0 96.0 YEAR
7184.0 3992.0 332.0 96.0 FETE
7640.0 3992.0 148.0 96.0 St.
7860.0 3984.0 452.0 100.0 Francis
8376.0 3984.0 456.0 100.0 Church
8900.0 3976.0 220.0 100.0 and
9192.0 3976.0 372.0 96.0 school

6020.0 4124.0 272.0 108.0 hall.
6360.0 4124.0 440.0 116.0 Liberty
6864.0 4128.0 232.0 96.0 and
7156.0 4124.0 280.0 96.0 Vine
7500.0 4124.0 232.0 104.0 Sts..
7800.0 4120.0 216.0 96.0 will
8088.0 4116.0 136.0 100.0 be
8288.0 4120.0 196.0 92.0 the
8552.0 4112.0 352.0 100.0 locale
8968.0 4112.0 608.0 96.0 November

6020.0 4256.0 112.0 96.0 12
6204.0 4256.0 184.0 100.0 for
6448.0 4256.0 200.0 100.0 the
6712.0 4252.0 268.0 100.0 83rd
7048.0 4252.0 708.0 112.0 anniversary
7820.0 4248.0 680.0 96.0 celebration
8564.0 4244.0 136.0 100.0 of
8764.0 4244.0 192.0 96.0 the
9016.0 4240.0 160.0 96.0 8t
9244.0 4236.0 284.0 100.0 Eliza-

6004.0 4384.0 276.0 100.0 beth
6380.0 4388.0 208.0 92.0 Aid
6688.0 4384.0 440.0 116.0 Society
7216.0 4384.0 128.0 96.0 of
7440.0 4388.0 144.0 88.0 St
7680.0 4384.0 312.0 112.0 Mary
8088.0 4376.0 532.0 116.0 Hospital.
8732.0 4372.0 548.0 108.0 Planning
9380.0 4372.0 180.0 92.0 the

5988.0 4520.0 372.0 104.0 event,
6440.0 4516.0 208.0 96.0 left
6720.0 4516.0 120.0 96.0 to
6928.0 4512.0 288.0 116.0 right
7296.0 4516.0 368.0 104.0 above,
7744.0 4532.0 192.0 76.0 are
8012.0 4508.0 268.0 96.0 Miss
8360.0 4504.0 552.0 96.0 Gertrude
8988.0 4504.0 328.0 100.0 Buse,
9396.0 4512.0 108.0 80.0 re-

5992.0 4648.0 472.0 112.0 cording
6524.0 4652.0 592.0 108.0 secretary;
7176.0 4648.0 424.0 108.0 George
7660.0 4644.0 592.0 100.0 Tenoever,
8316.0 4636.0 232.0 96.0 vice
8616.0 4628.0 604.0 124.0 president;
9292.0 4628.0 256.0 96.0 Miss

9692.0 3972.0 344.0 100.0 Helen
10100.0 3972.0 376.0 116.0 Doyle,
10540.0 3968.0 540.0 100.0 financial
11144.0 3964.0 588.0 108.0 secretary;
11808.0 3960.0 348.0 96.0 Sister
12224.0 3956.0 140.0 100.0 M.
12432.0 3956.0 604.0 108.0 Elizabeth,
13104.0 3956.0 152.0 96.0 St.

9700.0 4108.0 304.0 112.0 Mary
10060.0 4100.0 500.0 120.0 Hospital
10620.0 4092.0 876.0 104.0 administrator:
11556.0 4092.0 536.0 96.0 Ambrose
12148.0 4088.0 456.0 108.0 Scheve,
12664.0 4092.0 596.0 100.0 treasurer,

9692.0 4236.0 224.0 96.0 and
10000.0 4236.0 412.0 96.0 Robert
10496.0 4236.0 516.0 104.0 Toerner,
11096.0 4224.0 592.0 116.0 president
11776.0 4216.0 564.0 112.0 Religious
12424.0 4216.0 480.0 96.0 services
12988.0 4220.0 124.0 92.0 at
13196.0 4220.0 60.0 92.0 2

9696.0 4384.0 104.0 100.0 p.
9860.0 4384.0 144.0 80.0 m.
10064.0 4364.0 224.0 96.0 will
10352.0 4364.0 444.0 116.0 preface
10864.0 4360.0 192.0 96.0 the
11124.0 4352.0 436.0 100.0 festival
11628.0 4348.0 120.0 100.0 of
11808.0 4352.0 436.0 104.0 booths,
12312.0 4344.0 340.0 104.0 social
12716.0 4348.0 548.0 116.0 pastimes

9680.0 4496.0 228.0 96.0 and
9972.0 4496.0 840.0 100.0 refreshments,
10888.0 4492.0 312.0 92.0 these
11272.0 4488.0 220.0 96.0 last
11564.0 4484.0 116.0 100.0 In
11748.0 4484.0 412.0 112.0 charge
12228.0 4480.0 128.0 96.0 of
12428.0 4484.0 192.0 92.0 the
12692.0 4480.0 356.0 96.0 ladies
13120.0 4476.0 120.0 96.0 of

9684.0 4628.0 152.0 92.0 St
9904.0 4628.0 452.0 96.0 Francis
10420.0 4620.0 420.0 104.0 Parish.

6112.0 5288.0 1480.0 384.0 Walter
7920.0 5272.0 1888.0 392.0 Winchell

5940.0 5988.0 348.0 244.0 Big
6376.0 5984.0 636.0 204.0 Town
7088.0 5988.0 660.0 196.0 Patter

6096.0 6312.0 500.0 100.0 JACKIE
6648.0 6308.0 740.0 100.0 GLEASON'S
7448.0 6300.0 244.0 96.0 29th

5972.0 6444.0 444.0 112.0 Capitol
6564.0 6440.0 508.0 104.0 album
7204.0 6432.0 488.0 100.0 "Lover's

5976.0 6572.0 604.0 100.0 Portfolio"
6668.0 6644.0 264.0 24.0 ...
7024.0 6568.0 224.0 100.0 The
7336.0 6560.0 312.0 112.0 Holly

5976.0 6704.0 316.0 96.0 wood
6348.0 6704.0 240.0 96.0 talk
6632.0 6700.0 264.0 100.0 that
6948.0 6700.0 188.0 96.0 the
7184.0 6692.0 508.0 112.0 Tuesday

5972.0 6836.0 664.0 112.0 Weld-Gary
6776.0 6824.0 612.0 104.0 Lockwood
7532.0 6840.0 124.0 76.0 ro-

5972.0 6984.0 416.0 80.0 mance
6452.0 6964.0 100.0 100.0 Is
6616.0 6956.0 592.0 128.0 pufflicity.
7308.0 6948.0 388.0 100.0 Which

5972.0 7096.0 92.0 96.0 It
6132.0 7096.0 272.0 100.0 Isn't
6468.0 7164.0 28.0 28.0 .
6564.0 7164.0 32.0 28.0 .
6660.0 7160.0 28.0 32.0 .
6748.0 7092.0 252.0 96.0 The
7068.0 7088.0 220.0 96.0 late
7360.0 7076.0 336.0 104.0 Chico

5988.0 7232.0 320.0 92.0 Marx
6356.0 7228.0 252.0 92.0 who
6656.0 7216.0 520.0 120.0 gambled
7228.0 7224.0 308.0 108.0 away
7584.0 7208.0 116.0 100.0 at

5980.0 7356.0 288.0 96.0 least
6344.0 7372.0 68.0 80.0 a
6484.0 7352.0 440.0 100.0 million
7000.0 7344.0 412.0 100.0 dollars
7480.0 7412.0 24.0 28.0 .
7572.0 7408.0 28.0 32.0 .
7672.0 7408.0 24.0 28.0 .

5980.0 7488.0 272.0 96.0 He'd
6304.0 7504.0 368.0 92.0 wager
6716.0 7500.0 152.0 76.0 on
6928.0 7476.0 548.0 116.0 anything
7520.0 7540.0 24.0 28.0 .
7596.0 7540.0 24.0 28.0 .
7668.0 7540.0 28.0 28.0 .

5972.0 7620.0 236.0 96.0 The
6344.0 7616.0 292.0 100.0 little
6768.0 7616.0 572.0 108.0 Japanese
7472.0 7600.0 188.0 96.0 bat-

5964.0 7752.0 348.0 96.0 teries
6356.0 7744.0 576.0 116.0 currently
6976.0 7736.0 496.0 112.0 flooding
7504.0 7736.0 196.0 96.0 the

5972.0 7880.0 480.0 100.0 market.
6536.0 7880.0 308.0 108.0 They
6900.0 7892.0 188.0 80.0 are
7136.0 7860.0 552.0 108.0 unloaded

5976.0 8012.0 268.0 100.0 here
6336.0 8012.0 176.0 100.0 for
6600.0 8028.0 64.0 76.0 a
6744.0 8004.0 316.0 100.0 dime
7140.0 8000.0 312.0 100.0 each.
7564.0 7996.0 124.0 96.0 In

5968.0 8144.0 384.0 112.0 Tokyo
6420.0 8140.0 272.0 112.0 they
6752.0 8136.0 216.0 96.0 sell
7040.0 8136.0 112.0 96.0 at
7220.0 8132.0 184.0 96.0 15c
7480.0 8196.0 208.0 32.0 ...

5972.0 8272.0 416.0 96.0 Robert
6508.0 8268.0 396.0 96.0 Weede
7028.0 8264.0 212.0 100.0 and
7364.0 8260.0 324.0 112.0 Molly

5968.0 8404.0 340.0 96.0 Picon
6444.0 8396.0 116.0 104.0 In
6680.0 8400.0 208.0 96.0 the
7012.0 8392.0 328.0 100.0 "Milk
7468.0 8384.0 220.0 100.0 and

5972.0 8532.0 456.0 116.0 Honey"
6484.0 8524.0 476.0 104.0 musical
7012.0 8524.0 164.0 96.0 hit
7224.0 8596.0 24.0 24.0 .
7304.0 8596.0 28.0 24.0 .
7388.0 8592.0 24.0 28.0 .
7460.0 8520.0 228.0 96.0 The

5968.0 8664.0 548.0 100.0 soon-due
6568.0 8664.0 312.0 92.0 show
6928.0 8652.0 444.0 100.0 "Kean"
7420.0 8652.0 224.0 100.0 star-

5964.0 8796.0 252.0 112.0 ring
6308.0 8792.0 380.0 96.0 Alfred
6780.0 8792.0 400.0 92.0 Drake.
7300.0 8780.0 384.0 104.0 Locals

5972.0 8928.0 248.0 92.0 who
6292.0 8924.0 420.0 112.0 caught
6780.0 8924.0 208.0 92.0 the
7056.0 8936.0 236.0 80.0 new
7368.0 8912.0 324.0 116.0 entry

5964.0 9056.0 196.0 96.0 out
6216.0 9056.0 124.0 96.0 of
6396.0 9056.0 292.0 92.0 town
6748.0 9052.0 384.0 116.0 report
7180.0 9048.0 260.0 96.0 that
7492.0 9044.0 188.0 100.0 the

5972.0 9184.0 376.0 100.0 frocks
6436.0 9204.0 148.0 76.0 on
6672.0 9184.0 200.0 92.0 the
6972.0 9180.0 224.0 120.0 gals
7288.0 9196.0 196.0 80.0 are
7560.0 9192.0 124.0 84.0 so

5964.0 9312.0 204.0 100.0 low
6304.0 9316.0 260.0 96.0 "the
6688.0 9312.0 264.0 100.0 first
7076.0 9312.0 208.0 96.0 few
7412.0 9324.0 264.0 80.0 rows

5964.0 9444.0 412.0 104.0 should
6448.0 9448.0 136.0 96.0 be
6656.0 9440.0 492.0 120.0 charged
7216.0 9436.0 464.0 100.0 double"

5964.0 9644.0 24.0 32.0 .
6032.0 9644.0 20.0 28.0 .
6100.0 9648.0 24.0 24.0 .
6164.0 9576.0 244.0 96.0 The
6456.0 9572.0 540.0 100.0 vlewtiful
7036.0 9572.0 300.0 96.0 color
7376.0 9564.0 304.0 104.0 shots

5960.0 9704.0 120.0 100.0 of
6140.0 9708.0 268.0 96.0 New
6472.0 9704.0 296.0 100.0 York
6824.0 9704.0 132.0 100.0 In
7024.0 9704.0 352.0 96.0 "West
7436.0 9696.0 248.0 100.0 Side

5964.0 9836.0 420.0 116.0 Story."
6512.0 9836.0 308.0 112.0 They
6912.0 9832.0 452.0 116.0 explain
7460.0 9828.0 220.0 100.0 this

5956.0 9968.0 548.0 112.0 colyum's
6616.0 9984.0 352.0 96.0 many
7072.0 9960.0 608.0 100.0 valentines

5960.0 10096.0 116.0 100.0 to
6124.0 10100.0 244.0 96.0 The
6420.0 10096.0 356.0 120.0 Magic
6828.0 10096.0 280.0 116.0 City.

6092.0 10316.0 344.0 92.0 JUNE
6508.0 10312.0 576.0 100.0 HAVOC'S
7144.0 10308.0 540.0 124.0 good-Will

5972.0 10448.0 1188.0 116.0 ambassadoring
7248.0 10448.0 160.0 104.0 (in
7496.0 10448.0 188.0 92.0 the

5968.0 10584.0 316.0 96.0 State
6340.0 10584.0 328.0 116.0 Dep't
6716.0 10580.0 628.0 120.0 sponsored
7400.0 10580.0 288.0 108.0 tour)

5968.0 10720.0 376.0 96.0 which
6464.0 10716.0 96.0 100.0 is
6680.0 10716.0 472.0 112.0 making
7268.0 10716.0 372.0 116.0 happy-

5964.0 10852.0 240.0 96.0 talk
6280.0 10872.0 424.0 92.0 among
6772.0 10848.0 620.0 104.0 showfolks
7460.0 10844.0 220.0 100.0 and

5956.0 10992.0 120.0 92.0 at
6156.0 10988.0 204.0 100.0 the
6448.0 10988.0 360.0 96.0 White
6896.0 10988.0 364.0 96.0 House
7364.0 11056.0 28.0 24.0 .
7504.0 11056.0 24.0 24.0 .
7640.0 11048.0 20.0 32.0 .

5972.0 11124.0 508.0 112.0 Sandy
6552.0 11124.0 508.0 96.0 Nelson's
7124.0 11108.0 556.0 132.0 (Imperial

5964.0 11256.0 536.0 104.0 Records)
6632.0 11256.0 424.0 116.0 platter
7172.0 11252.0 128.0 100.0 of
7436.0 11252.0 252.0 100.0 "Let

5968.0 11392.0 360.0 96.0 There
6400.0 11392.0 160.0 92.0 Be
6628.0 11384.0 508.0 100.0 Drums."
7228.0 11388.0 100.0 92.0 A
7400.0 11400.0 236.0 84.0 new-

5968.0 11544.0 392.0 76.0 comer
6440.0 11524.0 592.0 96.0 drummer
7100.0 11524.0 256.0 96.0 who
7432.0 11532.0 252.0 100.0 may

5968.0 11660.0 540.0 92.0 threaten
6640.0 11660.0 196.0 96.0 the
6980.0 11660.0 464.0 100.0 thrones
7568.0 11652.0 116.0 100.0 of

5976.0 11788.0 320.0 100.0 Gene
6428.0 11796.0 384.0 112.0 Krupa
6948.0 11796.0 220.0 96.0 and
7296.0 11788.0 392.0 116.0 Buddy

5976.0 11928.0 284.0 96.0 Rich
6352.0 12008.0 24.0 24.0 .
6476.0 12004.0 20.0 20.0 .
6600.0 12004.0 24.0 24.0 .
6704.0 11928.0 356.0 100.0 "Let's
7120.0 11920.0 568.0 112.0 Pretend,"

5976.0 12084.0 64.0 80.0 a
6120.0 12064.0 468.0 104.0 natural
6668.0 12064.0 184.0 96.0 for
6932.0 12064.0 380.0 92.0 teevee
7400.0 12060.0 288.0 100.0 after

5980.0 12204.0 124.0 96.0 20
6196.0 12220.0 332.0 96.0 years
6624.0 12200.0 116.0 92.0 of
6836.0 12196.0 340.0 116.0 being
7272.0 12212.0 72.0 84.0 a
7444.0 12192.0 248.0 100.0 tot's

5980.0 12336.0 404.0 96.0 classic
6444.0 12352.0 152.0 80.0 on
6648.0 12332.0 328.0 96.0 radio
7052.0 12404.0 20.0 24.0 .
7160.0 12404.0 24.0 24.0 .
7280.0 12400.0 24.0 24.0 .
5972.0 12328.0 1680.0 240.0 Journal-American

6860.0 12464.0 360.0 100.0 editor
7260.0 12464.0 428.0 108.0 George

5976.0 12604.0 472.0 116.0 Carpozi
6508.0 12604.0 208.0 96.0 Jrs
6780.0 12600.0 396.0 100.0 article
7236.0 12596.0 124.0 100.0 in
7424.0 12600.0 276.0 96.0 True

5968.0 12760.0 268.0 96.0 mag
6316.0 12736.0 124.0 104.0 in
6520.0 12736.0 244.0 100.0 Feb.
6852.0 12736.0 272.0 96.0 i960.
7200.0 12732.0 108.0 96.0 It
7384.0 12728.0 300.0 100.0 dealt

5972.0 12876.0 272.0 96.0 with
6352.0 12892.0 68.0 80.0 a
6524.0 12868.0 440.0 100.0 Danish
7064.0 12860.0 624.0 124.0 diplomat's

5964.0 13008.0 968.0 120.0 mysterious
6996.0 13004.0 364.0 96.0 death.
7456.0 13000.0 220.0 100.0 The

5964.0 13160.0 1016.0 104.0 newspapers
7044.0 13136.0 400.0 116.0 finally
7504.0 13132.0 180.0 120.0 got

5968.0 13280.0 448.0 100.0 around
6512.0 13276.0 116.0 100.0 to
6724.0 13272.0 776.0 116.0 "wondering"
7596.0 13268.0 88.0 100.0 if

5968.0 13416.0 88.0 96.0 it
6152.0 13432.0 240.0 84.0 was
6484.0 13412.0 472.0 100.0 murder
7048.0 13428.0 120.0 80.0 or
7260.0 13400.0 424.0 104.0 suicide

5968.0 13548.0 224.0 104.0 last
6292.0 13552.0 308.0 92.0 week
6712.0 13624.0 20.0 20.0 .
6872.0 13620.0 20.0 20.0 .
7032.0 13620.0 20.0 20.0 .
7152.0 13544.0 240.0 96.0 The
7488.0 13556.0 148.0 80.0 un-

5960.0 13692.0 388.0 116.0 happy
6408.0 13684.0 500.0 100.0 reaction
6980.0 13680.0 116.0 96.0 of
7152.0 13680.0 196.0 96.0 the
7408.0 13676.0 220.0 96.0 Lon-

5964.0 13828.0 224.0 96.0 don
6260.0 13820.0 380.0 100.0 critics
6704.0 13820.0 120.0 96.0 to
6900.0 13816.0 452.0 112.0 B'way's
5964.0 13812.0 1720.0 244.0 "Do-Me-Ml."

6608.0 13952.0 472.0 100.0 Panned
7208.0 13948.0 92.0 96.0 it
7436.0 13960.0 260.0 84.0 over

5964.0 14096.0 324.0 96.0 there
6384.0 14168.0 20.0 20.0 .
6524.0 14164.0 20.0 24.0 .
6656.0 14164.0 24.0 24.0 .
6764.0 14088.0 252.0 96.0 The
7084.0 14080.0 596.0 116.0 scissoring

5956.0 14232.0 300.0 96.0 most
6308.0 14228.0 128.0 96.0 of
6484.0 14228.0 196.0 96.0 the
6732.0 14220.0 440.0 100.0 lesbian
7224.0 14220.0 444.0 108.0 footage

5960.0 14368.0 300.0 96.0 from
6348.0 14364.0 224.0 92.0 Mel
6656.0 14352.0 696.0 104.0 Ferrer's
7436.0 14352.0 240.0 100.0 film

5952.0 14500.0 424.0 100.0 "Blood
6444.0 14496.0 228.0 100.0 and
6736.0 14492.0 444.0 100.0 Roses."

6080.0 14724.0 124.0 92.0 N.
6268.0 14716.0 132.0 100.0 Y.
6460.0 14716.0 420.0 92.0 TIMES
6952.0 14712.0 304.0 96.0 critic
7324.0 14704.0 316.0 100.0 Taub-

5964.0 14856.0 364.0 96.0 man's
6372.0 14872.0 268.0 80.0 rave
6680.0 14852.0 116.0 92.0 of
6844.0 14848.0 328.0 92.0 "How
7212.0 14844.0 164.0 96.0 To
7424.0 14844.0 204.0 92.0 Suc-

5956.0 14988.0 336.0 100.0 ceed"
6368.0 14984.0 368.0 100.0 which
6808.0 14976.0 240.0 104.0 had
7116.0 14980.0 116.0 96.0 to
7304.0 14976.0 148.0 100.0 be
7520.0 14988.0 120.0 84.0 re-

5960.0 15120.0 308.0 100.0 vised
6344.0 15120.0 120.0 100.0 in
6540.0 15120.0 288.0 92.0 later
6896.0 15112.0 516.0 96.0 editions.
7484.0 15112.0 152.0 92.0 Be-

5956.0 15276.0 340.0 80.0 cause
6360.0 15256.0 148.0 96.0 he
6572.0 15244.0 856.0 108.0 mis-identified
7484.0 15244.0 188.0 92.0 the

5956.0 15396.0 340.0 108.0 Grieg
6360.0 15392.0 348.0 96.0 Piano
6764.0 15388.0 532.0 96.0 concerto
7364.0 15376.0 308.0 100.0 (used

5960.0 15532.0 116.0 96.0 in
6164.0 15544.0 228.0 80.0 one
6480.0 15528.0 204.0 100.0 bit)
6768.0 15540.0 136.0 80.0 as
6996.0 15512.0 632.0 104.0 Tschalkow-

5960.0 15668.0 292.0 108.0 sky's
6328.0 15736.0 20.0 24.0 .
6448.0 15736.0 16.0 20.0 .
6556.0 15732.0 24.0 24.0 .
6648.0 15656.0 256.0 100.0 And
6956.0 15656.0 148.0 96.0 he
7148.0 15672.0 228.0 80.0 was
7428.0 15644.0 248.0 104.0 that

5960.0 15796.0 548.0 120.0 Journals
6612.0 15792.0 372.0 100.0 music
7088.0 15788.0 316.0 100.0 critic
7504.0 15784.0 172.0 96.0 for

5944.0 15956.0 260.0 76.0 over
6268.0 15952.0 68.0 76.0 a
6396.0 15928.0 460.0 100.0 decade!
6948.0 16000.0 28.0 24.0 .
7068.0 15996.0 24.0 24.0 .
7176.0 15996.0 24.0 24.0 .
7276.0 15916.0 396.0 120.0 Lovely

5960.0 16068.0 440.0 100.0 Bonnie
6460.0 16064.0 396.0 100.0 Scott's
6920.0 16052.0 752.0 108.0 contribution

5952.0 16212.0 112.0 96.0 to
6144.0 16204.0 268.0 100.0 that
6484.0 16192.0 1184.0 120.0 honey-of-a-show

5972.0 16412.0 252.0 28.0 ...
6300.0 16344.0 100.0 92.0 A
6460.0 16356.0 264.0 96.0 year
6780.0 16348.0 224.0 100.0 ago
7056.0 16328.0 188.0 100.0 the
7296.0 16324.0 372.0 100.0 critics

5960.0 16472.0 532.0 100.0 defeated
6608.0 16468.0 536.0 112.0 "Vintage
7256.0 16464.0 192.0 100.0 60"
7560.0 16456.0 112.0 100.0 In

5956.0 16612.0 372.0 100.0 which
6440.0 16608.0 204.0 100.0 she
6736.0 16596.0 572.0 124.0 sparkled.
7424.0 16596.0 248.0 100.0 Now

5960.0 16752.0 264.0 108.0 they
6332.0 16744.0 152.0 100.0 all
6584.0 16740.0 344.0 100.0 adore
7024.0 16740.0 200.0 96.0 her
7332.0 16808.0 28.0 24.0 .
7488.0 16800.0 20.0 28.0 .
7632.0 16804.0 20.0 24.0 .

5960.0 16884.0 400.0 100.0 Critics
6496.0 16896.0 216.0 80.0 can
6852.0 16880.0 148.0 92.0 be
7128.0 16864.0 548.0 104.0 beautiful

5976.0 17096.0 20.0 20.0 .
6100.0 17092.0 20.0 24.0 .
6236.0 17088.0 20.0 28.0 .
6352.0 17016.0 352.0 96.0 When
6776.0 17028.0 236.0 100.0 you
7076.0 17008.0 288.0 100.0 have
7436.0 17004.0 192.0 96.0 Tal-

5960.0 17160.0 196.0 96.0 ent
6248.0 17228.0 160.0 24.0 ..
6520.0 17224.0 24.0 24.0 .
6628.0 17148.0 240.0 100.0 The
6944.0 17144.0 448.0 96.0 "Better
7460.0 17132.0 228.0 104.0 Red

5960.0 17296.0 320.0 92.0 Than
6380.0 17284.0 372.0 100.0 Dead"
6848.0 17280.0 368.0 116.0 clique
7328.0 17352.0 28.0 20.0 .
7488.0 17348.0 20.0 24.0 .
7632.0 17348.0 20.0 20.0 .

5956.0 17432.0 124.0 96.0 In
6176.0 17428.0 368.0 100.0 short:
6644.0 17408.0 1028.0 108.0 Yellow-Travelers

6124.0 17640.0 16.0 16.0 .
6268.0 17640.0 20.0 16.0 .
6400.0 17560.0 296.0 96.0 John
6788.0 17552.0 544.0 96.0 Williams
7452.0 17564.0 184.0 76.0 ver-

5952.0 17700.0 248.0 100.0 sion
6260.0 17700.0 128.0 92.0 of
6452.0 17696.0 156.0 92.0 "A
6668.0 17688.0 488.0 116.0 Spanish
7212.0 17680.0 464.0 100.0 Guitar"

5952.0 17836.0 176.0 96.0 via
6268.0 17828.0 800.0 100.0 Westminster
7188.0 17816.0 484.0 100.0 Records

5972.0 18044.0 24.0 24.0 .
6120.0 18044.0 24.0 24.0 .
6276.0 18040.0 28.0 28.0 .
6416.0 17968.0 236.0 96.0 The
6740.0 17980.0 316.0 96.0 wags
7140.0 17960.0 256.0 92.0 who
7488.0 17972.0 184.0 76.0 are

5952.0 18104.0 564.0 116.0 saying
6616.0 18100.0 260.0 96.0 that
6984.0 18092.0 260.0 96.0 Paul
7356.0 18088.0 316.0 96.0 Anka

5960.0 18240.0 384.0 100.0 hadda
6460.0 18236.0 252.0 116.0 stop
6828.0 18232.0 388.0 108.0 seeing
7332.0 18224.0 340.0 112.0 Keely

5960.0 18376.0 404.0 96.0 Smith.
6512.0 18376.0 512.0 88.0 Because
7128.0 18364.0 208.0 96.0 she
7452.0 18376.0 220.0 76.0 was

5940.0 18512.0 472.0 116.0 Staying
6484.0 18508.0 228.0 92.0 Out
6788.0 18504.0 244.0 96.0 Too
7100.0 18500.0 268.0 92.0 Late
7448.0 18488.0 224.0 100.0 and

5956.0 18652.0 144.0 96.0 he
6164.0 18640.0 392.0 104.0 hadda
6624.0 18644.0 168.0 92.0 Go
6856.0 18636.0 176.0 96.0 To
7092.0 18628.0 400.0 100.0 School
7552.0 18624.0 120.0 100.0 in

5948.0 18784.0 196.0 96.0 the
6224.0 18776.0 564.0 112.0 morning.

6072.0 18996.0 540.0 100.0 ALFRED
6708.0 18984.0 396.0 108.0 LCNT,
7188.0 18980.0 480.0 100.0 director

5940.0 19124.0 116.0 100.0 of
6120.0 19124.0 364.0 96.0 "First
6540.0 19116.0 384.0 104.0 Love,"
6992.0 19112.0 200.0 96.0 has
7256.0 19100.0 396.0 100.0 barred

5928.0 19256.0 192.0 96.0 the
6160.0 19248.0 616.0 120.0 producers
6816.0 19232.0 508.0 108.0 (Freddie
7372.0 19228.0 240.0 96.0 Bris-

5944.0 19396.0 200.0 80.0 son
6292.0 19368.0 236.0 100.0 and
6664.0 19368.0 372.0 108.0 Roger
7164.0 19352.0 500.0 104.0 Stevens)

5944.0 19504.0 296.0 96.0 from
6328.0 19500.0 204.0 92.0 the
6608.0 19492.0 256.0 96.0 first
6940.0 19488.0 60.0 96.0 3
7068.0 19484.0 368.0 96.0 weeks
7500.0 19496.0 120.0 80.0 re-

5944.0 19624.0 540.0 100.0 hearsals.
6552.0 19620.0 160.0 92.0 No
6776.0 19612.0 312.0 96.0 feud.
7144.0 19608.0 260.0 100.0 Just
7468.0 19604.0 188.0 96.0 the

5940.0 19772.0 236.0 92.0 way
6236.0 19752.0 156.0 96.0 he
6456.0 19744.0 284.0 96.0 feels
6800.0 19736.0 352.0 96.0 about
7208.0 19728.0 444.0 116.0 staging

5936.0 19896.0 64.0 80.0 a
6052.0 19880.0 316.0 92.0 show
6424.0 19940.0 28.0 28.0 .
6504.0 19936.0 32.0 28.0 .
6588.0 19932.0 24.0 32.0 .
6660.0 19864.0 432.0 96.0 Claude
7144.0 19860.0 496.0 108.0 Philippe

5944.0 19996.0 580.0 116.0 (formerly
6620.0 19992.0 116.0 96.0 of
6832.0 19992.0 208.0 92.0 the
7132.0 19976.0 528.0 108.0 Waldorf)

5940.0 20128.0 352.0 96.0 heads
6396.0 20140.0 68.0 80.0 a
6564.0 20132.0 420.0 96.0 money
7080.0 20108.0 568.0 116.0 syndicate

5932.0 20260.0 120.0 92.0 to
6148.0 20252.0 232.0 108.0 buy
6476.0 20248.0 196.0 92.0 the
6768.0 20244.0 228.0 92.0 site
7096.0 20236.0 112.0 96.0 of
7328.0 20232.0 320.0 96.0 Hotel

5940.0 20380.0 520.0 108.0 D'Orsay,
6556.0 20372.0 376.0 92.0 Paree.
7028.0 20360.0 152.0 96.0 He
7268.0 20376.0 236.0 76.0 was
7588.0 20372.0 68.0 76.0 a

5944.0 20504.0 296.0 100.0 clerk
6308.0 20500.0 328.0 92.0 there
6692.0 20492.0 180.0 96.0 for
6936.0 20500.0 340.0 100.0 many
7340.0 20500.0 316.0 96.0 years

5944.0 20700.0 24.0 24.0 .
6016.0 20696.0 28.0 28.0 .
6092.0 20700.0 24.0 28.0 .
6164.0 20624.0 200.0 96.0 Mt.
6416.0 20624.0 480.0 92.0 Vernon.
6956.0 20616.0 124.0 92.0 N.
7124.0 20616.0 148.0 104.0 Y.,
7324.0 20608.0 212.0 96.0 has
7584.0 20620.0 68.0 80.0 a

5944.0 20752.0 336.0 116.0 plush
6340.0 20748.0 324.0 112.0 place
6716.0 20740.0 352.0 112.0 doing
7120.0 20756.0 60.0 80.0 a
7232.0 20732.0 196.0 116.0 big
7488.0 20732.0 168.0 96.0 biz

5940.0 20880.0 264.0 92.0 with
6264.0 20868.0 488.0 100.0 married
6812.0 20868.0 332.0 92.0 folks.
7192.0 20860.0 300.0 96.0 Most
7536.0 20856.0 116.0 96.0 of

5940.0 21004.0 368.0 92.0 whom
6376.0 21016.0 192.0 76.0 are
6628.0 20996.0 204.0 92.0 not
6888.0 20988.0 244.0 96.0 wed
7188.0 20988.0 120.0 92.0 to
7372.0 20984.0 276.0 96.0 each

5940.0 21128.0 352.0 96.0 other.
6432.0 21124.0 232.0 92.0 The
6788.0 21136.0 312.0 92.0 wags
7212.0 21108.0 228.0 100.0 call
7568.0 21108.0 84.0 92.0 It

5932.0 21252.0 640.0 96.0 "Cheater's
6672.0 21240.0 572.0 96.0 Chateau"
7352.0 21304.0 32.0 28.0 .
7500.0 21300.0 20.0 28.0 .
7616.0 21300.0 28.0 28.0 .

5940.0 21380.0 452.0 96.0 Actress
6436.0 21372.0 496.0 92.0 Barbara
6980.0 21360.0 396.0 100.0 Luna's
7420.0 21376.0 192.0 104.0 par-

5936.0 21508.0 256.0 92.0 ents
6280.0 21504.0 196.0 112.0 got
6544.0 21496.0 296.0 96.0 their
6908.0 21492.0 448.0 92.0 divorce
7432.0 21556.0 28.0 28.0 .
7528.0 21552.0 28.0 28.0 .
7624.0 21556.0 24.0 28.0 .

5936.0 21624.0 380.0 96.0 Comic
6400.0 21624.0 384.0 96.0 Jackie
6872.0 21616.0 468.0 96.0 Warner
7428.0 21608.0 220.0 96.0 and

5944.0 21756.0 480.0 92.0 Eleanor
6520.0 21748.0 328.0 92.0 Shaw
6960.0 21740.0 324.0 96.0 make
7388.0 21732.0 264.0 96.0 with

5932.0 21880.0 192.0 96.0 the
6204.0 21872.0 580.0 112.0 baby-talk
6868.0 21876.0 132.0 88.0 at
7076.0 21860.0 400.0 100.0 Enrico
7548.0 21860.0 100.0 96.0 &

5940.0 22000.0 568.0 120.0 Paglieri's
6568.0 22000.0 120.0 92.0 In
6748.0 21992.0 428.0 96.0 0"wich
7228.0 21992.0 424.0 104.0 Village

5944.0 22192.0 24.0 32.0 .
6072.0 22192.0 32.0 28.0 .
6208.0 22192.0 32.0 28.0 .
6348.0 22128.0 244.0 108.0 Top
6688.0 22120.0 524.0 112.0 strip-pip
7320.0 22116.0 332.0 108.0 Libby

5944.0 22252.0 340.0 96.0 Jones
6324.0 22248.0 220.0 96.0 has
6588.0 22264.0 68.0 80.0 a
6692.0 22248.0 516.0 96.0 contract
7244.0 22244.0 128.0 92.0 to
7420.0 22240.0 232.0 116.0 give

5944.0 22376.0 488.0 96.0 lectures
6524.0 22392.0 152.0 76.0 on
6788.0 22372.0 312.0 96.0 That
7184.0 22368.0 208.0 96.0 Art
7488.0 22364.0 172.0 96.0 for

5932.0 22500.0 488.0 116.0 colleges
6528.0 22568.0 28.0 28.0 .
6668.0 22564.0 28.0 28.0 .
6808.0 22564.0 28.0 24.0 .
6952.0 22492.0 328.0 96.0 Dont
7388.0 22492.0 260.0 96.0 take

5940.0 22644.0 276.0 100.0 your
6368.0 22620.0 272.0 100.0 Best
6776.0 22620.0 256.0 100.0 Girl
7168.0 22620.0 116.0 92.0 to
7436.0 22632.0 220.0 96.0 any

5952.0 22748.0 464.0 100.0 "Twist"
6536.0 22748.0 364.0 92.0 dance
7024.0 22740.0 312.0 120.0 Joynt
7452.0 22760.0 152.0 76.0 un-

5936.0 22876.0 216.0 100.0 less
6204.0 22892.0 228.0 100.0 you
6488.0 22872.0 312.0 96.0 dont
6852.0 22868.0 320.0 100.0 mind
7224.0 22864.0 416.0 100.0 cut-Ins

5940.0 23004.0 292.0 92.0 from
6328.0 23004.0 396.0 108.0 strays.
6816.0 22992.0 628.0 100.0 Definition
7532.0 22988.0 120.0 96.0 of

5940.0 23128.0 232.0 96.0 The
6216.0 23120.0 380.0 104.0 Twist:
6644.0 23124.0 216.0 96.0 Sex
6904.0 23120.0 268.0 96.0 with
7216.0 23116.0 432.0 100.0 clothes

5936.0 23268.0 176.0 84.0 on.
7728.0 23240.0 8.0 108.0 !

5984.0 23460.0 452.0 100.0 "HOW
6480.0 23460.0 180.0 96.0 TO
6704.0 23448.0 708.0 116.0 SUCCEED,"
7452.0 23448.0 184.0 100.0 the
7728.0 23484.0 8.0 92.0 j

5936.0 23604.0 244.0 80.0 new
6224.0 23604.0 308.0 88.0 wow,
6580.0 23588.0 672.0 116.0 guarantees
7296.0 23576.0 352.0 100.0 ticket
7728.0 23580.0 8.0 116.0 j

5936.0 23712.0 464.0 96.0 brokers
6464.0 23728.0 156.0 80.0 an
6680.0 23712.0 324.0 108.0 early
7068.0 23704.0 396.0 96.0 wlr.ter
7528.0 23708.0 116.0 92.0 in

5932.0 23840.0 216.0 96.0 Fla.
6244.0 23840.0 244.0 96.0 The
6576.0 23836.0 168.0 96.0 tlx
6828.0 23852.0 212.0 80.0 are
7124.0 23832.0 520.0 116.0 bringing
7724.0 23824.0 12.0 96.0 !

5920.0 23964.0 192.0 96.0 the
6152.0 23960.0 468.0 120.0 highest
5924.0 23956.0 1668.0 228.0 under-the-counter

6172.0 24088.0 256.0 100.0 fees
6500.0 24092.0 312.0 96.0 since
6888.0 24088.0 320.0 96.0 "Fair
7276.0 24084.0 308.0 112.0 Lady
7720.0 24096.0 12.0 132.0 ;

5928.0 24280.0 32.0 32.0 .
6048.0 24280.0 28.0 28.0 .
6160.0 24288.0 32.0 28.0 .
6280.0 24216.0 460.0 100.0 There's
6824.0 24228.0 172.0 84.0 an
7100.0 24212.0 540.0 116.0 Egyptian
7720.0 24236.0 12.0 116.0 j

5924.0 24336.0 772.0 116.0 belly-dancer
6852.0 24340.0 504.0 116.0 working
7520.0 24340.0 124.0 96.0 in
7724.0 24360.0 8.0 32.0 1

5928.0 24464.0 496.0 120.0 Chicago
6476.0 24468.0 256.0 96.0 who
6788.0 24464.0 532.0 120.0 brazenly
7384.0 24460.0 256.0 104.0 bills

7848.0 5972.0 456.0 104.0 herself:
8356.0 5972.0 296.0 100.0 "The
8700.0 5972.0 236.0 96.0 One
8980.0 5964.0 228.0 104.0 and
9256.0 5964.0 276.0 120.0 Only

7852.0 6124.0 472.0 120.0 Soraya"
8412.0 6192.0 276.0 32.0 ...
8784.0 6124.0 192.0 96.0 Pat
9060.0 6116.0 472.0 104.0 Paterno

7856.0 6276.0 224.0 96.0 and
8184.0 6280.0 416.0 96.0 actress
8708.0 6276.0 332.0 96.0 Linda
9136.0 6272.0 400.0 100.0 Newell

7852.0 6400.0 336.0 96.0 made
8248.0 6400.0 296.0 96.0 their
8608.0 6400.0 268.0 116.0 idyll
8944.0 6416.0 252.0 96.0 very
9280.0 6396.0 216.0 116.0 pub-

7856.0 6524.0 140.0 100.0 lic
8052.0 6528.0 120.0 92.0 at
8216.0 6524.0 472.0 116.0 Teddy's
8740.0 6592.0 28.0 28.0 .
8820.0 6596.0 24.0 28.0 .
8892.0 6592.0 24.0 28.0 .
8964.0 6524.0 232.0 96.0 The
9248.0 6524.0 288.0 92.0 most

7856.0 6648.0 596.0 116.0 expensive
8528.0 6648.0 324.0 96.0 clock
8924.0 6644.0 368.0 120.0 repair
9368.0 6644.0 176.0 116.0 Job

7860.0 6768.0 100.0 104.0 is
8028.0 6768.0 656.0 120.0 happening
8756.0 6776.0 116.0 96.0 at
8932.0 6772.0 576.0 116.0 Metropoli

9704.0 5960.0 204.0 100.0 tan
9980.0 5960.0 260.0 100.0 Life.
10324.0 5964.0 232.0 96.0 The
10632.0 5960.0 244.0 100.0 cost
10956.0 5960.0 212.0 96.0 will
11248.0 5956.0 136.0 100.0 be

9708.0 6108.0 484.0 104.0 millions
10268.0 6188.0 24.0 28.0 .
10368.0 6184.0 24.0 28.0 .
10468.0 6184.0 24.0 28.0 .
10580.0 6112.0 168.0 100.0 Ali
10828.0 6112.0 324.0 96.0 Khan
11232.0 6112.0 152.0 100.0 Jr.

9708.0 6264.0 212.0 104.0 has
10048.0 6264.0 424.0 116.0 flipped
10608.0 6264.0 172.0 100.0 for
10920.0 6260.0 472.0 100.0 another

9712.0 6392.0 676.0 100.0 stewardess.
10472.0 6392.0 304.0 100.0 She's
10852.0 6384.0 548.0 104.0 beautiful

9716.0 6528.0 236.0 104.0 Kay
10084.0 6524.0 548.0 108.0 Donnelly
10764.0 6516.0 628.0 104.0 (American

9712.0 6644.0 512.0 100.0 Airlines)
10280.0 6648.0 244.0 92.0 who
10580.0 6644.0 244.0 96.0 flies
10880.0 6648.0 120.0 92.0 to
11056.0 6648.0 336.0 92.0 Paree

9716.0 6772.0 120.0 96.0 to
9892.0 6768.0 676.0 96.0 rendezvous
10620.0 6772.0 268.0 92.0 with
10948.0 6768.0 280.0 100.0 hlra.

11560.0 4864.0 688.0 168.0 Growth
12292.0 4860.0 764.0 168.0 Doubled

11688.0 5104.0 604.0 116.0 TACOMA,
12384.0 5116.0 396.0 116.0 Wash.,
12864.0 5124.0 264.0 100.0 Nov.
13224.0 5124.0 48.0 100.0 1

11716.0 5264.0 340.0 120.0 Many
12152.0 5268.0 296.0 104.0 trees
12548.0 5296.0 216.0 80.0 can
12868.0 5280.0 412.0 104.0 double

11568.0 5396.0 296.0 100.0 their
11988.0 5408.0 428.0 108.0 growth
12548.0 5416.0 240.0 96.0 rate
12920.0 5420.0 364.0 100.0 under

11564.0 5528.0 572.0 108.0 favorable
12308.0 5544.0 668.0 104.0 conditions.
13144.0 5556.0 132.0 96.0 In

11564.0 5680.0 216.0 84.0 one
11856.0 5668.0 228.0 100.0 test
12160.0 5688.0 152.0 80.0 an
12396.0 5680.0 680.0 116.0 application
13160.0 5688.0 124.0 100.0 of

11508.0 5896.0 24.0 28.0 ,
11576.0 5796.0 172.0 96.0 100
11804.0 5804.0 448.0 112.0 pounds
12308.0 5808.0 124.0 96.0 of
12488.0 5812.0 520.0 120.0 nitrogen
13068.0 5820.0 176.0 100.0 fer-

11564.0 5928.0 356.0 104.0 tilizer
12024.0 5956.0 148.0 80.0 on
12284.0 5956.0 156.0 84.0 an
12544.0 5964.0 256.0 80.0 acre
12908.0 5952.0 124.0 100.0 of
13136.0 5960.0 148.0 96.0 fir

11564.0 6064.0 296.0 100.0 trees
11972.0 6072.0 420.0 100.0 almost
12492.0 6076.0 484.0 108.0 doubled
13084.0 6092.0 200.0 96.0 the

11568.0 6200.0 444.0 100.0 volume
12092.0 6204.0 120.0 96.0 of
12292.0 6212.0 312.0 100.0 wood
12684.0 6220.0 596.0 112.0 produced.

11568.0 6332.0 240.0 100.0 One
11884.0 6332.0 420.0 104.0 timber
12384.0 6360.0 556.0 108.0 company
13020.0 6356.0 220.0 100.0 dou-

11576.0 6464.0 252.0 100.0 bled
11924.0 6468.0 152.0 104.0 its
12168.0 6472.0 496.0 120.0 Douglas
12764.0 6484.0 152.0 100.0 fir
13008.0 6508.0 280.0 80.0 cone

11572.0 6600.0 668.0 116.0 production
12332.0 6604.0 140.0 120.0 by
12564.0 6612.0 328.0 120.0 using
11592.0 6620.0 1648.0 216.0 fertilizer.

13424.0 3600.0 1664.0 544.0 RMw

13584.0 4192.0 1344.0 544.0 0DDO8

13488.0 5800.0 1608.0 264.0 (ttaPWNUTstoreM

13680.0 6304.0 128.0 112.0 21
13872.0 6308.0 92.0 108.0 E.
14024.0 6304.0 168.0 112.0 5th
14256.0 6296.0 412.0 116.0 STREET

13808.0 6448.0 408.0 64.0 FOUNTAIN
14272.0 6448.0 296.0 64.0 lOUltl

13620.0 6536.0 100.0 64.0 at.
13756.0 6528.0 168.0 76.0 Vim
13956.0 6528.0 52.0 72.0 4
14040.0 6528.0 280.0 80.0 Wtlnilt
14404.0 6528.0 104.0 76.0 fA
14548.0 6528.0 24.0 72.0 I
14612.0 6524.0 192.0 76.0 WJI

13556.0 6736.0 1364.0 92.0 iiii;j.Lmnann

8880.0 7296.0 1184.0 544.0 MEN
10368.0 7296.0 720.0 560.0 OF
11376.0 7280.0 2768.0 560.0 FASHION!

8424.0 8272.0 556.0 100.0 Msawf-'jSJS,"
9040.0 8284.0 60.0 28.0 -
9132.0 8284.0 84.0 56.0 y,
9292.0 8288.0 20.0 28.0 .
9336.0 8280.0 132.0 48.0 rf
9512.0 8280.0 816.0 52.0 trvmrtvrvt
10580.0 8284.0 92.0 52.0 yr
10732.0 8288.0 28.0 28.0 .
10784.0 8272.0 504.0 64.0 ctwi
11464.0 8280.0 68.0 64.0 i,
11600.0 8280.0 356.0 60.0 minimum
12052.0 8276.0 164.0 56.0 iyl

10520.0 11056.0 472.0 84.0 ffifftiWtiDiHriiihi'i

8360.0 12640.0 920.0 264.0 BEGS
9424.0 12648.0 440.0 248.0 TO
9984.0 12648.0 1416.0 248.0 INFORM
11496.0 12648.0 752.0 248.0 YOTJ
12360.0 12648.0 984.0 248.0 THAT
13464.0 12656.0 1128.0 248.0 THEIR

9216.0 13032.0 3248.0 312.0 ANNIVERSARY
12608.0 13040.0 1136.0 304.0 SALE

9480.0 13536.0 864.0 288.0 ENDS
10520.0 13544.0 760.0 280.0 THIS
11456.0 13536.0 2048.0 296.0 SATURDAY!

8544.0 13904.0 872.0 288.0 LAST
9584.0 13936.0 168.0 256.0 3
9928.0 13920.0 912.0 280.0 DAYS
11264.0 13920.0 1352.0 328.0 THURS.,
12800.0 13920.0 728.0 328.0 FRL,
13704.0 13904.0 752.0 296.0 SAT.

9688.0 14340.0 452.0 140.0 SHOP
10224.0 14352.0 168.0 132.0 10
10460.0 14352.0 356.0 136.0 A.M.
10888.0 14356.0 160.0 136.0 to
11120.0 14356.0 124.0 152.0 9,
11316.0 14352.0 892.0 140.0 SATURDAY
12284.0 14356.0 172.0 136.0 10
12524.0 14356.0 168.0 136.0 A.
12764.0 14352.0 188.0 140.0 M.
13020.0 14360.0 168.0 132.0 to
13256.0 14352.0 88.0 136.0 6

8700.0 15004.0 368.0 116.0 SUITS
13192.0 15024.0 320.0 116.0 Ware

8704.0 15204.0 592.0 116.0 Petrocelli's
9360.0 15204.0 404.0 120.0 lustrout
9828.0 15216.0 508.0 136.0 imported
10404.0 15216.0 376.0 120.0 mohair
10836.0 15228.0 264.0 132.0 suits,
11160.0 15220.0 476.0 148.0 superbly
11688.0 15224.0 528.0 144.0 flattering
13156.0 15236.0 24.0 100.0 1
13228.0 15232.0 284.0 104.0 10.00

8692.0 15356.0 476.0 116.0 Groshiro
9232.0 15368.0 264.0 124.0 suits,
9560.0 15360.0 296.0 140.0 richly
9912.0 15360.0 740.0 124.0 hand-tailored
10716.0 15380.0 84.0 100.0 in
10864.0 15368.0 204.0 116.0 fine
11128.0 15376.0 512.0 140.0 imported
11696.0 15372.0 384.0 116.0 fabrics
13200.0 15380.0 308.0 108.0 95.00

8696.0 15504.0 504.0 112.0 Petrocelli
9264.0 15512.0 236.0 108.0 suits
9552.0 15516.0 84.0 100.0 in
9696.0 15512.0 672.0 136.0 magnificent
10416.0 15532.0 584.0 128.0 sumptuous
11052.0 15516.0 484.0 116.0 worsteds
11584.0 15520.0 260.0 116.0 from
11904.0 15516.0 452.0 148.0 England
13200.0 15528.0 304.0 104.0 89.95

8700.0 15656.0 436.0 108.0 Andrew
9200.0 15652.0 372.0 116.0 Pollack
9632.0 15660.0 332.0 112.0 British
10020.0 15660.0 388.0 112.0 natural
10472.0 15672.0 228.0 108.0 suits
10756.0 15672.0 92.0 104.0 in
10908.0 15672.0 284.0 132.0 quiet
11236.0 15672.0 300.0 140.0 good
11592.0 15680.0 300.0 116.0 taste,
11952.0 15668.0 528.0 148.0 imported
12536.0 15668.0 580.0 116.0 fabrics...
13204.0 15672.0 312.0 108.0 95.00

8692.0 15800.0 648.0 136.0 Cambridge
9396.0 15844.0 240.0 100.0 grey
9700.0 15808.0 328.0 112.0 British
10092.0 15808.0 352.0 112.0 Basket
10496.0 15852.0 340.0 80.0 weave
10896.0 15824.0 232.0 108.0 suits
11184.0 15812.0 748.0 120.0 hand-tailored
11996.0 15820.0 136.0 140.0 by
12184.0 15816.0 404.0 116.0 famous
12648.0 15816.0 384.0 116.0 maker,
13072.0 15896.0 32.0 36.0 .
13200.0 15820.0 304.0 108.0 89.95

8696.0 15948.0 284.0 112.0 Town
9032.0 15988.0 120.0 76.0 or
9204.0 15952.0 456.0 140.0 Country
9712.0 15960.0 240.0 112.0 suits
10004.0 15960.0 84.0 104.0 in
10144.0 15956.0 440.0 124.0 Scottish
10636.0 15964.0 408.0 120.0 cheviot
11092.0 16000.0 420.0 96.0 weaves,
11568.0 15960.0 584.0 120.0 traditional
12200.0 15964.0 364.0 148.0 styling
13204.0 15968.0 304.0 108.0 69.95

8696.0 16096.0 396.0 136.0 Lounge
9156.0 16096.0 340.0 116.0 model
9556.0 16108.0 232.0 112.0 suits
9856.0 16112.0 88.0 104.0 in
10000.0 16104.0 208.0 116.0 fine
10272.0 16112.0 504.0 136.0 imported
10840.0 16108.0 272.0 116.0 clear
11164.0 16112.0 288.0 112.0 finish
11516.0 16112.0 488.0 112.0 worsteds
13200.0 16120.0 304.0 100.0 69.95

8700.0 16244.0 548.0 140.0 Extra-long
9328.0 16248.0 504.0 144.0 imported
9904.0 16260.0 432.0 108.0 worsted
10404.0 16264.0 260.0 120.0 suits,
10740.0 16256.0 376.0 116.0 natural
11180.0 16260.0 208.0 116.0 and
11456.0 16256.0 372.0 148.0 lounge
11892.0 16256.0 396.0 116.0 models
13204.0 16264.0 304.0 108.0 75.00

8700.0 16392.0 740.0 116.0 Perma-crease
9500.0 16404.0 256.0 120.0 suits,
9828.0 16392.0 240.0 124.0 hard
10132.0 16400.0 428.0 116.0 finished
10624.0 16448.0 248.0 96.0 pure
10932.0 16404.0 480.0 124.0 worsteds
11476.0 16416.0 88.0 104.0 in
11624.0 16404.0 424.0 152.0 opulent
12112.0 16404.0 588.0 116.0 iridescents
13200.0 16412.0 308.0 108.0 65.00

8696.0 16540.0 452.0 140.0 Country
9220.0 16552.0 332.0 112.0 tweed
9620.0 16552.0 236.0 112.0 suits
9920.0 16552.0 220.0 112.0 with
10216.0 16552.0 528.0 120.0 reversible
10808.0 16552.0 568.0 120.0 heeksuede
11444.0 16564.0 284.0 136.0 sport
11788.0 16568.0 832.0 112.0 vest..,.....,
13208.0 16560.0 304.0 108.0 59.95

8696.0 16692.0 368.0 116.0 Vasted
9128.0 16700.0 272.0 128.0 suits,
9464.0 16692.0 204.0 116.0 soft
9720.0 16692.0 380.0 116.0 natural
10164.0 16696.0 468.0 120.0 shoulder
10684.0 16700.0 356.0 164.0 styling
11100.0 16708.0 84.0 104.0 in
11248.0 16740.0 252.0 104.0 pure
11556.0 16700.0 252.0 124.0 hard
11864.0 16704.0 288.0 112.0 finish
12212.0 16700.0 492.0 116.0 worsteds
13204.0 16708.0 304.0 108.0 59.95

8688.0 16836.0 372.0 120.0 Vested
9136.0 16840.0 672.0 144.0 herringbone
9884.0 16852.0 256.0 132.0 suits,
10236.0 16852.0 184.0 108.0 100
10620.0 16840.0 420.0 120.0 ell-wool
11104.0 16844.0 816.0 136.0 fabric,-natural
11988.0 16848.0 364.0 148.0 styling
13196.0 16856.0 304.0 104.0 49.95

8692.0 16984.0 540.0 120.0 Cordurov
9300.0 16996.0 228.0 108.0 suits
9588.0 16996.0 224.0 112.0 with
9880.0 16996.0 536.0 116.0 reversible
10480.0 17020.0 280.0 116.0 sport
10816.0 17012.0 224.0 92.0 vest
13200.0 17004.0 300.0 108.0 29.95

10600.0 17232.0 48.0 76.0 II
10700.0 17236.0 204.0 76.0 liiit.
10960.0 17252.0 208.0 60.0 rl..
11216.0 17232.0 264.0 84.0 tWti,
11532.0 17232.0 232.0 84.0 iMft,
11816.0 17228.0 288.0 88.0 K-hnfl
12148.0 17236.0 464.0 76.0 rttfttt4

8696.0 17392.0 760.0 116.0 TOPCOATS
9532.0 17396.0 292.0 112.0 AND
9908.0 17396.0 972.0 116.0 ALL-WEATHER
10968.0 17400.0 476.0 112.0 COATS
13188.0 17404.0 320.0 112.0 Were

8696.0 17560.0 560.0 116.0 Cashmere
9324.0 17568.0 196.0 112.0 and
9584.0 17568.0 252.0 116.0 wool
9908.0 17568.0 272.0 116.0 black
10244.0 17588.0 264.0 96.0 town
10572.0 17592.0 316.0 108.0 coats,
10960.0 17576.0 224.0 128.0 rich,
11248.0 17576.0 240.0 124.0 soft,
11556.0 17572.0 476.0 116.0 luxurious
12096.0 17576.0 336.0 116.0 fabric
13212.0 17584.0 300.0 104.0 75.00

8692.0 17712.0 740.0 120.0 Conservative
9484.0 17740.0 260.0 92.0 town
9796.0 17736.0 488.0 120.0 topcoats
10336.0 17732.0 88.0 104.0 in
10480.0 17768.0 212.0 68.0 new
10740.0 17764.0 348.0 76.0 woven
11144.0 17728.0 348.0 112.0 muted
11548.0 17728.0 396.0 112.0 district
11992.0 17724.0 368.0 120.0 checks
13204.0 17732.0 304.0 104.0 59.95

8696.0 17868.0 464.0 108.0 Madison
9244.0 17864.0 328.0 116.0 model
9644.0 17880.0 508.0 124.0 topcoats,
10232.0 17868.0 376.0 144.0 English
10680.0 17868.0 464.0 148.0 hopsack,
11220.0 17872.0 584.0 112.0 traditional
11880.0 17872.0 388.0 116.0 natural
12344.0 17880.0 352.0 136.0 styling
13204.0 17880.0 304.0 104.0 59.95

8692.0 18012.0 412.0 112.0 Famous
9144.0 18016.0 284.0 108.0 make
9472.0 18020.0 496.0 128.0 imported
10012.0 18016.0 608.0 112.0 all-weather
10652.0 18040.0 320.0 100.0 coats,
11012.0 18008.0 508.0 124.0 sitk-luster
11556.0 18020.0 544.0 116.0 iridescent
12136.0 18032.0 364.0 104.0 cotton
12540.0 18020.0 584.0 144.0 gaoardine
13200.0 18028.0 304.0 108.0 29.95

8688.0 18332.0 440.0 116.0 SPORT
9208.0 18332.0 472.0 116.0 COATS
13184.0 18344.0 320.0 112.0 Were

8696.0 18504.0 408.0 112.0 Famous
9140.0 18512.0 444.0 108.0 Andrew
9616.0 18504.0 376.0 116.0 Pollack
10028.0 18528.0 292.0 120.0 sport
10356.0 18528.0 288.0 104.0 coats
10680.0 18508.0 508.0 148.0 tastefully
11224.0 18512.0 560.0 144.0 patterned
11820.0 18512.0 356.0 152.0 plaids,
12216.0 18512.0 520.0 152.0 imported
12776.0 18512.0 336.0 124.0 fabric
13204.0 18520.0 304.0 112.0 55.00

8696.0 18656.0 512.0 132.0 Imported
9272.0 18656.0 332.0 116.0 tweed
9660.0 18672.0 288.0 116.0 sport
10000.0 18676.0 296.0 108.0 coats
10356.0 18672.0 92.0 104.0 in
10504.0 18664.0 396.0 116.0 famous
10960.0 18660.0 568.0 144.0 Ballantyne
11584.0 18664.0 120.0 116.0 of
11760.0 18668.0 420.0 120.0 Peebles
12240.0 18664.0 488.0 120.0 Scotland
12788.0 18668.0 336.0 112.0 fabric
13196.0 18668.0 308.0 108.0 44.95

8688.0 18804.0 104.0 104.0 A
8852.0 18796.0 368.0 140.0 special
9284.0 18844.0 328.0 100.0 group
9668.0 18800.0 120.0 120.0 of
9820.0 18820.0 264.0 96.0 extra
10128.0 18804.0 236.0 148.0 long
10404.0 18824.0 280.0 128.0 sport
10716.0 18832.0 296.0 92.0 coats
11052.0 18820.0 84.0 104.0 in
11184.0 18848.0 252.0 108.0 pure
11468.0 18820.0 488.0 108.0 worsteds
12000.0 18812.0 164.0 116.0 for
12196.0 18856.0 228.0 72.0 men
12464.0 18816.0 232.0 116.0 6'2"
12732.0 18828.0 116.0 100.0 to
12884.0 18816.0 236.0 112.0 6'5"
13200.0 18820.0 300.0 104.0 39.95

8688.0 18944.0 412.0 116.0 Smooth
9160.0 18948.0 428.0 120.0 finished
9648.0 18956.0 280.0 108.0 orlon
9984.0 18956.0 200.0 112.0 and
10244.0 18960.0 252.0 112.0 wool
10548.0 18976.0 292.0 120.0 sport
10896.0 18972.0 316.0 112.0 coats,
11272.0 18960.0 588.0 164.0 overplaids
11912.0 18968.0 204.0 112.0 and
12180.0 18984.0 248.0 96.0 neat
12480.0 18964.0 628.0 116.0 checks....
13200.0 18964.0 300.0 112.0 39.95

8688.0 19092.0 320.0 112.0 Blaier
9056.0 19116.0 292.0 112.0 sport
9404.0 19116.0 280.0 100.0 coatt
9740.0 19104.0 92.0 112.0 in
9892.0 19104.0 188.0 112.0 rich
10136.0 19104.0 216.0 120.0 soft
10396.0 19104.0 276.0 120.0 orlon
10728.0 19108.0 204.0 112.0 and
10988.0 19104.0 276.0 128.0 wool,
11324.0 19108.0 384.0 144.0 English
11764.0 19116.0 220.0 112.0 side
12036.0 19112.0 384.0 116.0 vened
12472.0 19112.0 416.0 144.0 styling.
12932.0 19192.0 28.0 32.0 .
13000.0 19188.0 32.0 36.0 .
13072.0 19188.0 28.0 36.0 .
13196.0 19116.0 300.0 104.0 39.95

8684.0 19240.0 368.0 120.0 Scotch
9108.0 19248.0 348.0 116.0 tweed
9516.0 19260.0 284.0 120.0 sport
9860.0 19264.0 312.0 116.0 coats,
10240.0 19260.0 404.0 140.0 rugged
10704.0 19256.0 532.0 120.0 masculine
11292.0 19252.0 228.0 116.0 look
13200.0 19260.0 296.0 108.0 34.95

8672.0 19388.0 488.0 120.0 Worsted
9228.0 19392.0 356.0 116.0 flannel
9652.0 19396.0 372.0 140.0 English
10092.0 19400.0 380.0 120.0 blazers
10532.0 19404.0 224.0 108.0 with
10816.0 19400.0 304.0 112.0 metal
11180.0 19440.0 332.0 80.0 crown
11576.0 19408.0 420.0 112.0 buttons
13188.0 19408.0 300.0 108.0 29.95

8680.0 19712.0 852.0 112.0 OUTERWEAR
9616.0 19712.0 472.0 120.0 COATS
10172.0 19720.0 300.0 108.0 AND
10552.0 19716.0 608.0 120.0 JACKETS
13172.0 19720.0 320.0 112.0 Were

8684.0 19880.0 420.0 140.0 Clipper
9160.0 19928.0 188.0 72.0 car
9400.0 19904.0 312.0 112.0 coats,
9780.0 19892.0 488.0 120.0 insulated
10328.0 19908.0 352.0 104.0 cotton
10744.0 19892.0 564.0 148.0 gabardine
11372.0 19892.0 552.0 124.0 laminated
11988.0 19912.0 112.0 108.0 to
12160.0 19896.0 532.0 120.0 Scotfoam
13192.0 19900.0 304.0 112.0 22.95

8688.0 20032.0 404.0 112.0 Famous
9148.0 20036.0 340.0 112.0 Joahn
9552.0 20036.0 112.0 116.0 of
9720.0 20036.0 300.0 116.0 Wale
10072.0 20040.0 508.0 140.0 corduroy
10640.0 20044.0 428.0 116.0 stadium
11132.0 20056.0 248.0 100.0 coat
13192.0 20052.0 304.0 104.0 22.95

8684.0 20176.0 424.0 148.0 Rugged
9176.0 20184.0 500.0 140.0 corduroy
9732.0 20184.0 380.0 136.0 parkas,
10180.0 20200.0 260.0 104.0 swiss
10500.0 20188.0 344.0 116.0 blouse
10908.0 20188.0 372.0 144.0 length,
11344.0 20192.0 260.0 144.0 quilt
11660.0 20192.0 264.0 112.0 lined
13204.0 20196.0 288.0 104.0 16.95

8688.0 20328.0 584.0 116.0 Laminated
9348.0 20316.0 672.0 136.0 windbrealer
10088.0 20340.0 364.0 136.0 jacket,
10520.0 20340.0 412.0 108.0 warmth
11008.0 20336.0 416.0 116.0 without
11488.0 20340.0 636.0 144.0 weight....
13208.0 20344.0 288.0 104.0 16.95

8680.0 20648.0 524.0 120.0 SLACKS
13168.0 20660.0 320.0 108.0 Wee

8676.0 20824.0 488.0 120.0 Worsted
9228.0 20824.0 356.0 116.0 flannel
9648.0 20828.0 900.0 144.0 slacks,-imported
10608.0 20832.0 304.0 116.0 wools
10972.0 20840.0 84.0 108.0 in
11116.0 20840.0 252.0 108.0 both
11432.0 20836.0 472.0 140.0 pleatless
11960.0 20840.0 204.0 112.0 and
12224.0 20836.0 428.0 140.0 pleated
12708.0 20832.0 384.0 148.0 style..
13204.0 20840.0 284.0 104.0 17.95

8676.0 20964.0 232.0 120.0 Slim
8960.0 20992.0 172.0 96.0 cut
9180.0 20972.0 420.0 116.0 ell-wool
9660.0 20976.0 356.0 112.0 flannel
10076.0 20984.0 304.0 108.0 slacks
10436.0 20992.0 88.0 100.0 in
10580.0 20980.0 248.0 120.0 solid
10888.0 20980.0 364.0 120.0 shades
11312.0 20992.0 208.0 108.0 and
11580.0 21004.0 240.0 96.0 neat
11872.0 20984.0 380.0 148.0 plaids.
13200.0 20988.0 288.0 104.0 14.95

8676.0 21120.0 308.0 112.0 Wool
9052.0 21124.0 368.0 112.0 flannel
9492.0 21148.0 276.0 104.0 sport
9836.0 21124.0 324.0 128.0 slacks,
10236.0 21136.0 356.0 112.0 mued
10656.0 21132.0 536.0 136.0 deeptore
11256.0 21132.0 332.0 144.0 plaids
13208.0 21136.0 288.0 104.0 14.95

8668.0 21268.0 576.0 132.0 Crompton
9324.0 21276.0 500.0 136.0 corduroy
9896.0 21276.0 260.0 136.0 plaid
10236.0 21276.0 308.0 116.0 slacks
13252.0 21280.0 232.0 108.0 8.95

8680.0 21588.0 924.0 116.0 SPORTSWEAR
9692.0 21588.0 948.0 120.0 FURNISHINGS
12188.0 21516.0 36.0 68.0 '
13172.0 21600.0 208.0 108.0 We
13432.0 21640.0 56.0 68.0 e

8676.0 21756.0 396.0 116.0 Oxford
9128.0 21764.0 708.0 112.0 button-down
9892.0 21772.0 196.0 112.0 and
10140.0 21776.0 192.0 108.0 tab
10384.0 21772.0 308.0 116.0 collar
10736.0 21772.0 288.0 116.0 dress
11072.0 21768.0 312.0 136.0 shirts,
11440.0 21772.0 380.0 140.0 whites,
11872.0 21772.0 284.0 120.0 blues
12200.0 21776.0 212.0 112.0 end
12468.0 21780.0 412.0 132.0 stripes.
12920.0 21848.0 36.0 36.0 .
12992.0 21848.0 32.0 36.0 .
13064.0 21852.0 36.0 32.0 .
13256.0 21780.0 236.0 100.0 4.98

8676.0 21908.0 392.0 136.0 Spread
9124.0 21912.0 316.0 112.0 collar
9492.0 21912.0 276.0 116.0 dress
9828.0 21916.0 280.0 116.0 shirts
10160.0 21928.0 96.0 100.0 in
10312.0 21920.0 208.0 108.0 fine
10576.0 21924.0 512.0 136.0 imported
11144.0 21924.0 412.0 140.0 shirting
11616.0 21920.0 380.0 112.0 fabrics
13260.0 21924.0 228.0 104.0 5.95

8680.0 22060.0 196.0 132.0 Lily
8928.0 22064.0 344.0 112.0 Cache
9340.0 22064.0 424.0 112.0 Ban-Lon
9828.0 22080.0 280.0 120.0 sport
10156.0 22064.0 316.0 120.0 shirts,
10532.0 22064.0 448.0 140.0 pu'lover
11028.0 22064.0 388.0 148.0 styling,
11476.0 22072.0 340.0 136.0 bright
11868.0 22068.0 256.0 120.0 solid
12180.0 22068.0 372.0 112.0 shades
13264.0 22072.0 228.0 108.0 8.95

8672.0 22200.0 460.0 144.0 Country
9196.0 22208.0 260.0 112.0 wool
9520.0 22212.0 776.0 128.0 sweaer-shirts,
10364.0 22212.0 236.0 144.0 long
10660.0 22220.0 208.0 112.0 end
10936.0 22216.0 272.0 112.0 short
11264.0 22220.0 388.0 112.0 sleeves
13208.0 22220.0 284.0 104.0 12.95

8676.0 22352.0 604.0 112.0 Traditional
9344.0 22360.0 692.0 112.0 button-down
10088.0 22376.0 292.0 120.0 sport
10428.0 22360.0 284.0 116.0 shirts
10764.0 22368.0 92.0 104.0 in
10912.0 22360.0 252.0 116.0 both
11220.0 22364.0 452.0 136.0 pullover
11724.0 22364.0 200.0 116.0 end
11984.0 22364.0 368.0 116.0 button
12412.0 22364.0 280.0 112.0 front
12740.0 22360.0 368.0 148.0 styling
13260.0 22368.0 228.0 100.0 5.95

8680.0 22500.0 208.0 112.0 Felt
8940.0 22500.0 216.0 116.0 hats
9216.0 22512.0 96.0 100.0 in
9368.0 22504.0 572.0 116.0 traditional
9992.0 22508.0 196.0 112.0 and
10248.0 22512.0 712.0 112.0 conventional
11012.0 22504.0 352.0 148.0 styling
13208.0 22512.0 280.0 108.0 10.95

8676.0 22648.0 604.0 112.0 Traditional
9348.0 22692.0 256.0 72.0 crew
9660.0 22656.0 252.0 108.0 neck
9968.0 22668.0 476.0 100.0 sweaters
10508.0 22660.0 84.0 104.0 in
10660.0 22656.0 212.0 112.0 soft
10932.0 22652.0 252.0 116.0 wool
11244.0 22652.0 468.0 124.0 Shetland
13200.0 22660.0 288.0 108.0 10.95

8672.0 22792.0 240.0 116.0 Soft
8972.0 22792.0 360.0 120.0 lamb's
9396.0 22800.0 240.0 108.0 wool
9700.0 22816.0 500.0 112.0 sweaters,
10272.0 22800.0 236.0 144.0 long
10576.0 22800.0 416.0 132.0 sleeves,
11056.0 22800.0 348.0 120.0 classic
11468.0 22804.0 80.0 108.0 V
11612.0 22800.0 240.0 116.0 neck
13204.0 22804.0 284.0 108.0 10.95

8672.0 22944.0 372.0 140.0 English
9112.0 22944.0 336.0 132.0 styled
9512.0 22944.0 348.0 116.0 lamb's
9924.0 22948.0 244.0 108.0 wool
10236.0 22944.0 488.0 144.0 cardigan
10788.0 22964.0 516.0 120.0 sweaters,
11364.0 22948.0 244.0 148.0 long
11676.0 22952.0 388.0 116.0 s'eeves
13200.0 22952.0 284.0 108.0 14.95

8672.0 23092.0 440.0 120.0 Harness
9172.0 23096.0 392.0 108.0 leather
9620.0 23092.0 288.0 128.0 belts,
9972.0 23088.0 520.0 120.0 cordovan
10552.0 23096.0 204.0 116.0 and
10816.0 23132.0 584.0 88.0 moroccan.
11468.0 23100.0 128.0 144.0 '2
11656.0 23104.0 280.0 136.0 price
12648.0 23104.0 236.0 112.0 3.50
12936.0 23112.0 120.0 100.0 to
13116.0 23100.0 236.0 108.0 7.50
13536.0 23092.0 88.0 120.0 1,

8668.0 23236.0 376.0 144.0 English
9100.0 23240.0 432.0 112.0 blocked
9584.0 23244.0 360.0 124.0 chaliis,
10000.0 23244.0 156.0 112.0 silk
10212.0 23280.0 260.0 108.0 repp
10524.0 23244.0 200.0 116.0 and
10780.0 23240.0 164.0 120.0 silk
10996.0 23240.0 400.0 120.0 foulard
11448.0 23252.0 524.0 104.0 ties.....
13248.0 23244.0 236.0 112.0 2.50

14048.0 15016.0 296.0 116.0 New

14156.0 15228.0 188.0 116.0 88.

14156.0 15376.0 184.0 112.0 78.

14148.0 15524.0 192.0 112.0 48.

14156.0 15672.0 192.0 112.0 48.

14152.0 15820.0 188.0 108.0 48.

14152.0 15968.0 188.0 112.0 58.

14152.0 16116.0 188.0 112.0 58.

14152.0 16264.0 188.0 112.0 58.

14144.0 16408.0 192.0 112.0 48.

14148.0 16556.0 192.0 112.0 48.

14144.0 16700.0 196.0 116.0 48.

14144.0 16848.0 192.0 116.0 38.

14144.0 16996.0 192.0 116.0 25.

14040.0 17404.0 300.0 112.0 Now

14152.0 17580.0 188.0 108.0 58.

14144.0 17728.0 200.0 108.0 48.

14144.0 17872.0 192.0 116.0 48.

14156.0 18020.0 184.0 112.0 IS.

14036.0 18340.0 300.0 116.0 New

14144.0 18516.0 196.0 112.0 38.

14144.0 18664.0 196.0 112.0 38.

14144.0 18812.0 196.0 112.0 33.

14144.0 18960.0 192.0 112.0 33.

14140.0 19108.0 196.0 112.0 28.

14140.0 19256.0 200.0 112.0 28.

14136.0 19400.0 188.0 112.0 25.

14028.0 19716.0 300.0 116.0 New

14144.0 19892.0 184.0 116.0 14.

14140.0 20040.0 188.0 112.0 14.

14136.0 20188.0 188.0 108.0 10.

14140.0 20332.0 188.0 112.0 10.

14024.0 20656.0 300.0 112.0 Now

14136.0 20832.0 188.0 116.0 12.

14204.0 20984.0 112.0 108.0 8.

14212.0 21128.0 112.0 112.0 4.

14204.0 21272.0 116.0 116.0 3.

14020.0 21592.0 296.0 116.0 Now

13768.0 21768.0 68.0 116.0 3
13888.0 21768.0 192.0 116.0 for
14136.0 21772.0 184.0 112.0 10.

13680.0 21916.0 72.0 116.0 2
13808.0 21920.0 196.0 112.0 for
14052.0 21916.0 268.0 120.0 7.50

14212.0 22072.0 112.0 108.0 5.

14208.0 22212.0 112.0 112.0 5.

13684.0 22360.0 72.0 116.0 2
13808.0 22360.0 192.0 116.0 for
14052.0 22360.0 268.0 116.0 7.50

14208.0 22508.0 116.0 112.0 5.

14208.0 22652.0 116.0 116.0 7.

14204.0 22800.0 116.0 116.0 7.

14128.0 22948.0 184.0 116.0 10.

13652.0 23096.0 144.0 116.0 75
13860.0 23096.0 128.0 112.0 to
14044.0 23092.0 268.0 120.0 3.75

13812.0 23240.0 72.0 120.0 3
13940.0 23240.0 200.0 116.0 for
14200.0 23244.0 116.0 112.0 5.

8984.0 23800.0 260.0 140.0 Wc
9324.0 23804.0 568.0 136.0 caution
9964.0 23844.0 256.0 100.0 our
10288.0 23816.0 804.0 132.0 customers
11156.0 23812.0 164.0 140.0 to
11384.0 23852.0 412.0 100.0 comt
11860.0 23816.0 472.0 176.0 early!
12488.0 23812.0 824.0 172.0 Quantities
13376.0 23808.0 592.0 136.0 limited!

8072.0 24072.0 892.0 208.0 MAX'S
9080.0 24076.0 1100.0 204.0 GENTRY
10296.0 24080.0 908.0 204.0 SHOPS
11864.0 24140.0 268.0 136.0 745
12228.0 24136.0 608.0 140.0 Swifton
12940.0 24132.0 552.0 140.0 Center
13784.0 24128.0 180.0 140.0 EL
14060.0 24128.0 488.0 140.0 1-3220

14140.0 2216.0 384.0 168.0 )YlL
14660.0 2320.0 68.0 64.0 m
15032.0 2224.0 184.0 160.0 ml
