16000 25320
976.0 712.0 1048.0 288.0 Carried
2176.0 704.0 568.0 280.0 Into
2888.0 704.0 800.0 280.0 Court
3824.0 712.0 824.0 320.0 Again
5248.0 1000.0 8.0 8.0 .

896.0 1176.0 864.0 488.0 Mc
1824.0 1168.0 1000.0 488.0 Cra
2880.0 1176.0 608.0 480.0 ck
3568.0 1184.0 504.0 472.0 in
4360.0 1168.0 520.0 480.0 Is
5144.0 1176.0 392.0 488.0 J
5504.0 1352.0 304.0 304.0 a
5872.0 1168.0 1088.0 488.0 iled
7192.0 1168.0 568.0 480.0 In

8152.0 1152.0 2896.0 496.0 Tennessee
11320.0 1152.0 1040.0 504.0 For
12672.0 1160.0 2984.0 512.0 'LoiterinM

864.0 5536.0 72.0 232.0 f
1536.0 5464.0 624.0 384.0 jVv..
4104.0 5568.0 128.0 216.0 0
4504.0 5464.0 104.0 240.0 f
5872.0 5640.0 40.0 72.0 .

864.0 5776.0 16.0 88.0 :
1536.0 5728.0 648.0 416.0 V.:-
2512.0 5616.0 912.0 576.0 -A
5432.0 5760.0 80.0 168.0 ;
6072.0 5872.0 176.0 320.0 ;

1800.0 6488.0 784.0 360.0 yT
5672.0 6472.0 552.0 352.0 Y'r

1132.0 8188.0 136.0 136.0 '4

800.0 10380.0 376.0 104.0 Vivian
1236.0 10384.0 244.0 100.0 Dee
1536.0 10380.0 560.0 116.0 Haizman,
2160.0 10384.0 832.0 116.0 Wlthamsville,
3052.0 10388.0 356.0 100.0 wants
3584.0 10388.0 320.0 100.0 tinue
3992.0 10388.0 480.0 116.0 through

800.0 10520.0 300.0 120.0 Rogl,
1164.0 10532.0 64.0 84.0 a
1304.0 10520.0 680.0 108.0 Dalmatian,
2056.0 10520.0 120.0 96.0 to
2248.0 10520.0 336.0 112.0 enjoy
2648.0 10520.0 200.0 96.0 the
2920.0 10520.0 488.0 120.0 opening

780.0 10644.0 140.0 100.0 of
980.0 10652.0 180.0 96.0 the
1216.0 10648.0 432.0 100.0 Flower
1708.0 10644.0 464.0 100.0 Festival
2240.0 10648.0 128.0 96.0 at
2424.0 10644.0 640.0 104.0 Cincinnati
3136.0 10648.0 224.0 96.0 Oar-

788.0 10776.0 308.0 104.0 dens.
1172.0 10780.0 340.0 100.0 Show
1588.0 10776.0 432.0 120.0 opened
2100.0 10776.0 228.0 96.0 last
2404.0 10776.0 356.0 116.0 night,
2836.0 10776.0 228.0 96.0 will
3148.0 10792.0 252.0 80.0 con-

832.0 11124.0 856.0 272.0 Woman
1788.0 11120.0 532.0 272.0 Held

828.0 11512.0 296.0 328.0 By
1208.0 11512.0 696.0 268.0 Police
2000.0 11508.0 296.0 268.0 As

820.0 11900.0 1292.0 268.0 Abortionist

908.0 12288.0 96.0 96.0 A
1056.0 12280.0 636.0 108.0 Cincinnati
1748.0 12304.0 440.0 84.0 woman
2256.0 12304.0 228.0 80.0 was

784.0 12420.0 484.0 96.0 arrested
1316.0 12416.0 232.0 100.0 last
1588.0 12420.0 356.0 112.0 night,
1984.0 12416.0 500.0 112.0 charged

764.0 12548.0 272.0 96.0 with
1100.0 12548.0 704.0 112.0 performing
1876.0 12548.0 604.0 100.0 abortions.

892.0 12676.0 348.0 100.0 Police
1348.0 12672.0 256.0 104.0 said
1708.0 12680.0 256.0 96.0 Mrs.
2072.0 12676.0 396.0 96.0 Mattie

760.0 12808.0 476.0 116.0 Halbert,
1384.0 12808.0 160.0 112.0 32,
1676.0 12808.0 236.0 96.0 2411
2056.0 12804.0 412.0 120.0 Spring

760.0 12940.0 356.0 100.0 Grove
1204.0 12944.0 304.0 108.0 Ave.,
1608.0 12936.0 544.0 100.0 admitted
2244.0 12940.0 228.0 96.0 two

752.0 13068.0 568.0 104.0 abortions
1428.0 13072.0 412.0 116.0 during
1936.0 13072.0 200.0 100.0 the
2244.0 13064.0 224.0 100.0 last

756.0 13208.0 228.0 96.0 two
1056.0 13220.0 316.0 100.0 years
1460.0 13204.0 264.0 96.0 here
1808.0 13200.0 228.0 100.0 and
2116.0 13216.0 344.0 88.0 seven

756.0 13340.0 376.0 96.0 others
1176.0 13336.0 120.0 100.0 in
1356.0 13332.0 516.0 116.0 Chicago.

744.0 13544.0 12.0 36.0 '
892.0 13520.0 208.0 96.0 Her
1184.0 13516.0 352.0 104.0 latest
1624.0 13516.0 412.0 112.0 victim,
2128.0 13540.0 76.0 76.0 a
756.0 13520.0 1716.0 252.0 26-year-old

1336.0 13652.0 392.0 100.0 Cleves
1820.0 13644.0 644.0 116.0 housewife,

756.0 13788.0 108.0 100.0 Is
980.0 13784.0 636.0 112.0 recovering
1732.0 13780.0 116.0 100.0 In
1968.0 13780.0 496.0 100.0 General

752.0 13912.0 492.0 120.0 Hospital
1316.0 13912.0 304.0 96.0 from
1688.0 13932.0 152.0 80.0 an
1912.0 13908.0 548.0 104.0 Infection

752.0 14048.0 360.0 96.0 which
1212.0 14044.0 496.0 100.0 Induced
1820.0 14064.0 68.0 76.0 a
2000.0 14044.0 420.0 96.0 mlscar-

752.0 14180.0 332.0 116.0 riagei
1128.0 14176.0 368.0 120.0 police
1548.0 14176.0 268.0 100.0 said.

884.0 14364.0 240.0 100.0 Mrs.
1208.0 14364.0 540.0 104.0 Halbert,
1768.0 14356.0 236.0 104.0 told
2096.0 14356.0 368.0 120.0 police

632.0 14576.0 16.0 20.0 .
748.0 14496.0 212.0 100.0 the
1044.0 14512.0 448.0 84.0 woman
1584.0 14512.0 224.0 80.0 was
1896.0 14492.0 348.0 100.0 taken
2344.0 14492.0 124.0 96.0 to

744.0 14628.0 220.0 100.0 her
1100.0 14624.0 344.0 100.0 home
1600.0 14624.0 544.0 116.0 Saturday
2304.0 14620.0 148.0 120.0 by

756.0 14756.0 352.0 104.0 Juiiui
1144.0 14752.0 492.0 116.0 Ferront,
1676.0 14756.0 148.0 108.0 27,
1876.0 14756.0 232.0 100.0 1924
2148.0 14756.0 264.0 100.0 Hud-

748.0 14912.0 216.0 80.0 son
1016.0 14892.0 276.0 116.0 Ave.,
1344.0 14884.0 568.0 104.0 Norwood.

880.0 15016.0 336.0 104.0 Police
1348.0 15020.0 244.0 100.0 said
1704.0 15020.0 152.0 96.0 he
1964.0 15016.0 220.0 104.0 will
2308.0 15016.0 140.0 96.0 be

740.0 15152.0 476.0 116.0 charged
1336.0 15152.0 276.0 96.0 with
1720.0 15148.0 380.0 116.0 aiding
2212.0 15148.0 236.0 100.0 and

744.0 15284.0 492.0 120.0 abetting
1292.0 15280.0 128.0 100.0 in
1476.0 15284.0 196.0 100.0 the
1728.0 15284.0 540.0 96.0 abortion.

872.0 15468.0 248.0 104.0 THE
1196.0 15468.0 492.0 100.0 VICTIM
1764.0 15468.0 236.0 100.0 told
2076.0 15468.0 364.0 120.0 police

744.0 15604.0 212.0 100.0 she
1000.0 15600.0 240.0 120.0 paid
1288.0 15600.0 256.0 112.0 $250
1596.0 15604.0 168.0 96.0 for
1812.0 15604.0 192.0 96.0 the
2048.0 15616.0 344.0 100.0 opera-

732.0 15736.0 276.0 96.0 tion.
1068.0 15736.0 252.0 96.0 Mrs.
1396.0 15728.0 456.0 104.0 Halbert
1912.0 15728.0 248.0 104.0 said
2224.0 15732.0 208.0 100.0 she

740.0 15864.0 488.0 104.0 received
1280.0 15864.0 224.0 108.0 $60.

868.0 16000.0 220.0 96.0 The
1124.0 15992.0 596.0 100.0 confessed
1772.0 15992.0 664.0 100.0 abortionist

736.0 16128.0 248.0 100.0 said
1068.0 16128.0 200.0 100.0 she
1368.0 16124.0 416.0 100.0 caused
1872.0 16128.0 200.0 96.0 the
2168.0 16124.0 224.0 100.0 mis-

724.0 16260.0 492.0 112.0 carriage
1332.0 16260.0 136.0 96.0 of
1584.0 16276.0 68.0 80.0 a
1768.0 16256.0 660.0 120.0 26-year-old

732.0 16392.0 300.0 100.0 West
1096.0 16388.0 252.0 100.0 End
1428.0 16404.0 436.0 84.0 woman
1944.0 16388.0 116.0 100.0 in
2156.0 16388.0 272.0 100.0 i960.

732.0 16524.0 232.0 100.0 She
1008.0 16520.0 224.0 100.0 also
1284.0 16520.0 552.0 100.0 admitted
1896.0 16520.0 492.0 120.0 perform-

716.0 16656.0 212.0 116.0 ing
984.0 16652.0 236.0 100.0 four
1276.0 16656.0 648.0 112.0 operations
1980.0 16652.0 116.0 96.0 in
2164.0 16648.0 208.0 100.0 Chi-

720.0 16804.0 284.0 96.0 cago
1064.0 16780.0 168.0 100.0 for
1292.0 16788.0 336.0 92.0 other
1692.0 16800.0 428.0 80.0 women
2192.0 16780.0 228.0 100.0 and

716.0 16920.0 328.0 96.0 three
1092.0 16932.0 308.0 100.0 upon
1464.0 16916.0 436.0 96.0 herself.

724.0 17068.0 32.0 24.0 -
852.0 17048.0 116.0 96.0 "I
1052.0 17040.0 220.0 104.0 had
1380.0 17048.0 120.0 96.0 to
1592.0 17052.0 144.0 88.0 do
1832.0 17048.0 84.0 96.0 it
2012.0 17044.0 116.0 96.0 to
2232.0 17048.0 188.0 112.0 get

716.0 17196.0 404.0 96.0 money
1244.0 17180.0 128.0 88.0 to
1500.0 17176.0 248.0 96.0 feed
1880.0 17196.0 180.0 92.0 my
2192.0 17176.0 224.0 96.0 five

716.0 17308.0 340.0 112.0 kids,"
1116.0 17312.0 212.0 96.0 she
1400.0 17308.0 228.0 96.0 told
1700.0 17308.0 656.0 116.0 policemen.

708.0 17568.0 532.0 192.0 Ridge
1352.0 17568.0 160.0 160.0 Is
1608.0 17564.0 644.0 168.0 Named

840.0 17820.0 760.0 104.0 COLUMBUS,
1656.0 17816.0 312.0 112.0 Ohio,
2024.0 17820.0 264.0 96.0 Nov.
2356.0 17816.0 52.0 96.0 1

704.0 17964.0 124.0 88.0 is
988.0 17948.0 392.0 104.0 Ohio's
1492.0 17952.0 352.0 92.0 Arson
1960.0 17952.0 452.0 92.0 Bureau

696.0 18084.0 232.0 96.0 has
1028.0 18100.0 208.0 80.0 one
1364.0 18076.0 128.0 100.0 of
1604.0 18080.0 144.0 96.0 its
1860.0 18088.0 552.0 108.0 youngest

700.0 18208.0 360.0 100.0 chiefs
1124.0 18224.0 304.0 84.0 ever.
1504.0 18208.0 452.0 120.0 Stanley
2024.0 18212.0 384.0 116.0 Ridge,

704.0 18340.0 164.0 108.0 39,
924.0 18336.0 108.0 96.0 of
1080.0 18336.0 576.0 112.0 Wellston,
1708.0 18356.0 224.0 80.0 was
1980.0 18344.0 428.0 96.0 named

696.0 18468.0 136.0 100.0 to
920.0 18468.0 180.0 104.0 the
1184.0 18460.0 500.0 132.0 position
1780.0 18468.0 360.0 116.0 today.
2236.0 18472.0 172.0 100.0 He

696.0 18596.0 228.0 96.0 has
960.0 18600.0 264.0 92.0 been
1272.0 18596.0 392.0 116.0 acting
1704.0 18596.0 292.0 100.0 chief
2036.0 18600.0 124.0 100.0 of
2204.0 18600.0 200.0 96.0 the

692.0 18724.0 632.0 116.0 eight-man
1416.0 18728.0 280.0 96.0 staff
1784.0 18728.0 304.0 100.0 since
2176.0 18732.0 232.0 96.0 last

692.0 18856.0 292.0 120.0 May.

852.0 23116.0 352.0 164.0 Dad
1284.0 23124.0 396.0 160.0 And
1760.0 23124.0 900.0 196.0 Daughter,
2740.0 23132.0 784.0 164.0 Students
3600.0 23132.0 424.0 164.0 Both

620.0 23372.0 580.0 108.0 Raymond
1300.0 23376.0 576.0 104.0 Cornelius
1968.0 23388.0 496.0 100.0 watches
2548.0 23388.0 176.0 96.0 his
2816.0 23388.0 580.0 116.0 daughter.
3492.0 23392.0 252.0 104.0 Sue,
3836.0 23408.0 196.0 76.0 use
4124.0 23408.0 64.0 76.0 a

492.0 23504.0 708.0 112.0 .computer
1280.0 23512.0 132.0 92.0 at
1480.0 23512.0 196.0 92.0 the
1752.0 23512.0 632.0 120.0 University
2452.0 23520.0 120.0 96.0 of
2640.0 23516.0 668.0 100.0 Cincinnati.
3388.0 23520.0 240.0 96.0 The
3704.0 23524.0 216.0 92.0 two
3996.0 23536.0 188.0 80.0 are

480.0 23632.0 48.0 112.0 I
560.0 23628.0 32.0 96.0 :
612.0 23632.0 516.0 100.0 students
1204.0 23632.0 136.0 100.0 in
1424.0 23636.0 176.0 100.0 UC
1680.0 23644.0 380.0 112.0 digital
2140.0 23652.0 592.0 108.0 computer
2804.0 23652.0 416.0 96.0 classes
3288.0 23652.0 244.0 96.0 this
3612.0 23664.0 288.0 96.0 year.
3984.0 23648.0 196.0 96.0 Mr.

484.0 23752.0 740.0 120.0 L'Cornelius,
1328.0 23784.0 68.0 76.0 a
1484.0 23768.0 280.0 96.0 Ford
1852.0 23776.0 368.0 96.0 Motor
2304.0 23780.0 180.0 96.0 Co.
2572.0 23780.0 656.0 108.0 toolmaker.
3316.0 23780.0 100.0 96.0 is
3508.0 23780.0 396.0 116.0 taking
3992.0 23780.0 196.0 96.0 the

480.0 23928.0 52.0 116.0 j
608.0 23912.0 400.0 80.0 course
1088.0 23900.0 128.0 92.0 in
1312.0 23900.0 200.0 92.0 the
1596.0 23900.0 176.0 96.0 UC
1860.0 23908.0 500.0 116.0 Evening
2440.0 23908.0 476.0 112.0 College.
3008.0 23912.0 188.0 92.0 His
3284.0 23912.0 564.0 108.0 daughter
3928.0 23908.0 100.0 100.0 Is
4116.0 23928.0 68.0 76.0 a
4240.0 23968.0 16.0 20.0 .

596.0 24028.0 392.0 120.0 Junior
1036.0 24032.0 120.0 92.0 at
1212.0 24024.0 192.0 100.0 UC
1460.0 24028.0 612.0 104.0 McMicken
2132.0 24040.0 440.0 116.0 College
2624.0 24040.0 124.0 96.0 of
2804.0 24040.0 264.0 96.0 Arts
3128.0 24040.0 220.0 96.0 and
3408.0 24040.0 548.0 96.0 Sciences.
4016.0 24040.0 160.0 96.0 He

472.0 24188.0 88.0 76.0 r
604.0 24164.0 264.0 112.0 tets
916.0 24176.0 144.0 80.0 no
1116.0 24156.0 288.0 116.0 help
1464.0 24156.0 288.0 96.0 from
1816.0 24164.0 228.0 104.0 her.
2104.0 24168.0 204.0 92.0 Mr.
2372.0 24164.0 580.0 104.0 Cornelius
3016.0 24168.0 536.0 116.0 explains.
3620.0 24172.0 372.0 96.0 "She's
4056.0 24188.0 124.0 76.0 so

600.0 24284.0 304.0 116.0 busy
960.0 24308.0 144.0 76.0 on
1168.0 24308.0 488.0 92.0 campus
1724.0 24296.0 224.0 92.0 this
2016.0 24316.0 276.0 92.0 year
2352.0 24316.0 156.0 84.0 we
2580.0 24300.0 408.0 116.0 hardly
3056.0 24320.0 176.0 80.0 see
3300.0 24300.0 308.0 112.0 her,"
3676.0 24296.0 144.0 100.0 he
3892.0 24320.0 280.0 96.0 says.

584.0 24420.0 552.0 116.0 Enquirer
1192.0 24420.0 500.0 104.0 (Straub)
1748.0 24424.0 384.0 96.0 Photo.

2196.0 10136.0 580.0 164.0 Wants
2840.0 10136.0 364.0 196.0 Pup
3264.0 10132.0 240.0 176.0 To
3576.0 10136.0 552.0 196.0 Enjoy
4188.0 10140.0 188.0 188.0 It,

3564.0 10648.0 264.0 112.0 play
3900.0 10648.0 120.0 96.0 of
4092.0 10652.0 420.0 96.0 several
4600.0 10648.0 504.0 100.0 varieties
5192.0 10652.0 128.0 100.0 of
5392.0 10652.0 648.0 116.0 geraniums.

3564.0 10776.0 544.0 116.0 Enquirer
4168.0 10780.0 596.0 108.0 (Cochran)
4820.0 10780.0 380.0 96.0 Photo.

2712.0 11112.0 2064.0 416.0 Hirschfeld
4944.0 11120.0 768.0 408.0 Out
5864.0 11120.0 528.0 400.0 As
6544.0 11112.0 1592.0 408.0 Counsel

2688.0 11728.0 688.0 400.0 For
3512.0 11728.0 848.0 408.0 Five
4504.0 11728.0 1752.0 504.0 Newport
6392.0 11720.0 1616.0 416.0 Officials

2888.0 12336.0 488.0 104.0 Thomas
3452.0 12340.0 128.0 96.0 D.
3664.0 12336.0 656.0 116.0 Hirschfeld,
4404.0 12340.0 420.0 120.0 special
4904.0 12340.0 472.0 104.0 counsel
5452.0 12344.0 176.0 100.0 for
5712.0 12344.0 200.0 100.0 the
5980.0 12340.0 216.0 120.0 city

2636.0 12468.0 124.0 96.0 of
2804.0 12472.0 512.0 116.0 Newport
3360.0 12468.0 228.0 100.0 and
3632.0 12476.0 644.0 112.0 prosecutor
4316.0 12468.0 116.0 104.0 in
4484.0 12476.0 212.0 96.0 the
4740.0 12476.0 428.0 112.0 George
5220.0 12480.0 156.0 92.0 Ra
5384.0 12480.0 484.0 92.0 Herman
5916.0 12496.0 272.0 88.0 case,

2636.0 12596.0 208.0 96.0 has
2916.0 12600.0 644.0 92.0 withdrawn
3636.0 12616.0 128.0 76.0 as
3824.0 12600.0 452.0 96.0 counsel
4340.0 12600.0 188.0 96.0 for
4584.0 12604.0 356.0 112.0 Ralph
5004.0 12608.0 612.0 104.0 Mussman,
5688.0 12608.0 504.0 108.0 Newport

2656.0 12740.0 432.0 108.0 mayor;
3152.0 12728.0 336.0 96.0 Oscar
3544.0 12728.0 400.0 108.0 Hesch,
4004.0 12728.0 512.0 116.0 Newport
4576.0 12732.0 228.0 112.0 city
4856.0 12748.0 576.0 96.0 manager,
5488.0 12732.0 232.0 96.0 and
5788.0 12732.0 416.0 96.0 Roland

2640.0 12852.0 412.0 112.0 Vorles,
3112.0 12856.0 404.0 116.0 Joseph
3584.0 12856.0 492.0 104.0 Schaber
4140.0 12856.0 216.0 104.0 and
4424.0 12860.0 536.0 104.0 Clarence
5020.0 12860.0 604.0 120.0 Lehkamp,
5692.0 12864.0 500.0 116.0 Newport

2636.0 12988.0 224.0 112.0 city
2924.0 12984.0 924.0 104.0 commissioners.

2772.0 13144.0 240.0 96.0 The
3136.0 13140.0 212.0 104.0 five
3452.0 13144.0 524.0 112.0 Newport
4084.0 13140.0 208.0 100.0 offi-

2628.0 13272.0 272.0 96.0 cials
3016.0 13292.0 284.0 84.0 were
3400.0 13268.0 496.0 104.0 indicted
4008.0 13276.0 144.0 112.0 by
4256.0 13296.0 68.0 80.0 a

2628.0 13404.0 580.0 116.0 Campbell
3348.0 13408.0 448.0 112.0 County
3944.0 13408.0 380.0 96.0 Grand

2624.0 13536.0 276.0 112.0 Jury
2948.0 13556.0 156.0 76.0 on
3160.0 13536.0 460.0 116.0 charges
3676.0 13536.0 116.0 96.0 of
3844.0 13540.0 440.0 116.0 conspir-

2628.0 13684.0 200.0 92.0 acy
2892.0 13668.0 120.0 96.0 to
3084.0 13668.0 492.0 96.0 obstruct
3640.0 13668.0 428.0 116.0 Justice.

2752.0 13796.0 200.0 96.0 Mr.
3020.0 13796.0 632.0 100.0 Hirschfeld
3716.0 13800.0 272.0 96.0 then
4056.0 13796.0 272.0 100.0 filed

2628.0 13944.0 144.0 80.0 an
2824.0 13920.0 700.0 124.0 Intervening
3576.0 13928.0 424.0 100.0 motion
4052.0 13928.0 268.0 100.0 with

2616.0 14056.0 204.0 96.0 the
2876.0 14056.0 584.0 116.0 Kentucky
3528.0 14060.0 348.0 96.0 Court
3932.0 14060.0 124.0 100.0 of
4112.0 14064.0 164.0 112.0 Ap-

2588.0 14188.0 372.0 116.0 .peals,
3044.0 14188.0 384.0 116.0 asking
3500.0 14188.0 260.0 100.0 that
3828.0 14188.0 196.0 104.0 the
4096.0 14188.0 220.0 100.0 five

2620.0 14316.0 136.0 104.0 be
2820.0 14316.0 292.0 100.0 tried
3172.0 14316.0 468.0 120.0 quickly.

2744.0 14524.0 1060.0 104.0 Confirmation
3920.0 14532.0 120.0 96.0 of
4124.0 14536.0 196.0 92.0 Mr.

2616.0 14660.0 452.0 96.0 Hirschf
3072.0 14664.0 260.0 96.0 eld's
3412.0 14684.0 104.0 76.0 w
3548.0 14664.0 40.0 96.0 1
3624.0 14664.0 52.0 100.0 1
3708.0 14664.0 76.0 96.0 h
3820.0 14664.0 68.0 96.0 d
3928.0 14684.0 52.0 76.0 r
4012.0 14668.0 304.0 100.0 awal,

2612.0 14792.0 492.0 116.0 through
3172.0 14816.0 68.0 76.0 a
3296.0 14792.0 476.0 120.0 petition
3836.0 14796.0 476.0 112.0 Monday

2612.0 14928.0 116.0 92.0 to
2800.0 14924.0 200.0 96.0 the
3080.0 14924.0 460.0 100.0 Court
3608.0 14924.0 124.0 100.0 of
3804.0 14928.0 504.0 112.0 Appeals,

2612.0 15076.0 320.0 76.0 came
3044.0 15056.0 580.0 116.0 yesterday
3736.0 15056.0 288.0 96.0 from
4132.0 15052.0 176.0 96.0 his

2608.0 15184.0 208.0 96.0 law
2972.0 15192.0 480.0 108.0 partner,
3612.0 15188.0 388.0 96.0 Daniel
4152.0 15188.0 156.0 96.0 W.

2604.0 15312.0 432.0 100.0 Davies.
3132.0 15320.0 192.0 92.0 Mr.
3384.0 15316.0 404.0 100.0 Davies
3852.0 15320.0 240.0 96.0 said
4156.0 15320.0 144.0 96.0 he

2604.0 15448.0 680.0 96.0 understood
3380.0 15448.0 208.0 96.0 the
3692.0 15448.0 220.0 96.0 five
4016.0 15468.0 284.0 76.0 were

2604.0 15576.0 584.0 116.0 obtaining
3240.0 15580.0 192.0 96.0 the
3504.0 15580.0 476.0 96.0 services
4040.0 15580.0 124.0 96.0 of
4232.0 15600.0 64.0 76.0 a

2600.0 15712.0 600.0 96.0 Frankfort
3260.0 15712.0 544.0 116.0 attorney.

2724.0 15896.0 172.0 96.0 On
2992.0 15896.0 468.0 100.0 October
3556.0 15896.0 148.0 112.0 19,
3788.0 15896.0 296.0 100.0 John
4172.0 15900.0 116.0 92.0 B.

2600.0 16024.0 808.0 116.0 Breckinridge,
3464.0 16028.0 596.0 116.0 Kentucky
4112.0 16032.0 152.0 96.0 At-

2596.0 16164.0 400.0 112.0 torney
3096.0 16160.0 512.0 116.0 General,
3704.0 16160.0 588.0 116.0 suggested

2596.0 16300.0 124.0 92.0 to
2824.0 16296.0 204.0 96.0 the
3140.0 16296.0 332.0 96.0 Court
3580.0 16292.0 128.0 100.0 of
3816.0 16300.0 476.0 112.0 Appeals

2592.0 16428.0 256.0 96.0 that
2916.0 16428.0 204.0 96.0 Mr.
3188.0 16424.0 632.0 100.0 Hirschfeld
3888.0 16428.0 404.0 100.0 should

2596.0 16560.0 140.0 96.0 be
2820.0 16560.0 572.0 96.0 disbarred
3480.0 16560.0 188.0 100.0 for
3752.0 16560.0 332.0 116.0 being
4168.0 16560.0 120.0 100.0 in

2592.0 16696.0 196.0 92.0 the
2856.0 16692.0 724.0 116.0 "completely
3644.0 16692.0 644.0 116.0 conflicting

2596.0 16824.0 524.0 116.0 posture"
3196.0 16824.0 116.0 96.0 of
3392.0 16828.0 620.0 116.0 defending
4092.0 16828.0 200.0 96.0 the

2584.0 16960.0 224.0 100.0 five
2924.0 16956.0 480.0 96.0 officials
3528.0 16956.0 444.0 120.0 against
4080.0 16964.0 196.0 92.0 the

2596.0 17092.0 960.0 96.0 Commonwealth
3724.0 17092.0 116.0 96.0 of
4004.0 17092.0 244.0 96.0 Ken-

2596.0 17220.0 372.0 120.0 tucky.
2716.0 17380.0 200.0 96.0 Mr.
3028.0 17376.0 632.0 104.0 Hirschfeld
3764.0 17384.0 476.0 116.0 respond-

2580.0 17512.0 180.0 100.0 ed:
2872.0 17516.0 304.0 96.0 "The
3276.0 17516.0 516.0 112.0 personal
3904.0 17520.0 376.0 96.0 attack

2576.0 17664.0 156.0 76.0 on
2808.0 17664.0 192.0 80.0 me
3072.0 17648.0 96.0 96.0 is
3232.0 17648.0 264.0 112.0 only
3572.0 17668.0 72.0 76.0 a
3712.0 17648.0 196.0 96.0 red
3980.0 17648.0 260.0 100.0 herr-

2580.0 17776.0 192.0 120.0 ing
2828.0 17780.0 128.0 96.0 to
3012.0 17780.0 292.0 96.0 draw
3356.0 17776.0 564.0 104.0 attention
3980.0 17780.0 296.0 96.0 from

2572.0 17912.0 200.0 92.0 the
2844.0 17912.0 240.0 96.0 real
3152.0 17908.0 348.0 100.0 issues
3568.0 17912.0 124.0 100.0 of
3756.0 17916.0 200.0 96.0 the
4016.0 17932.0 260.0 84.0 case

2580.0 18040.0 228.0 96.0 and
3000.0 18044.0 436.0 96.0 further
3616.0 18044.0 296.0 112.0 deny
4088.0 18060.0 192.0 104.0 my

2576.0 18172.0 412.0 100.0 clients
3040.0 18192.0 72.0 80.0 a
3168.0 18172.0 412.0 120.0 speedy
3636.0 18172.0 284.0 104.0 trial.

2700.0 18328.0 252.0 120.0 "My
3096.0 18328.0 764.0 124.0 employment
4004.0 18336.0 264.0 100.0 with

2572.0 18460.0 204.0 100.0 the
2864.0 18464.0 236.0 112.0 city
3184.0 18464.0 92.0 100.0 is
3364.0 18468.0 148.0 112.0 by
3608.0 18484.0 72.0 84.0 a
3768.0 18468.0 504.0 100.0 contract

2568.0 18600.0 208.0 92.0 not
2968.0 18592.0 564.0 124.0 requiring
3724.0 18600.0 552.0 100.0 exclusive

2572.0 18724.0 520.0 116.0 services,
3176.0 18728.0 368.0 100.0 which
3636.0 18728.0 100.0 100.0 Is
3820.0 18732.0 408.0 96.0 termin-

2572.0 18864.0 252.0 92.0 able
2908.0 18864.0 148.0 112.0 by
3132.0 18860.0 356.0 100.0 either
3564.0 18864.0 328.0 116.0 party
3968.0 18884.0 308.0 96.0 upon

5808.0 9088.0 448.0 912.0 3

4444.0 10136.0 364.0 168.0 Too

4568.0 10388.0 472.0 120.0 Sunday.

5140.0 10392.0 440.0 96.0 Besides
5668.0 10392.0 472.0 112.0 chrysan

3592.0 10524.0 580.0 96.0 themums
4248.0 10520.0 384.0 108.0 above,
4716.0 10524.0 88.0 96.0 it
4880.0 10520.0 500.0 100.0 features
5456.0 10540.0 64.0 80.0 a
5596.0 10520.0 316.0 112.0 large
5984.0 10524.0 168.0 100.0 dis

4516.0 13168.0 132.0 96.0 30
4732.0 13168.0 288.0 120.0 days'
5108.0 13168.0 392.0 100.0 notice.
5580.0 13156.0 16.0 24.0 '
5644.0 13168.0 56.0 104.0 I
5792.0 13164.0 136.0 108.0 do
6000.0 13172.0 196.0 96.0 not

4516.0 13304.0 292.0 96.0 have
4912.0 13304.0 200.0 96.0 the
5244.0 13300.0 340.0 100.0 duties
5708.0 13300.0 484.0 120.0 imposed

4516.0 13452.0 308.0 96.0 upon
4956.0 13436.0 212.0 96.0 the
5316.0 13436.0 540.0 112.0 statutory
5984.0 13436.0 212.0 112.0 city

4512.0 13564.0 488.0 100.0 solicitor
5112.0 13564.0 236.0 100.0 and
5444.0 13588.0 180.0 76.0 see
5732.0 13568.0 460.0 116.0 nothing

4516.0 13696.0 752.0 100.0 inconsistent
5340.0 13700.0 244.0 96.0 with
5660.0 13716.0 196.0 100.0 my
5928.0 13700.0 216.0 116.0 posi-

4508.0 13832.0 252.0 96.0 tion
4896.0 13832.0 124.0 96.0 of
5184.0 13832.0 588.0 116.0 rendering
5916.0 13832.0 268.0 116.0 legal

4496.0 13960.0 468.0 104.0 services
5016.0 13964.0 132.0 100.0 to
5200.0 13964.0 196.0 100.0 the
5436.0 13964.0 216.0 116.0 city
5704.0 13960.0 468.0 108.0 officials

4492.0 14096.0 124.0 96.0 in
4760.0 14112.0 180.0 96.0 my
5080.0 14096.0 420.0 116.0 private
5648.0 14096.0 520.0 116.0 capacity.

4488.0 14224.0 208.0 100.0 I'm
4780.0 14228.0 192.0 96.0 not
5060.0 14228.0 644.0 116.0 prosecutor
5788.0 14232.0 116.0 96.0 of
5980.0 14228.0 192.0 100.0 the

4488.0 14360.0 364.0 96.0 Police
4952.0 14360.0 364.0 96.0 Court
5412.0 14364.0 212.0 92.0 and
5736.0 14360.0 144.0 100.0 do
5972.0 14368.0 196.0 96.0 not

4488.0 14492.0 420.0 96.0 handle
4972.0 14512.0 336.0 80.0 cases
5372.0 14492.0 548.0 120.0 Involving
5980.0 14496.0 188.0 96.0 the

4488.0 14624.0 984.0 100.0 Commonwealth.
5644.0 14628.0 60.0 100.0 I
5820.0 14644.0 176.0 80.0 am
6104.0 14644.0 64.0 84.0 a

4488.0 14756.0 416.0 116.0 special
4964.0 14760.0 548.0 96.0 counsel."

4620.0 14916.0 192.0 96.0 Mr.
4896.0 14912.0 416.0 104.0 Davies
5392.0 14920.0 260.0 96.0 then
5748.0 14920.0 416.0 100.0 blasted

4480.0 15044.0 212.0 100.0 Mr.
4768.0 15048.0 776.0 116.0 Breckinridge
5628.0 15052.0 188.0 96.0 for
5884.0 15056.0 284.0 96.0 what

4472.0 15180.0 212.0 96.0 the
4804.0 15184.0 524.0 112.0 Newport
5444.0 15180.0 716.0 120.0 attorney

4468.0 15312.0 436.0 100.0 termed
4996.0 15316.0 216.0 96.0 Mr.
5312.0 15316.0 848.0 116.0 Breckinridge's

4472.0 15444.0 644.0 100.0 "continual
5316.0 15444.0 804.0 120.0 misinterpreta-

4472.0 15576.0 248.0 100.0 tion
4784.0 15580.0 116.0 96.0 of
4964.0 15580.0 212.0 100.0 the
5248.0 15580.0 284.0 100.0 law."

4600.0 15708.0 296.0 100.0 Prior
5036.0 15712.0 132.0 100.0 to
5320.0 15716.0 180.0 96.0 Mr.
5648.0 15712.0 460.0 100.0 Breckin-

4464.0 15840.0 404.0 116.0 ridge's
4936.0 15844.0 776.0 116.0 "suggestion"
5788.0 15852.0 116.0 96.0 to
5968.0 15848.0 184.0 100.0 the

4456.0 15976.0 356.0 96.0 Court
4972.0 15976.0 132.0 96.0 of
5292.0 15980.0 504.0 112.0 Appeals,
5960.0 15980.0 192.0 96.0 Mr.

4468.0 16108.0 640.0 104.0 Hirschfeld
5156.0 16108.0 232.0 100.0 had
5424.0 16108.0 272.0 100.0 filed
5744.0 16128.0 68.0 80.0 a
5856.0 16104.0 308.0 116.0 $250,-

4496.0 16420.0 956.0 248.0 Dynamic
5568.0 16420.0 680.0 252.0 Valley
6356.0 16424.0 572.0 204.0 News

4504.0 16804.0 1932.0 404.0 Community
6580.0 16792.0 1184.0 344.0 Shelter

4504.0 17324.0 1540.0 408.0 Proposed
6192.0 17328.0 332.0 328.0 In
6672.0 17332.0 1240.0 328.0 Kenton

4580.0 17848.0 328.0 100.0 Plans
4992.0 17848.0 136.0 100.0 to
5216.0 17848.0 288.0 96.0 build
5592.0 17868.0 72.0 80.0 a
5752.0 17848.0 376.0 112.0 $75,000

4444.0 18004.0 784.0 100.0 combination
5276.0 18008.0 860.0 116.0 community

4452.0 18164.0 344.0 100.0 bomb
4824.0 18164.0 492.0 100.0 -fallout
5404.0 18168.0 420.0 100.0 shelter
5912.0 18168.0 220.0 100.0 and

4440.0 18324.0 292.0 100.0 civic
4780.0 18324.0 664.0 100.0 auditorium
5488.0 18328.0 224.0 96.0 will
5760.0 18328.0 128.0 96.0 be
5932.0 18332.0 196.0 112.0 put

4444.0 18480.0 388.0 104.0 before
4960.0 18484.0 360.0 100.0 about
5440.0 18488.0 168.0 96.0 100
5752.0 18488.0 336.0 100.0 house-

4440.0 18640.0 644.0 104.0 holders
5152.0 18644.0 120.0 100.0 In
5336.0 18644.0 468.0 108.0 Summit
5860.0 18644.0 260.0 100.0 Hills

4440.0 18800.0 496.0 116.0 Heights,
4980.0 18804.0 216.0 112.0 Ky.
5272.0 18808.0 468.0 96.0 (Kenton
5784.0 18808.0 296.0 96.0 Coun-

4444.0 18960.0 204.0 112.0 ty),
4696.0 18964.0 116.0 96.0 at
4860.0 18980.0 64.0 80.0 a
4972.0 18964.0 496.0 116.0 meeting
5512.0 18968.0 476.0 116.0 Sunday,
6036.0 18968.0 88.0 100.0 it

4440.0 19112.0 240.0 80.0 was
4756.0 19096.0 548.0 116.0 reported.
5400.0 19100.0 720.0 96.0 Constructed

4432.0 19228.0 132.0 92.0 of
4648.0 19228.0 628.0 96.0 reinforced
5344.0 19236.0 508.0 96.0 concrete
5924.0 19248.0 148.0 80.0 un-

4432.0 19356.0 948.0 116.0 derground,
5444.0 19364.0 196.0 92.0 the
5712.0 19364.0 404.0 96.0 shelter

4436.0 19488.0 368.0 96.0 would
4864.0 19492.0 464.0 116.0 provide
5384.0 19492.0 508.0 100.0 facilities
5948.0 19496.0 168.0 96.0 for

4436.0 19624.0 352.0 92.0 about
4844.0 19624.0 240.0 92.0 1000
5152.0 19640.0 472.0 96.0 persons.
5716.0 19628.0 400.0 96.0 Tennis

4432.0 19760.0 380.0 88.0 courts
4900.0 19752.0 380.0 96.0 would
5372.0 19756.0 120.0 92.0 be
5592.0 19760.0 284.0 96.0 built
5964.0 19780.0 148.0 76.0 on

4428.0 19888.0 208.0 108.0 top
4744.0 19884.0 112.0 96.0 of
4968.0 19884.0 216.0 96.0 the
5300.0 19892.0 568.0 96.0 structure.
6008.0 19896.0 100.0 92.0 It

4424.0 20012.0 336.0 96.0 could
4804.0 20036.0 316.0 80.0 serve
5160.0 20036.0 128.0 76.0 as
5332.0 20040.0 56.0 76.0 a
5428.0 20020.0 680.0 116.0 community

4424.0 20148.0 492.0 116.0 meeting
5000.0 20156.0 408.0 92.0 center.
5520.0 20152.0 288.0 100.0 Hills
5880.0 20172.0 188.0 80.0 sur-

4428.0 20280.0 556.0 112.0 rounding
5136.0 20284.0 192.0 96.0 the
5452.0 20280.0 408.0 100.0 hollow
5988.0 20284.0 112.0 100.0 in

4420.0 20408.0 368.0 100.0 which
4840.0 20412.0 200.0 96.0 the
5100.0 20416.0 404.0 96.0 shelter
5552.0 20412.0 364.0 100.0 would
5968.0 20416.0 132.0 100.0 be

4416.0 20540.0 296.0 96.0 built
4804.0 20544.0 372.0 96.0 would
5276.0 20548.0 436.0 112.0 provide
5812.0 20544.0 240.0 100.0 addi-

4412.0 20672.0 356.0 96.0 tional
4904.0 20680.0 616.0 108.0 protection
5672.0 20680.0 428.0 112.0 against

4416.0 20804.0 280.0 96.0 heat
4824.0 20808.0 700.0 116.0 penetration
5664.0 20812.0 120.0 100.0 in
5908.0 20812.0 184.0 96.0 the

4408.0 20936.0 452.0 108.0 shelter,
4960.0 20936.0 96.0 96.0 it
5168.0 20956.0 216.0 80.0 was
5476.0 20944.0 612.0 112.0 suggested.

4412.0 21068.0 508.0 100.0 Families
4984.0 21072.0 368.0 96.0 would
5404.0 21088.0 216.0 100.0 pay
5684.0 21076.0 176.0 92.0 for
5908.0 21076.0 184.0 92.0 the

4408.0 21196.0 424.0 116.0 facility
4912.0 21204.0 492.0 112.0 through
5480.0 21204.0 604.0 100.0 sanitation

4404.0 21328.0 268.0 100.0 bills
4724.0 21336.0 104.0 92.0 at
4876.0 21348.0 64.0 80.0 a
4996.0 21352.0 256.0 80.0 rai
5300.0 21332.0 104.0 96.0 of
5452.0 21336.0 188.0 104.0 $98
5696.0 21352.0 68.0 80.0 a
5808.0 21352.0 276.0 104.0 year.

4384.0 21556.0 1136.0 248.0 Candidacy

4380.0 21864.0 192.0 200.0 Is
4664.0 21868.0 1192.0 244.0 Questioned

4520.0 22176.0 528.0 96.0 Whether
5112.0 22196.0 136.0 76.0 or
5300.0 22176.0 188.0 100.0 not
5552.0 22192.0 72.0 80.0 a
5696.0 22176.0 348.0 96.0 Frank-

4388.0 22304.0 204.0 104.0 lin.
4660.0 22308.0 300.0 112.0 Ohio,
5036.0 22312.0 236.0 112.0 city
5332.0 22308.0 440.0 100.0 council
5840.0 22328.0 200.0 80.0 can-

4388.0 22440.0 384.0 96.0 didate
4852.0 22444.0 96.0 96.0 is
5040.0 22464.0 76.0 72.0 a
5216.0 22444.0 268.0 112.0 legal
5576.0 22444.0 316.0 96.0 voter
5972.0 22444.0 112.0 96.0 in

4384.0 22572.0 268.0 96.0 that
4704.0 22576.0 212.0 112.0 city
4972.0 22572.0 276.0 112.0 and,
5300.0 22580.0 260.0 96.0 thus
5624.0 22596.0 72.0 76.0 a
5756.0 22576.0 284.0 112.0 quali-

4380.0 22700.0 244.0 100.0 fied
4680.0 22708.0 628.0 108.0 candidate,
5356.0 22712.0 212.0 92.0 will
5632.0 22712.0 284.0 96.0 have
5964.0 22716.0 116.0 92.0 to

4376.0 22836.0 148.0 92.0 be
4608.0 22836.0 452.0 100.0 decided
5148.0 22840.0 144.0 116.0 by
5356.0 22840.0 224.0 100.0 Ted
5660.0 22844.0 420.0 108.0 Brown,

4376.0 22976.0 560.0 108.0 secretary
5036.0 22972.0 132.0 96.0 of
5264.0 22976.0 308.0 104.0 state.
5676.0 22976.0 88.0 96.0 It
5860.0 22988.0 216.0 84.0 was

4372.0 23104.0 744.0 112.0 reported
5184.0 23108.0 604.0 112.0 yesterday.
5848.0 23104.0 228.0 100.0 The

4368.0 23236.0 512.0 108.0 question
4964.0 23252.0 244.0 80.0 was
5284.0 23240.0 596.0 96.0 submitted
5956.0 23240.0 116.0 96.0 to

4364.0 23368.0 220.0 96.0 Mr.
4664.0 23368.0 396.0 96.0 Brown
5148.0 23372.0 280.0 100.0 after
5500.0 23376.0 208.0 92.0 the
5792.0 23372.0 244.0 96.0 War-

4364.0 23520.0 216.0 72.0 ren
4656.0 23500.0 440.0 112.0 County
5168.0 23504.0 340.0 96.0 Board
5580.0 23500.0 140.0 100.0 of
5788.0 23504.0 236.0 96.0 Elec-

4364.0 23632.0 312.0 100.0 tions
4744.0 23632.0 332.0 100.0 could
5160.0 23644.0 192.0 88.0 not
5412.0 23636.0 396.0 100.0 decide
5876.0 23640.0 188.0 96.0 the

4360.0 23764.0 340.0 96.0 issue.
4828.0 23768.0 624.0 100.0 Candidate
5596.0 23772.0 468.0 96.0 Michael

4356.0 23896.0 500.0 104.0 Einhom
4956.0 23900.0 620.0 104.0 maintains
5688.0 23904.0 376.0 96.0 homes

4356.0 24032.0 292.0 96.0 both
4720.0 24032.0 104.0 96.0 In
4900.0 24032.0 536.0 100.0 Franklin
5508.0 24036.0 244.0 96.0 and
5820.0 24036.0 196.0 92.0 Am-

4356.0 24164.0 384.0 112.0 berley
4832.0 24168.0 436.0 108.0 Tillage
5360.0 24172.0 224.0 92.0 and
5696.0 24168.0 200.0 100.0 has
5992.0 24188.0 68.0 76.0 a

4352.0 24296.0 516.0 100.0 business
4916.0 24300.0 128.0 96.0 In
5108.0 24300.0 556.0 100.0 Franklin.
5720.0 24300.0 108.0 96.0 "I
5876.0 24320.0 180.0 76.0 am

4348.0 24448.0 76.0 76.0 a
4504.0 24432.0 236.0 96.0 Jew
4808.0 24432.0 240.0 100.0 and
5124.0 24440.0 296.0 92.0 must
5488.0 24436.0 228.0 100.0 live
5788.0 24452.0 268.0 80.0 near

6740.0 1896.0 996.0 124.0 BROWNSVILLE,
7792.0 1896.0 376.0 120.0 Tenn.,
8228.0 1896.0 272.0 104.0 Nov.
8560.0 1892.0 48.0 104.0 1
8672.0 1892.0 516.0 124.0 (Special)
9304.0 1892.0 456.0 128.0 Fasting
9816.0 1900.0 228.0 104.0 and

6480.0 2056.0 496.0 120.0 praying,
7056.0 2052.0 500.0 108.0 Maurice
7648.0 2052.0 716.0 116.0 McCrackln,
8452.0 2052.0 140.0 120.0 55,
8680.0 2056.0 636.0 120.0 suspended
9404.0 2056.0 644.0 104.0 Cincinnati

6468.0 2208.0 776.0 120.0 Presbyterian
7336.0 2208.0 556.0 116.0 minister,
7976.0 2212.0 464.0 100.0 created
8532.0 2224.0 64.0 92.0 a
8680.0 2212.0 576.0 108.0 sensation
9352.0 2212.0 116.0 108.0 In
9564.0 2212.0 480.0 108.0 General

6472.0 2372.0 504.0 104.0 Sessions
7012.0 2372.0 356.0 100.0 Court
7400.0 2372.0 280.0 100.0 here
7720.0 2372.0 360.0 120.0 today.
8124.0 2376.0 176.0 100.0 He
8344.0 2392.0 220.0 80.0 was
8600.0 2372.0 324.0 100.0 fined
8964.0 2376.0 176.0 112.0 $50
9180.0 2376.0 220.0 100.0 and
9440.0 2388.0 300.0 92.0 costs
9776.0 2396.0 148.0 80.0 on
9972.0 2392.0 72.0 84.0 a

6472.0 2532.0 512.0 124.0 loitering
7052.0 2540.0 276.0 96.0 with
7392.0 2532.0 572.0 104.0 Intention
8028.0 2532.0 124.0 100.0 of
8224.0 2532.0 484.0 128.0 peeping
8772.0 2536.0 412.0 116.0 charge
9248.0 2536.0 228.0 100.0 and
9548.0 2536.0 296.0 100.0 faces
9916.0 2536.0 124.0 104.0 35

6472.0 2700.0 280.0 120.0 days
6808.0 2696.0 116.0 104.0 In
6980.0 2700.0 212.0 108.0 the
7252.0 2700.0 688.0 108.0 Workhouse
8004.0 2696.0 180.0 104.0 for
9052.0 2720.0 16.0 100.0 ;

6464.0 2852.0 424.0 108.0 refusal
6936.0 2856.0 116.0 100.0 to
7112.0 2872.0 228.0 104.0 pay
7384.0 2860.0 116.0 100.0 it

6592.0 3016.0 156.0 96.0 As
6800.0 3012.0 136.0 100.0 he
6992.0 3016.0 240.0 100.0 had
7288.0 3012.0 292.0 108.0 done
7640.0 3036.0 288.0 80.0 once
7988.0 3016.0 140.0 100.0 be-

6460.0 3144.0 252.0 104.0 fore
6752.0 3144.0 112.0 100.0 In
6908.0 3144.0 672.0 112.0 Cincinnati,
7632.0 3148.0 204.0 104.0 the
7880.0 3144.0 244.0 120.0 paci-

6456.0 3276.0 212.0 100.0 fist
6760.0 3276.0 636.0 116.0 clergyman
7484.0 3276.0 472.0 104.0 refused
8048.0 3280.0 128.0 96.0 to

6456.0 3412.0 628.0 108.0 co-operate
7144.0 3408.0 128.0 96.0 in
7336.0 3420.0 216.0 104.0 any
7620.0 3420.0 252.0 96.0 way
7936.0 3408.0 228.0 100.0 and

6456.0 3536.0 236.0 96.0 had
6740.0 3540.0 116.0 96.0 to
6904.0 3532.0 132.0 100.0 be
7088.0 3532.0 428.0 104.0 carried
7568.0 3532.0 312.0 104.0 from
7936.0 3536.0 228.0 100.0 and

6452.0 3664.0 296.0 100.0 back
6792.0 3668.0 116.0 96.0 to
6952.0 3664.0 188.0 100.0 his
7192.0 3664.0 204.0 100.0 cell
7444.0 3668.0 124.0 100.0 In
7624.0 3668.0 208.0 100.0 the
7880.0 3664.0 236.0 116.0 Hay-

6452.0 3796.0 320.0 96.0 wood
6808.0 3792.0 452.0 124.0 County
7300.0 3788.0 216.0 120.0 Jail.

6584.0 3920.0 336.0 100.0 When
7072.0 3916.0 556.0 120.0 placed
7780.0 3916.0 388.0 104.0 before

6448.0 4056.0 364.0 116.0 judge
6864.0 4052.0 272.0 100.0 Sam
7196.0 4056.0 368.0 104.0 Lewis,
7632.0 4056.0 264.0 96.0 Rer.
7956.0 4056.0 204.0 96.0 Mr.

6448.0 4184.0 652.0 104.0 McCrackln
7244.0 4184.0 528.0 112.0 slumped
7912.0 4184.0 252.0 100.0 face

6436.0 4320.0 344.0 96.0 down
6840.0 4336.0 148.0 84.0 on
7052.0 4316.0 216.0 108.0 the
7332.0 4316.0 288.0 100.0 floor
7696.0 4316.0 232.0 104.0 and
7988.0 4332.0 128.0 84.0 re-

6444.0 4444.0 336.0 116.0 fused
6832.0 4452.0 112.0 96.0 to
6992.0 4456.0 332.0 92.0 enter
7372.0 4464.0 68.0 84.0 a
7492.0 4444.0 304.0 124.0 plea.

6500.0 4708.0 16.0 12.0 .
6580.0 4636.0 312.0 96.0 From
6940.0 4628.0 236.0 104.0 this
7228.0 4628.0 488.0 124.0 position
7764.0 4628.0 148.0 104.0 be
7960.0 4652.0 144.0 76.0 an-

6444.0 4768.0 544.0 108.0 nounced,
7076.0 4768.0 120.0 96.0 "I
7280.0 4768.0 428.0 96.0 cannot
6440.0 4784.0 1672.0 212.0 co-operate

6884.0 4900.0 120.0 96.0 in
7140.0 4916.0 228.0 92.0 any
7492.0 4912.0 260.0 100.0 way
7900.0 4896.0 252.0 96.0 with

6444.0 5028.0 632.0 116.0 something
7124.0 5028.0 52.0 96.0 I
7224.0 5024.0 320.0 104.0 think
7588.0 5024.0 112.0 104.0 is
7744.0 5044.0 408.0 96.0 wrong.

6448.0 5168.0 104.0 92.0 It
6644.0 5164.0 92.0 96.0 is
6820.0 5168.0 196.0 92.0 not
7100.0 5160.0 260.0 96.0 that
7436.0 5160.0 52.0 96.0 I
7576.0 5160.0 288.0 100.0 bold
7944.0 5160.0 200.0 100.0 the

6440.0 5296.0 324.0 96.0 court
6820.0 5292.0 116.0 100.0 in
7000.0 5288.0 716.0 120.0 disrespect."

6560.0 5480.0 312.0 96.0 After
7016.0 5476.0 212.0 100.0 the
7372.0 5476.0 260.0 100.0 trial
7796.0 5492.0 344.0 100.0 many

6428.0 5608.0 536.0 104.0 townfolk
7096.0 5608.0 608.0 116.0 expressed
7828.0 5608.0 264.0 120.0 opin-

6432.0 5744.0 260.0 96.0 ions
6784.0 5744.0 244.0 96.0 that
7128.0 5744.0 152.0 96.0 he
7372.0 5740.0 92.0 100.0 is
7564.0 5740.0 576.0 112.0 "foolish,"

6428.0 5872.0 696.0 108.0 "stubborn,"
7172.0 5880.0 316.0 108.0 "very
7528.0 5872.0 608.0 116.0 pathetic,"

6420.0 6024.0 144.0 80.0 or
6616.0 6012.0 128.0 96.0 "a
6800.0 6004.0 432.0 104.0 mental
7288.0 6004.0 356.0 100.0 case."

6552.0 6188.0 284.0 100.0 JAIL
6868.0 6188.0 700.0 100.0 ATTACHES
7608.0 6188.0 528.0 120.0 reported

6424.0 6324.0 260.0 96.0 Rev.
6740.0 6324.0 188.0 96.0 Mr.
6980.0 6320.0 664.0 100.0 McCrackln
7704.0 6328.0 212.0 96.0 has
7964.0 6340.0 116.0 80.0 re-

6424.0 6452.0 332.0 104.0 fused
6824.0 6452.0 148.0 100.0 all
7040.0 6452.0 276.0 100.0 food
7376.0 6452.0 448.0 104.0 offered
7888.0 6452.0 240.0 104.0 him

6420.0 6584.0 552.0 120.0 regularly
7112.0 6588.0 128.0 92.0 at
7352.0 6584.0 308.0 100.0 meal
7796.0 6584.0 328.0 104.0 times

6456.0 6928.0 1528.0 472.0 Furtive,
8144.0 6936.0 992.0 496.0 Busy
9296.0 6936.0 1296.0 408.0 World
10768.0 6936.0 528.0 408.0 Of
11480.0 6928.0 1848.0 408.0 Numbers
13512.0 6904.0 1376.0 408.0 Racket

6448.0 7536.0 1096.0 408.0 Faces
7720.0 7536.0 1024.0 416.0 Lean
8920.0 7544.0 1312.0 464.0 Times,
10408.0 7536.0 544.0 416.0 As
11160.0 7536.0 1024.0 408.0 Teds
12464.0 7528.0 720.0 416.0 Get
13384.0 7520.0 960.0 488.0 Busy

6548.0 8148.0 184.0 100.0 by
6804.0 8148.0 352.0 100.0 jack
7240.0 8140.0 732.0 104.0 Mcdonald

6536.0 8308.0 148.0 104.0 Of
6740.0 8308.0 224.0 100.0 The
7020.0 8304.0 548.0 120.0 Enquirer
7636.0 8308.0 300.0 100.0 Staff

6532.0 8468.0 232.0 100.0 The
6848.0 8464.0 448.0 120.0 furtive,
7384.0 8468.0 296.0 116.0 busy
7772.0 8464.0 340.0 104.0 world

6404.0 8632.0 132.0 100.0 of
6620.0 8632.0 192.0 100.0 the
6900.0 8632.0 476.0 100.0 Greater
7456.0 8628.0 660.0 100.0 Cincinnati

6396.0 8792.0 536.0 100.0 numbers
6996.0 8792.0 388.0 96.0 rackH
7440.0 8788.0 100.0 100.0 Is
7612.0 8792.0 124.0 96.0 in
7804.0 8788.0 172.0 104.0 for
8036.0 8808.0 76.0 80.0 a

6400.0 8952.0 228.0 100.0 bad
6680.0 8948.0 292.0 104.0 time.

6528.0 9116.0 228.0 100.0 The
6908.0 9116.0 268.0 100.0 first
7332.0 9108.0 772.0 120.0 Investigative

6396.0 9244.0 452.0 104.0 Federal
6980.0 9244.0 360.0 120.0 grand
7452.0 9244.0 276.0 120.0 Jury
7848.0 9264.0 260.0 80.0 ever

6400.0 9380.0 360.0 100.0 called
6812.0 9380.0 268.0 100.0 here
7144.0 9384.0 96.0 96.0 Is
7292.0 9380.0 108.0 100.0 to
7456.0 9380.0 304.0 100.0 start
7816.0 9380.0 248.0 96.0 delv-

6396.0 9516.0 204.0 112.0 ing
6664.0 9516.0 228.0 100.0 into
6956.0 9512.0 296.0 100.0 local
7312.0 9516.0 548.0 100.0 numbers
7920.0 9532.0 148.0 100.0 op-

6400.0 9648.0 488.0 104.0 erations
6964.0 9648.0 376.0 112.0 today.

6524.0 9780.0 640.0 116.0 Yesterday,
7236.0 9780.0 220.0 100.0 FBI
7524.0 9800.0 280.0 80.0 men
7884.0 9780.0 224.0 100.0 and

6396.0 9916.0 292.0 100.0 local
6804.0 9916.0 232.0 96.0 vice
7168.0 9912.0 356.0 116.0 squad
7652.0 9912.0 456.0 104.0 officers

6396.0 10048.0 628.0 116.0 reportedly
7120.0 10064.0 372.0 84.0 were
7600.0 10044.0 508.0 120.0 quizzing

6396.0 10184.0 404.0 96.0 known
6876.0 10180.0 732.0 100.0 numbers
7688.0 10180.0 420.0 116.0 figures

6396.0 10316.0 348.0 100.0 about
6852.0 10312.0 268.0 100.0 the
7240.0 10312.0 872.0 112.0 $25,00O-a-week

6396.0 10448.0 1204.0 120.0 Cincinnati-Newport
7668.0 10448.0 408.0 100.0 racket.

6528.0 10640.0 408.0 96.0 Should
7056.0 10636.0 204.0 96.0 the
7368.0 10636.0 376.0 116.0 grand
7856.0 10632.0 252.0 120.0 Jury

6392.0 10768.0 324.0 124.0 point
6768.0 10772.0 188.0 96.0 the
7016.0 10768.0 372.0 116.0 finger
7440.0 10772.0 128.0 92.0 at
7632.0 10788.0 472.0 96.0 anyone,

6508.0 15472.0 480.0 100.0 Thomas
7044.0 15476.0 132.0 96.0 D.
7228.0 15476.0 640.0 100.0 Hirschfeld

6512.0 15696.0 204.0 36.0 ...
6772.0 15632.0 316.0 120.0 steps
7152.0 15628.0 192.0 100.0 out
7400.0 15628.0 132.0 100.0 of
7596.0 15652.0 260.0 80.0 case

6340.0 15848.0 192.0 96.0 000
6584.0 15848.0 244.0 100.0 libel
6884.0 15852.0 244.0 96.0 suit
7180.0 15848.0 216.0 100.0 and
7456.0 15864.0 76.0 84.0 a
7588.0 15844.0 464.0 116.0 $100,000

6332.0 15980.0 460.0 96.0 slander
6912.0 15984.0 240.0 96.0 suit
7272.0 15980.0 460.0 120.0 against
7848.0 15984.0 200.0 96.0 Mr.

6336.0 16112.0 828.0 116.0 Breckinridge.

6308.0 17872.0 72.0 76.0 a
6456.0 17852.0 732.0 116.0 synagogue,"
7252.0 17852.0 192.0 96.0 Mr.
7532.0 17852.0 496.0 100.0 Einhom

6304.0 17984.0 248.0 100.0 told
6608.0 17988.0 192.0 96.0 the
6856.0 17980.0 360.0 104.0 board
7268.0 17988.0 120.0 96.0 of
7448.0 17988.0 580.0 96.0 elections.

6312.0 18120.0 176.0 92.0 He
6596.0 18116.0 392.0 108.0 added,
7112.0 18120.0 548.0 108.0 however,
7776.0 18124.0 252.0 92.0 that

6304.0 18248.0 540.0 116.0 although
6920.0 18244.0 192.0 104.0 his
7184.0 18252.0 244.0 92.0 wife
7508.0 18248.0 240.0 96.0 and
7816.0 18268.0 208.0 80.0 son

6300.0 18380.0 220.0 96.0 live
6568.0 18384.0 112.0 96.0 in
6728.0 18380.0 592.0 116.0 Amberley
7360.0 18380.0 468.0 116.0 Village,
7876.0 18384.0 196.0 96.0 he.

6296.0 18512.0 416.0 116.0 spends
6816.0 18532.0 328.0 84.0 more
7240.0 18512.0 552.0 116.0 nights
7900.0 18516.0 124.0 100.0 In

6300.0 18644.0 524.0 100.0 Franklin
6912.0 18648.0 296.0 96.0 than
7292.0 18648.0 144.0 96.0 he
7536.0 18648.0 272.0 104.0 does
7896.0 18648.0 124.0 100.0 In

6292.0 18780.0 184.0 96.0 his
6528.0 18780.0 572.0 100.0 Hamilton
7152.0 18780.0 448.0 116.0 County
7652.0 18780.0 360.0 100.0 home.

6280.0 19004.0 488.0 204.0 Dust
6856.0 19004.0 1072.0 252.0 Explosion

6288.0 19316.0 760.0 204.0 Wrecks
7148.0 19316.0 928.0 208.0 Elevator

6416.0 19620.0 96.0 96.0 A
6620.0 19624.0 308.0 112.0 grain
7048.0 19624.0 260.0 104.0 dust
7416.0 19624.0 588.0 120.0 explosion

6284.0 19752.0 392.0 116.0 ripped
6732.0 19760.0 496.0 112.0 through
7284.0 19780.0 68.0 76.0 a
7408.0 19756.0 320.0 116.0 huge
7788.0 19764.0 172.0 96.0 ele-

6280.0 19892.0 324.0 96.0 vator
6652.0 19896.0 584.0 108.0 yesterday
7292.0 19896.0 120.0 92.0 in
7476.0 19896.0 520.0 104.0 Decatur,

6276.0 20020.0 280.0 108.0 Ind,
6600.0 20020.0 496.0 116.0 injuring
7136.0 20024.0 264.0 100.0 nine
7440.0 20044.0 280.0 76.0 men
7768.0 20028.0 228.0 96.0 and

6272.0 20148.0 560.0 120.0 inflicting
6976.0 20156.0 356.0 116.0 heavy
7476.0 20160.0 512.0 112.0 damage.

6272.0 20284.0 320.0 100.0 None
6684.0 20288.0 116.0 92.0 of
6900.0 20288.0 212.0 96.0 the
7212.0 20288.0 524.0 108.0 workers,
7840.0 20292.0 148.0 96.0 all

6280.0 20420.0 624.0 108.0 employees
7012.0 20420.0 132.0 96.0 of
7236.0 20424.0 188.0 92.0 the
7540.0 20424.0 456.0 96.0 Central

6280.0 20548.0 292.0 112.0 Seta
6636.0 20552.0 208.0 104.0 Co..
6912.0 20568.0 240.0 80.0 was
7216.0 20552.0 452.0 116.0 Injured
7740.0 20556.0 208.0 96.0 seri-

6276.0 20680.0 352.0 112.0 ously,
6680.0 20680.0 200.0 100.0 but
6928.0 20684.0 208.0 96.0 the
7184.0 20684.0 300.0 96.0 blast
7540.0 20688.0 212.0 96.0 left
7796.0 20692.0 128.0 96.0 th

6276.0 20816.0 704.0 96.0 100-foot-tall
7180.0 20820.0 504.0 92.0 elevator
7868.0 20824.0 120.0 92.0 in

6264.0 20944.0 404.0 100.0 shreds
6712.0 20948.0 220.0 96.0 and
6988.0 20952.0 564.0 96.0 scattered
7604.0 20956.0 344.0 92.0 count-

6264.0 21076.0 228.0 96.0 less
6612.0 21080.0 460.0 100.0 bushels
7192.0 21084.0 112.0 92.0 of
7424.0 21084.0 560.0 112.0 soybeans

6276.0 21208.0 236.0 96.0 and
6568.0 21228.0 292.0 80.0 corn.
6924.0 21212.0 100.0 92.0 A
7092.0 21208.0 296.0 120.0 piece
7452.0 21216.0 136.0 96.0 of
7644.0 21216.0 344.0 96.0 metal

6264.0 21356.0 272.0 96.0 may
6600.0 21344.0 280.0 96.0 have
6948.0 21344.0 288.0 96.0 been
7304.0 21344.0 632.0 100.0 accidental-

6268.0 21472.0 116.0 112.0 ly
6448.0 21472.0 484.0 116.0 dumped
7004.0 21476.0 236.0 96.0 into
7300.0 21476.0 212.0 96.0 the
6264.0 21480.0 1728.0 220.0 14-mil-lion

6620.0 21608.0 400.0 92.0 bushel
7140.0 21608.0 504.0 96.0 elevator
7756.0 21612.0 224.0 96.0 and

6252.0 21732.0 416.0 100.0 caused
6752.0 21756.0 68.0 76.0 a
6904.0 21736.0 344.0 116.0 spark
7328.0 21740.0 128.0 92.0 to
7544.0 21740.0 184.0 96.0 set
7804.0 21744.0 168.0 96.0 off

6244.0 21872.0 204.0 92.0 the
6532.0 21868.0 380.0 112.0 highly
6992.0 21872.0 572.0 112.0 explosive
7648.0 21876.0 312.0 108.0 grain

6272.0 22000.0 296.0 104.0 dust,
6616.0 22016.0 556.0 100.0 company
7208.0 22000.0 500.0 100.0 officials
7744.0 22008.0 200.0 96.0 the-

6256.0 22128.0 404.0 100.0 orized.
6252.0 22400.0 772.0 160.0 Seminar
7120.0 22400.0 280.0 160.0 Set

6368.0 22632.0 768.0 104.0 COLUMBUS,
7192.0 22632.0 324.0 108.0 Ohio,
7576.0 22632.0 256.0 100.0 Nov.
7900.0 22628.0 48.0 100.0 1

6236.0 22776.0 168.0 84.0 upi
6540.0 22768.0 252.0 92.0 Gov.
6900.0 22760.0 432.0 100.0 DiSalle
7440.0 22764.0 224.0 92.0 has
7764.0 22780.0 140.0 80.0 an-

6232.0 22892.0 520.0 96.0 nounced
6804.0 22912.0 64.0 76.0 a
6920.0 22888.0 308.0 96.0 third
7276.0 22896.0 512.0 92.0 seminar
7832.0 22892.0 120.0 96.0 of

6228.0 23024.0 208.0 92.0 the
6488.0 23024.0 248.0 112.0 type
6784.0 23020.0 272.0 96.0 held
7108.0 23020.0 404.0 96.0 earlier
7556.0 23040.0 152.0 76.0 on
7756.0 23024.0 192.0 92.0 the

6224.0 23152.0 496.0 112.0 Bowling
6788.0 23156.0 380.0 92.0 Green
7244.0 23152.0 232.0 96.0 and
7564.0 23148.0 376.0 96.0 Miami

6232.0 23276.0 616.0 116.0 University
6908.0 23296.0 612.0 92.0 campuses
7588.0 23284.0 120.0 88.0 to
7768.0 23296.0 132.0 84.0 ex-

6244.0 23408.0 316.0 112.0 plain
6708.0 23408.0 296.0 96.0 state
7168.0 23408.0 524.0 96.0 finances
7844.0 23412.0 116.0 96.0 to

6216.0 23552.0 568.0 80.0 newsmen
6840.0 23536.0 240.0 96.0 and
7128.0 23532.0 808.0 104.0 broadcasters.

6344.0 23664.0 240.0 100.0 The
6680.0 23664.0 500.0 96.0 seminar
7268.0 23664.0 232.0 100.0 will
7608.0 23664.0 324.0 120.0 begin

6220.0 23796.0 204.0 92.0 the
6472.0 23796.0 468.0 112.0 evening
6984.0 23796.0 128.0 96.0 of
7148.0 23796.0 628.0 96.0 November
7824.0 23800.0 112.0 92.0 12

6220.0 23928.0 128.0 92.0 at
6464.0 23924.0 280.0 100.0 Ohio
6856.0 23928.0 328.0 92.0 State
7296.0 23924.0 648.0 116.0 University

6220.0 24048.0 232.0 100.0 and
6532.0 24052.0 204.0 96.0 will
6816.0 24052.0 240.0 96.0 end
7132.0 24052.0 184.0 100.0 the
7396.0 24060.0 540.0 108.0 morning

6220.0 24180.0 128.0 100.0 of
6416.0 24180.0 620.0 100.0 November
7116.0 24180.0 136.0 100.0 14.
7320.0 24184.0 344.0 96.0 when
7740.0 24188.0 200.0 92.0 the

6224.0 24308.0 444.0 116.0 general
6788.0 24308.0 564.0 116.0 assembly
7480.0 24316.0 452.0 96.0 returns

6220.0 24440.0 184.0 96.0 for
6476.0 24460.0 60.0 76.0 a
6604.0 24440.0 544.0 96.0 financial
7212.0 24440.0 472.0 96.0 session.

8360.0 2896.0 292.0 96.0 since
8712.0 2896.0 164.0 100.0 he
8936.0 2908.0 212.0 84.0 was
9208.0 2888.0 492.0 108.0 arrested
9756.0 2888.0 232.0 104.0 Sun-

8360.0 3028.0 212.0 116.0 day
8608.0 3024.0 364.0 116.0 night
9440.0 3032.0 20.0 48.0 '

8480.0 3208.0 104.0 100.0 "I
8652.0 3232.0 208.0 76.0 am
8940.0 3212.0 248.0 116.0 only
9260.0 3208.0 520.0 120.0 pleading
9848.0 3208.0 184.0 100.0 for

8352.0 3368.0 388.0 124.0 justice
8780.0 3364.0 128.0 104.0 in
8956.0 3368.0 388.0 112.0 Africa,
9388.0 3368.0 348.0 112.0 India,
9776.0 3364.0 204.0 108.0 Cin-

8352.0 3524.0 456.0 116.0 cinnati,
8960.0 3524.0 696.0 104.0 Brownsville
9724.0 3596.0 20.0 12.0 -
9792.0 3528.0 236.0 100.0 and

8348.0 3684.0 780.0 120.0 everywhere,"
9224.0 3684.0 196.0 100.0 the
9520.0 3684.0 508.0 120.0 prisoner

8352.0 3816.0 516.0 104.0 declared
8916.0 3816.0 112.0 100.0 in
9076.0 3816.0 344.0 108.0 court.

8468.0 4000.0 220.0 104.0 The
8740.0 4004.0 300.0 108.0 trial,
9168.0 4000.0 520.0 112.0 sheduled
9736.0 4000.0 176.0 104.0 for
9960.0 4004.0 60.0 100.0 2

8340.0 4152.0 108.0 104.0 p.
8504.0 4148.0 164.0 96.0 m.,
8728.0 4152.0 240.0 84.0 was
9020.0 4132.0 452.0 116.0 delayed
9528.0 4152.0 152.0 84.0 an
9728.0 4136.0 292.0 100.0 hour

8344.0 4284.0 128.0 80.0 as
8516.0 4264.0 364.0 116.0 police
8924.0 4264.0 608.0 120.0 attempted
9580.0 4268.0 116.0 96.0 to
9740.0 4284.0 280.0 80.0 coax

8336.0 4400.0 196.0 96.0 the
8588.0 4396.0 512.0 116.0 prisoner
9156.0 4400.0 120.0 96.0 to
9332.0 4412.0 684.0 104.0 accompany

8336.0 4528.0 308.0 100.0 them
8768.0 4528.0 296.0 96.0 from
9172.0 4528.0 200.0 96.0 the
9484.0 4524.0 232.0 120.0 Jail,
9824.0 4528.0 184.0 104.0 2Vi

8336.0 4656.0 368.0 100.0 blocks
8752.0 4660.0 296.0 96.0 from
9092.0 4660.0 188.0 96.0 the
9320.0 4660.0 692.0 96.0 Courthouse

8340.0 4788.0 252.0 96.0 here
8652.0 4788.0 120.0 100.0 in
8840.0 4788.0 192.0 96.0 the
9080.0 4788.0 380.0 100.0 center
9512.0 4788.0 120.0 96.0 of
9680.0 4792.0 328.0 92.0 town.

8332.0 4920.0 344.0 96.0 Three
8732.0 4920.0 456.0 96.0 officers
9244.0 4912.0 396.0 116.0 finally
9692.0 4912.0 324.0 124.0 liftjid

8336.0 5048.0 228.0 100.0 him
8620.0 5048.0 380.0 116.0 bodily
9052.0 5044.0 220.0 100.0 and
9324.0 5044.0 392.0 124.0 placed
9764.0 5048.0 248.0 100.0 him

8336.0 5176.0 108.0 96.0 In
8508.0 5192.0 64.0 80.0 a
8624.0 5176.0 464.0 116.0 waiting
9136.0 5196.0 212.0 76.0 car.

8456.0 5308.0 96.0 96.0 It
8608.0 5324.0 244.0 80.0 was
8912.0 5304.0 528.0 100.0 disclosed
9504.0 5296.0 120.0 108.0 In
9680.0 5308.0 324.0 100.0 court

8328.0 5436.0 248.0 100.0 that
8628.0 5440.0 276.0 96.0 Mrs.
8964.0 5436.0 348.0 96.0 Verna
9368.0 5432.0 496.0 116.0 Harwell,
9932.0 5452.0 68.0 80.0 a

8324.0 5580.0 364.0 100.0 young
8900.0 5556.0 504.0 104.0 widowed
9604.0 5560.0 352.0 116.0 grand-

8328.0 5692.0 472.0 108.0 mother,
8956.0 5688.0 216.0 100.0 and
9332.0 5708.0 68.0 76.0 a
9560.0 5704.0 440.0 84.0 woman

8320.0 5820.0 580.0 116.0 neighbor,
8980.0 5836.0 276.0 88.0 were
9328.0 5820.0 196.0 92.0 the
9600.0 5816.0 356.0 116.0 princi-

8324.0 5948.0 184.0 116.0 pal
8596.0 5948.0 576.0 100.0 witnesses
9260.0 5940.0 444.0 124.0 against
9792.0 5948.0 208.0 100.0 the

8320.0 6072.0 540.0 104.0 minister.

8448.0 6204.0 240.0 100.0 Rev.
8768.0 6204.0 208.0 100.0 Mr.
9048.0 6200.0 648.0 104.0 McCrackln
9760.0 6220.0 236.0 88.0 was

8324.0 6332.0 268.0 100.0 tried
8636.0 6352.0 168.0 76.0 on
8852.0 6352.0 68.0 80.0 a
8964.0 6332.0 396.0 112.0 charge
9404.0 6328.0 124.0 100.0 of
9568.0 6328.0 380.0 104.0 "loiter-

8324.0 6460.0 188.0 116.0 ing
8560.0 6460.0 280.0 100.0 with
8892.0 6452.0 544.0 108.0 intention
9492.0 6460.0 128.0 96.0 of
9668.0 6480.0 284.0 96.0 peep-

8320.0 6588.0 188.0 116.0 ing
8552.0 6588.0 232.0 100.0 and
8836.0 6584.0 472.0 124.0 spying,"
9352.0 6588.0 640.0 124.0 commonly

8312.0 8156.0 192.0 96.0 the
8604.0 8152.0 488.0 100.0 accused
9192.0 8148.0 220.0 100.0 will
9520.0 8172.0 208.0 80.0 run
9840.0 8176.0 156.0 92.0 up

8312.0 8284.0 628.0 116.0 against
9016.0 8284.0 652.0 108.0 formidable
9748.0 8304.0 248.0 80.0 new

8316.0 8416.0 448.0 100.0 Federal
8816.0 8420.0 256.0 100.0 laws
9112.0 8420.0 252.0 100.0 that
9404.0 8440.0 216.0 80.0 can
9664.0 8424.0 324.0 96.0 make

8304.0 8548.0 372.0 116.0 things
8780.0 8556.0 600.0 112.0 extremely
9476.0 8556.0 472.0 112.0 unpleas-

8304.0 8684.0 200.0 100.0 ant
8560.0 8688.0 192.0 96.0 for
8820.0 8684.0 564.0 100.0 convicted
9456.0 8692.0 532.0 96.0 numbers

8304.0 8824.0 608.0 116.0 operators.

8424.0 9008.0 216.0 96.0 The
8788.0 9028.0 244.0 80.0 new
9160.0 9012.0 264.0 100.0 laws
9560.0 9012.0 420.0 120.0 Impose

8288.0 9140.0 240.0 104.0 stiff
8564.0 9144.0 312.0 100.0 fines
8908.0 9144.0 220.0 100.0 and
9168.0 9144.0 192.0 116.0 Jail
9404.0 9152.0 584.0 96.0 sentences

8304.0 9284.0 172.0 92.0 for
8592.0 9296.0 424.0 96.0 among
9084.0 9280.0 324.0 100.0 other
9484.0 9280.0 376.0 120.0 things-

8300.0 9412.0 504.0 116.0 crossing
8876.0 9416.0 276.0 100.0 state
9228.0 9412.0 284.0 100.0 lines
9584.0 9420.0 112.0 92.0 to
9768.0 9416.0 172.0 100.0 dis-

8304.0 9548.0 400.0 100.0 tribute
8788.0 9548.0 560.0 116.0 gambling
9416.0 9552.0 564.0 116.0 proceeds;

8300.0 9684.0 516.0 112.0 carrying
8884.0 9700.0 124.0 80.0 or
9072.0 9684.0 476.0 116.0 sending
9612.0 9704.0 372.0 80.0 across

8304.0 9820.0 276.0 100.0 state
8684.0 9816.0 292.0 100.0 lines
9072.0 9820.0 472.0 108.0 records,
9640.0 9820.0 348.0 100.0 ticket

8300.0 9952.0 260.0 116.0 slips
8620.0 9972.0 140.0 76.0 or
8824.0 9952.0 316.0 100.0 other
9196.0 9952.0 268.0 100.0 data
9528.0 9956.0 268.0 96.0 used
9864.0 9956.0 120.0 100.0 In

8300.0 10088.0 568.0 108.0 numbers,
8940.0 10088.0 216.0 96.0 and
9232.0 10104.0 196.0 84.0 use
9504.0 10092.0 120.0 96.0 of
9688.0 10104.0 252.0 84.0 com-

8300.0 10220.0 780.0 112.0 munications,
9160.0 10224.0 276.0 96.0 such
9524.0 10240.0 120.0 84.0 as
9716.0 10224.0 228.0 96.0 tele-

8304.0 10352.0 460.0 120.0 phones,
8812.0 10352.0 564.0 116.0 telegraph
9420.0 10372.0 128.0 80.0 or
9584.0 10356.0 400.0 112.0 cables,

8304.0 10488.0 116.0 96.0 to
8536.0 10488.0 532.0 100.0 transmit
9192.0 10508.0 372.0 80.0 across
9688.0 10496.0 296.0 96.0 state

8300.0 10620.0 272.0 100.0 lines
8636.0 10620.0 728.0 104.0 information
9432.0 10624.0 360.0 104.0 useful
9864.0 10628.0 120.0 96.0 to

8300.0 10756.0 584.0 116.0 gamblers.

8420.0 10944.0 628.0 100.0 POSSIBLE
9148.0 10944.0 540.0 120.0 penalties
9784.0 10968.0 192.0 80.0 are

8288.0 11076.0 212.0 96.0 five
8568.0 11096.0 336.0 100.0 years
8968.0 11076.0 112.0 108.0 In
9152.0 11080.0 192.0 120.0 Jail
9424.0 11084.0 408.0 100.0 andor
9904.0 11104.0 64.0 80.0 a

8284.0 11208.0 392.0 116.0 $10,000
8756.0 11212.0 260.0 100.0 fine.

8412.0 11400.0 380.0 100.0 Seems
8856.0 11400.0 212.0 104.0 like
9124.0 11428.0 68.0 76.0 a
9256.0 11404.0 160.0 100.0 lot
9476.0 11408.0 120.0 96.0 of
9648.0 11428.0 320.0 92.0 years

8284.0 11536.0 416.0 100.0 andor
8752.0 11560.0 72.0 76.0 a
8880.0 11540.0 152.0 96.0 lot
9080.0 11540.0 120.0 96.0 of
9252.0 11544.0 436.0 112.0 money!
9748.0 11544.0 224.0 96.0 But

8276.0 11676.0 192.0 92.0 the
8516.0 11676.0 540.0 96.0 numbers
9104.0 11676.0 384.0 96.0 racket
9540.0 11676.0 92.0 96.0 is
9680.0 11696.0 64.0 76.0 a
9804.0 11680.0 160.0 96.0 lot

8276.0 11824.0 296.0 84.0 more
8624.0 11808.0 428.0 100.0 vicious
9100.0 11812.0 276.0 96.0 than
9432.0 11808.0 92.0 96.0 It
9572.0 11812.0 340.0 96.0 looks.

8404.0 11940.0 88.0 96.0 it
8544.0 11964.0 352.0 96.0 preps
8944.0 11944.0 564.0 116.0 primarily
9564.0 11964.0 144.0 80.0 on
9760.0 11948.0 200.0 92.0 the

8280.0 12096.0 260.0 96.0 poor
8648.0 12076.0 244.0 96.0 and
8992.0 12076.0 548.0 120.0 ignorant,
9648.0 12080.0 312.0 96.0 often

8284.0 12208.0 520.0 116.0 gobbling
8860.0 12232.0 148.0 92.0 up
9064.0 12236.0 64.0 72.0 a
9188.0 12208.0 476.0 116.0 family's
9716.0 12216.0 204.0 92.0 wel-

8280.0 12344.0 228.0 96.0 fare
8616.0 12364.0 416.0 92.0 money
9128.0 12344.0 120.0 96.0 in
9356.0 12344.0 408.0 116.0 steady,
9872.0 12344.0 92.0 100.0 if

8280.0 12480.0 348.0 108.0 small,
8688.0 12480.0 324.0 96.0 bites.

8396.0 12612.0 92.0 92.0 It
8544.0 12612.0 364.0 96.0 offers
8964.0 12612.0 996.0 112.0 sweepstakes-like

8272.0 12744.0 264.0 92.0 odds
8672.0 12748.0 356.0 100.0 (often
9156.0 12744.0 444.0 112.0 phony),
9724.0 12748.0 232.0 92.0 and

8268.0 12876.0 252.0 96.0 asks
8600.0 12872.0 252.0 120.0 Just
8928.0 12896.0 64.0 80.0 a
9076.0 12880.0 280.0 96.0 little
9440.0 12876.0 164.0 100.0 bit
9680.0 12880.0 120.0 96.0 at
9884.0 12900.0 68.0 76.0 a

8268.0 13012.0 260.0 96.0 time
8620.0 13016.0 308.0 92.0 from
9020.0 13016.0 188.0 92.0 the
9304.0 13012.0 388.0 96.0 bettor.
9784.0 13016.0 164.0 96.0 He

8264.0 13164.0 208.0 80.0 can
8544.0 13152.0 272.0 112.0 play
8888.0 13152.0 168.0 88.0 for
9124.0 13168.0 124.0 72.0 as
9324.0 13152.0 284.0 92.0 little
9680.0 13168.0 120.0 76.0 as
9880.0 13168.0 68.0 76.0 a

8264.0 13300.0 396.0 96.0 penny,
8744.0 13284.0 548.0 92.0 therefore
9372.0 13280.0 144.0 96.0 he
9592.0 13284.0 352.0 92.0 wants

8260.0 13424.0 120.0 88.0 to
8424.0 13424.0 248.0 108.0 play
8724.0 13432.0 320.0 96.0 every
9092.0 13424.0 228.0 104.0 day,

8376.0 13600.0 96.0 100.0 If
8556.0 13604.0 248.0 96.0 he's
8896.0 13604.0 792.0 120.0 superstitious,
9784.0 13604.0 148.0 100.0 all

8248.0 13740.0 192.0 96.0 the
8568.0 13740.0 548.0 100.0 better.
9252.0 13740.0 352.0 100.0 There
9740.0 13756.0 192.0 80.0 are

8248.0 13872.0 532.0 116.0 prophets
8916.0 13876.0 216.0 96.0 and
9268.0 13892.0 300.0 84.0 seers
9700.0 13872.0 232.0 100.0 and

8248.0 14008.0 440.0 100.0 readers
8792.0 14008.0 388.0 120.0 galore,
9272.0 14024.0 284.0 84.0 even
9644.0 14008.0 240.0 96.0 min-

8248.0 14140.0 340.0 116.0 isters,
8688.0 14140.0 128.0 100.0 to
8908.0 14144.0 252.0 116.0 help
9252.0 14140.0 240.0 100.0 him
9588.0 14144.0 344.0 96.0 select

8244.0 14276.0 192.0 96.0 the
8484.0 14276.0 376.0 116.0 magic
8916.0 14272.0 488.0 124.0 winning
9452.0 14276.0 480.0 100.0 number

8252.0 14416.0 172.0 96.0 for
8472.0 14416.0 196.0 96.0 the
8736.0 14412.0 240.0 116.0 day.

8372.0 14576.0 236.0 96.0 And
8676.0 14572.0 320.0 100.0 there
9068.0 14588.0 184.0 84.0 are
9320.0 14568.0 168.0 120.0 tip
9556.0 14572.0 372.0 100.0 sheets

8248.0 14704.0 220.0 100.0 and
8504.0 14708.0 456.0 96.0 "dream
9000.0 14708.0 400.0 96.0 books"
9440.0 14708.0 116.0 100.0 to
9600.0 14704.0 328.0 120.0 guide

8244.0 14844.0 228.0 96.0 him
8528.0 14844.0 116.0 96.0 in
8708.0 14844.0 184.0 100.0 his
8948.0 14840.0 444.0 120.0 betting.

8368.0 15032.0 132.0 96.0 Of
8564.0 15052.0 428.0 88.0 course,
9064.0 15052.0 292.0 84.0 none
9424.0 15032.0 120.0 96.0 of
9608.0 15032.0 316.0 96.0 these

8244.0 15168.0 352.0 96.0 "aids"
8684.0 15172.0 204.0 92.0 tell
8964.0 15172.0 188.0 88.0 the
9232.0 15164.0 368.0 100.0 bettor
9672.0 15168.0 256.0 96.0 that

8244.0 15304.0 188.0 92.0 the
8516.0 15300.0 292.0 100.0 odds
8896.0 15300.0 428.0 112.0 against
9416.0 15300.0 232.0 96.0 him
9732.0 15320.0 192.0 76.0 are

8244.0 15436.0 180.0 96.0 999
8480.0 15436.0 216.0 96.0 tol.
8760.0 15440.0 152.0 92.0 Or
8964.0 15436.0 244.0 92.0 that
9268.0 15436.0 92.0 96.0 if
9420.0 15432.0 140.0 100.0 he
9616.0 15432.0 312.0 112.0 wins,

8248.0 15568.0 244.0 96.0 he'll
8556.0 15572.0 144.0 92.0 be
8772.0 15564.0 248.0 124.0 paid
9084.0 15568.0 164.0 96.0 off
9316.0 15568.0 124.0 96.0 at
9500.0 15568.0 380.0 96.0 consid

8220.0 15932.0 1236.0 244.0 Community
9560.0 15928.0 792.0 244.0 Project

8280.0 16320.0 2248.0 416.0 Sharonville
10720.0 16320.0 416.0 400.0 In
11312.0 16304.0 1448.0 424.0 Shelter
12936.0 16296.0 1000.0 400.0 Race

8464.0 16940.0 932.0 104.0 SHARONVILLE
9464.0 16940.0 204.0 96.0 has
9732.0 16936.0 464.0 100.0 entered
10268.0 16936.0 192.0 96.0 the
10528.0 16928.0 408.0 100.0 fallout
11004.0 16924.0 428.0 104.0 shelter
11500.0 16940.0 288.0 80.0 race.

8224.0 17076.0 372.0 112.0 Mayor
8684.0 17076.0 376.0 96.0 James
9140.0 17076.0 116.0 92.0 N.
9348.0 17072.0 300.0 96.0 Head
9736.0 17088.0 228.0 80.0 was
10048.0 17064.0 648.0 100.0 authorized
10788.0 17056.0 520.0 116.0 Tuesday
11392.0 17056.0 120.0 96.0 to
11604.0 17056.0 192.0 116.0 get

8220.0 17208.0 236.0 92.0 cost
8536.0 17208.0 580.0 96.0 estimates
9200.0 17204.0 120.0 96.0 of
9408.0 17204.0 572.0 112.0 Including
10064.0 17200.0 204.0 96.0 the
10356.0 17192.0 544.0 124.0 proposed
10992.0 17192.0 428.0 100.0 shelter
11508.0 17184.0 124.0 100.0 in
11724.0 17204.0 64.0 80.0 a

8228.0 17336.0 460.0 108.0 $262,000
8776.0 17336.0 600.0 96.0 recreation
9460.0 17336.0 380.0 96.0 center
9920.0 17328.0 456.0 116.0 already
10452.0 17320.0 528.0 124.0 planned.

8468.0 17496.0 240.0 96.0 The
8796.0 17508.0 372.0 100.0 mayor
9244.0 17492.0 348.0 112.0 hopes
9672.0 17508.0 64.0 80.0 a
9824.0 17488.0 424.0 100.0 shelter
10332.0 17488.0 228.0 92.0 also
10648.0 17480.0 332.0 100.0 could
11068.0 17480.0 140.0 96.0 be
11292.0 17472.0 280.0 104.0 used
11664.0 17496.0 124.0 76.0 as

8232.0 17644.0 144.0 76.0 an
8436.0 17644.0 660.0 96.0 emergency
9156.0 17620.0 508.0 116.0 hospital.
9732.0 17624.0 104.0 92.0 It
9900.0 17616.0 364.0 96.0 would
10328.0 17620.0 132.0 92.0 be
10528.0 17616.0 280.0 92.0 built
10876.0 17612.0 120.0 100.0 In
11068.0 17632.0 64.0 76.0 a
11200.0 17608.0 592.0 96.0 basement

8224.0 17756.0 196.0 100.0 not
8480.0 17752.0 528.0 104.0 Included
9068.0 17756.0 116.0 96.0 in
9252.0 17752.0 460.0 112.0 original
9780.0 17748.0 328.0 120.0 plans
10176.0 17748.0 180.0 92.0 for
10416.0 17744.0 192.0 100.0 the
10676.0 17740.0 624.0 100.0 recreation
11368.0 17740.0 420.0 96.0 center.

8464.0 17888.0 244.0 96.0 The
8796.0 17884.0 236.0 104.0 idea
9112.0 17884.0 92.0 96.0 is
9284.0 17884.0 424.0 96.0 similar
9788.0 17888.0 120.0 88.0 to
9984.0 17896.0 216.0 80.0 one
10284.0 17876.0 116.0 100.0 in
10480.0 17876.0 400.0 96.0 Indian
10968.0 17872.0 216.0 112.0 HU,
11264.0 17872.0 372.0 96.0 where
11724.0 17888.0 64.0 80.0 a

8216.0 18016.0 460.0 100.0 citizens
8792.0 18012.0 628.0 104.0 committee
9532.0 18016.0 88.0 96.0 is
9728.0 18008.0 792.0 116.0 Investigating
10624.0 18008.0 196.0 96.0 the
10932.0 18024.0 204.0 76.0 use
11248.0 18004.0 116.0 96.0 of
11476.0 18004.0 272.0 92.0 base-

8220.0 18152.0 364.0 100.0 ments
8680.0 18152.0 208.0 92.0 not
8976.0 18144.0 516.0 104.0 Included
9576.0 18148.0 112.0 96.0 in
9780.0 18148.0 196.0 92.0 the
10060.0 18140.0 396.0 116.0 design
10544.0 18140.0 120.0 96.0 of
10752.0 18132.0 556.0 124.0 proposed
11396.0 18128.0 392.0 104.0 school

8212.0 18284.0 796.0 100.0 construction.

8456.0 18440.0 472.0 96.0 Terrace
9004.0 18436.0 312.0 108.0 Park,
9396.0 18428.0 492.0 104.0 believed
9968.0 18432.0 120.0 100.0 to
10164.0 18428.0 144.0 100.0 be
10384.0 18432.0 196.0 96.0 the
10660.0 18424.0 256.0 100.0 first
10996.0 18420.0 788.0 120.0 municipality

8220.0 18568.0 120.0 100.0 In
8400.0 18568.0 188.0 100.0 the
8660.0 18572.0 468.0 116.0 country
9192.0 18568.0 116.0 96.0 to
9376.0 18564.0 512.0 100.0 consider
9952.0 18580.0 68.0 84.0 a
10084.0 18560.0 700.0 112.0 community
10848.0 18556.0 412.0 100.0 fallout
11328.0 18556.0 456.0 100.0 shelter,

8212.0 18700.0 216.0 100.0 will
8492.0 18704.0 264.0 96.0 vote
8820.0 18716.0 144.0 84.0 on
9032.0 18724.0 64.0 80.0 a
9160.0 18696.0 464.0 112.0 $250,000
9684.0 18692.0 424.0 104.0 shelter
10176.0 18692.0 300.0 100.0 bond
10544.0 18692.0 296.0 96.0 issue
10908.0 18684.0 532.0 124.0 proposal
11508.0 18684.0 280.0 100.0 next

8204.0 18836.0 544.0 108.0 Tuesday.

8448.0 18960.0 660.0 120.0 Springdale
9164.0 18960.0 216.0 96.0 has
9440.0 18956.0 336.0 100.0 asked
9840.0 18956.0 176.0 100.0 for
10068.0 18952.0 404.0 104.0 citizen
10532.0 18948.0 464.0 124.0 opinion
11060.0 18968.0 148.0 80.0 on
11272.0 18948.0 512.0 100.0 whether

8204.0 19096.0 96.0 96.0 It
8344.0 19092.0 408.0 104.0 should
8804.0 19096.0 292.0 96.0 build
9152.0 19112.0 64.0 76.0 a
9268.0 19088.0 692.0 116.0 community
10004.0 19088.0 428.0 100.0 shelter
10480.0 19104.0 128.0 80.0 or
10656.0 19088.0 312.0 96.0 leave
11024.0 19084.0 200.0 96.0 the
11276.0 19080.0 496.0 100.0 decision

8204.0 19228.0 124.0 100.0 to
8384.0 19228.0 188.0 96.0 the
8640.0 19224.0 644.0 100.0 Individual.

8436.0 19356.0 132.0 100.0 In
8672.0 19360.0 328.0 92.0 other
9088.0 19348.0 692.0 104.0 Sharonville
9880.0 19348.0 408.0 112.0 action.
10384.0 19344.0 460.0 100.0 Council
10944.0 19340.0 660.0 104.0 authorized
11708.0 19360.0 68.0 80.0 a

8192.0 19504.0 240.0 80.0 new
8496.0 19504.0 424.0 80.0 census
8988.0 19488.0 120.0 96.0 to
9180.0 19484.0 468.0 96.0 recheck
9720.0 19484.0 204.0 96.0 the
10008.0 19484.0 244.0 96.0 1960
10328.0 19476.0 456.0 104.0 Federal
10860.0 19496.0 444.0 76.0 census.
11384.0 19476.0 392.0 112.0 Mayor

8200.0 19616.0 296.0 100.0 Head
8568.0 19620.0 488.0 100.0 believes
9124.0 19616.0 196.0 100.0 the
9392.0 19616.0 652.0 120.0 population
10116.0 19608.0 476.0 104.0 exceeds
10664.0 19612.0 248.0 96.0 6000
10988.0 19624.0 504.0 104.0 persons,
11572.0 19608.0 204.0 96.0 but

8196.0 19752.0 196.0 96.0 the
8460.0 19752.0 436.0 96.0 official
8964.0 19764.0 400.0 84.0 census
9436.0 19752.0 488.0 92.0 counted
9988.0 19752.0 276.0 104.0 only
10336.0 19752.0 272.0 88.0 4300.

8436.0 19880.0 244.0 96.0 The
8756.0 19896.0 376.0 96.0 mayor
9200.0 19876.0 388.0 100.0 makes
9652.0 19880.0 204.0 92.0 the
9928.0 19872.0 620.0 120.0 prediction
10624.0 19888.0 148.0 80.0 on
10848.0 19872.0 208.0 96.0 the
11124.0 19868.0 304.0 100.0 basis
11500.0 19864.0 128.0 100.0 of
11700.0 19884.0 68.0 84.0 a

8192.0 20008.0 404.0 100.0 known
8684.0 20016.0 344.0 92.0 count
9104.0 20008.0 120.0 96.0 of
9316.0 20008.0 240.0 96.0 1760
9628.0 20008.0 424.0 96.0 homes.
10136.0 20008.0 168.0 92.0 He
10388.0 20000.0 364.0 104.0 added
10836.0 20004.0 268.0 96.0 that
11184.0 20004.0 588.0 112.0 corporate

8192.0 20140.0 260.0 100.0 land
8516.0 20160.0 276.0 80.0 area
8852.0 20144.0 196.0 100.0 has
9112.0 20140.0 620.0 116.0 multiplied
9808.0 20140.0 112.0 96.0 10
9976.0 20136.0 376.0 104.0 times:
10416.0 20132.0 668.0 120.0 population
11148.0 20128.0 220.0 100.0 five
11432.0 20128.0 336.0 96.0 times

8196.0 20272.0 216.0 96.0 and
8500.0 20280.0 208.0 92.0 tax
8796.0 20272.0 552.0 116.0 duplicate
9440.0 20272.0 120.0 96.0 30
9640.0 20268.0 336.0 100.0 times
10060.0 20264.0 412.0 120.0 during
10560.0 20264.0 184.0 100.0 his
10832.0 20276.0 660.0 100.0 seven-year
11584.0 20260.0 140.0 96.0 ad-

8184.0 20400.0 788.0 100.0 ministration.
8428.0 20532.0 612.0 116.0 Primarily,
9096.0 20548.0 68.0 80.0 a
9216.0 20548.0 248.0 80.0 new
9516.0 20548.0 404.0 80.0 census
9976.0 20532.0 92.0 96.0 is
10124.0 20524.0 548.0 100.0 desirable
10728.0 20528.0 120.0 96.0 to
10904.0 20520.0 548.0 104.0 establish
11504.0 20520.0 260.0 96.0 that

8184.0 20664.0 700.0 96.0 Sharonville
8964.0 20664.0 208.0 96.0 has
9256.0 20664.0 472.0 96.0 reached
9820.0 20664.0 244.0 92.0 5000
10148.0 20656.0 696.0 120.0 population,
10932.0 20656.0 372.0 96.0 which
11392.0 20652.0 372.0 96.0 would

8192.0 20800.0 232.0 108.0 give
8484.0 20796.0 88.0 92.0 it
8632.0 20796.0 236.0 108.0 city
8920.0 20792.0 388.0 96.0 status.
9372.0 20792.0 96.0 92.0 A
9520.0 20808.0 396.0 96.0 survey
9972.0 20788.0 224.0 96.0 will
10260.0 20796.0 236.0 88.0 cost
10552.0 20792.0 316.0 108.0 $1000
10924.0 20788.0 128.0 96.0 to
11112.0 20784.0 340.0 108.0 $1200.

8424.0 20920.0 472.0 100.0 Council
8968.0 20928.0 236.0 92.0 also
9272.0 20920.0 512.0 96.0 awarded
9856.0 20940.0 68.0 80.0 a
9992.0 20920.0 408.0 108.0 $23,000
10468.0 20920.0 520.0 96.0 contract
11064.0 20924.0 120.0 92.0 to
11252.0 20916.0 304.0 96.0 John
11636.0 20912.0 116.0 96.0 R.

8184.0 21052.0 636.0 112.0 Jurgensen
8888.0 21052.0 212.0 104.0 Co..
9172.0 21052.0 584.0 108.0 Newtown,
9836.0 21056.0 116.0 88.0 to
10028.0 21052.0 528.0 112.0 blacktop
10632.0 21072.0 68.0 76.0 a
10776.0 21048.0 276.0 96.0 mile
11128.0 21048.0 432.0 96.0 stretch
11636.0 21040.0 124.0 104.0 of

8180.0 21188.0 440.0 92.0 Cornell
8696.0 21184.0 304.0 96.0 Road
9068.0 21180.0 360.0 100.0 inside
9500.0 21184.0 184.0 96.0 the
9752.0 21180.0 400.0 116.0 village
10224.0 21180.0 376.0 96.0 limits.

8220.0 21408.0 516.0 196.0 Asks
8848.0 21400.0 904.0 252.0 Sanitary
9864.0 21404.0 652.0 248.0 Dump
10628.0 21396.0 672.0 208.0 Check

8420.0 21708.0 1044.0 96.0 COMMISSIONER
9516.0 21708.0 476.0 100.0 Vincent
10044.0 21708.0 128.0 96.0 H.
10236.0 21704.0 568.0 100.0 Beckman
10864.0 21704.0 224.0 100.0 has
11144.0 21704.0 348.0 100.0 asked
11552.0 21704.0 196.0 100.0 the

8176.0 21844.0 412.0 108.0 county
8672.0 21844.0 732.0 112.0 prosecutor's
9480.0 21840.0 336.0 96.0 office
9896.0 21840.0 180.0 96.0 for
10152.0 21856.0 152.0 80.0 an
10384.0 21840.0 460.0 112.0 opinion
10928.0 21836.0 132.0 96.0 of
11136.0 21836.0 340.0 100.0 who's
11556.0 21856.0 148.0 76.0 au-

8184.0 21972.0 412.0 112.0 thority
8676.0 21972.0 92.0 96.0 it
8840.0 21968.0 88.0 96.0 Is
9180.0 21972.0 92.0 92.0 If
9344.0 21968.0 308.0 96.0 there
9732.0 21972.0 100.0 96.0 is
9904.0 21988.0 148.0 80.0 an
10128.0 21968.0 572.0 116.0 authority
10968.0 21972.0 124.0 92.0 to
11164.0 21968.0 580.0 96.0 eliminate

8168.0 22116.0 288.0 96.0 open
8532.0 22096.0 420.0 116.0 dumps
9024.0 22100.0 112.0 96.0 In
9216.0 22100.0 196.0 96.0 the
9488.0 22108.0 440.0 108.0 county.

8412.0 22228.0 196.0 96.0 His
8720.0 22232.0 436.0 108.0 request
9252.0 22224.0 508.0 104.0 followed
9868.0 22228.0 916.0 100.0 announcement
10884.0 22228.0 268.0 96.0 that
11248.0 22228.0 496.0 100.0 Thomas

8172.0 22356.0 352.0 104.0 Clark.
8592.0 22356.0 492.0 116.0 Kemper
9144.0 22356.0 344.0 112.0 Road,
9552.0 22360.0 732.0 104.0 Sharonville.
10344.0 22380.0 272.0 80.0 soon
10692.0 22360.0 216.0 96.0 will
10984.0 22380.0 296.0 100.0 open
11352.0 22380.0 152.0 80.0 an
11576.0 22360.0 120.0 100.0 In-

8168.0 22488.0 568.0 92.0 cinerator
8796.0 22488.0 256.0 96.0 with
9120.0 22508.0 64.0 76.0 a
9256.0 22488.0 796.0 116.0 250-ton-a-day
10116.0 22492.0 540.0 112.0 capacity.

8412.0 22616.0 272.0 96.0 Now
8756.0 22616.0 244.0 100.0 that
9076.0 22632.0 404.0 100.0 proper
9544.0 22620.0 520.0 96.0 facilities
10140.0 22620.0 220.0 96.0 will
10436.0 22620.0 136.0 96.0 be
10648.0 22620.0 584.0 108.0 available,
11304.0 22620.0 96.0 104.0 it
11476.0 22640.0 264.0 96.0 may

8160.0 22740.0 148.0 100.0 be
8376.0 22744.0 256.0 96.0 that
8712.0 22744.0 432.0 96.0 landfill
9220.0 22756.0 572.0 108.0 operators
9872.0 22752.0 216.0 96.0 will
10168.0 22748.0 288.0 100.0 have
10524.0 22756.0 124.0 96.0 to
10728.0 22752.0 332.0 100.0 abide
11136.0 22752.0 144.0 112.0 by
11356.0 22768.0 68.0 80.0 a
8168.0 22756.0 3572.0 228.0 1W-year-old

8744.0 22876.0 348.0 96.0 Board
9172.0 22880.0 116.0 92.0 of
9364.0 22876.0 400.0 100.0 Health
9844.0 22880.0 332.0 96.0 order
10248.0 22888.0 120.0 88.0 to
10440.0 22884.0 276.0 96.0 shut
10788.0 22884.0 364.0 92.0 down.
11232.0 22884.0 224.0 96.0 But
11528.0 22888.0 204.0 92.0 the

8164.0 23008.0 740.0 92.0 Commission
8976.0 23012.0 92.0 96.0 is
9136.0 23012.0 204.0 92.0 not
9412.0 23012.0 420.0 96.0 certain
9908.0 23012.0 248.0 96.0 who
10232.0 23012.0 212.0 100.0 has
10512.0 23016.0 200.0 96.0 the
10784.0 23012.0 608.0 116.0 authority.

8196.0 23228.0 1148.0 252.0 Springdale
9456.0 23232.0 592.0 204.0 Seeks
10160.0 23236.0 724.0 208.0 Names

8392.0 23540.0 288.0 96.0 BOB
8780.0 23536.0 580.0 108.0 SIEFERT.
9448.0 23544.0 304.0 96.0 clerk
9848.0 23544.0 120.0 96.0 or
10068.0 23544.0 696.0 116.0 Springdale,
10868.0 23548.0 100.0 96.0 Is
11068.0 23544.0 656.0 120.0 examining

8148.0 23664.0 388.0 116.0 village
8656.0 23668.0 496.0 100.0 archives
9252.0 23672.0 180.0 96.0 for
9524.0 23692.0 400.0 80.0 names
10020.0 23680.0 128.0 92.0 of
10252.0 23676.0 472.0 112.0 original
10832.0 23676.0 548.0 100.0 founders
11488.0 23680.0 232.0 96.0 and

8148.0 23796.0 444.0 100.0 settlers
8676.0 23800.0 116.0 96.0 In
8864.0 23804.0 324.0 96.0 order
9264.0 23808.0 120.0 88.0 to
9452.0 23824.0 340.0 80.0 name
9864.0 23808.0 408.0 100.0 streets
10352.0 23812.0 296.0 96.0 after
10720.0 23808.0 328.0 100.0 them
11128.0 23812.0 120.0 100.0 In
11324.0 23808.0 396.0 100.0 future

8140.0 23928.0 812.0 116.0 development

8384.0 24060.0 148.0 96.0 As
8600.0 24072.0 76.0 80.0 a
8736.0 24060.0 336.0 96.0 result
9128.0 24060.0 124.0 100.0 of
9312.0 24060.0 192.0 104.0 the
9560.0 24068.0 364.0 112.0 study,
9988.0 24084.0 64.0 80.0 a
10116.0 24072.0 348.0 96.0 street
10524.0 24068.0 124.0 104.0 In
10704.0 24068.0 204.0 100.0 the
10972.0 24088.0 252.0 84.0 new
11280.0 24072.0 432.0 116.0 Village

8132.0 24184.0 516.0 100.0 Orchard
8724.0 24192.0 692.0 100.0 Subdivision
9496.0 24200.0 208.0 96.0 will
9788.0 24204.0 136.0 92.0 be
9996.0 24200.0 416.0 96.0 named
10492.0 24204.0 544.0 108.0 Baldwin,
11116.0 24204.0 300.0 96.0 after
11488.0 24224.0 224.0 80.0 one

8124.0 24320.0 136.0 92.0 of
8352.0 24316.0 192.0 96.0 the
8664.0 24320.0 460.0 116.0 original
9232.0 24324.0 560.0 120.0 planners.
9900.0 24332.0 664.0 120.0 Springdale
10668.0 24352.0 232.0 84.0 was
11008.0 24336.0 700.0 100.0 established

8128.0 24444.0 124.0 100.0 in
8320.0 24448.0 260.0 96.0 1309.

11584.0 4144.0 232.0 344.0 y

11536.0 4520.0 24.0 32.0 .:
11692.0 4512.0 4.0 8.0 1
11720.0 4512.0 60.0 40.0 W

11128.0 4664.0 752.0 448.0 m

10272.0 5272.0 256.0 100.0 Rev.
10592.0 5272.0 496.0 100.0 Maurice
11152.0 5272.0 660.0 108.0 McCrackln
11868.0 5360.0 12.0 16.0 .

10380.0 5516.0 28.0 32.0 .
10476.0 5512.0 32.0 40.0 .
10564.0 5516.0 28.0 36.0 .
10652.0 5436.0 332.0 116.0 won't
11048.0 5452.0 644.0 116.0 co-operate

10176.0 5708.0 496.0 100.0 referred
10792.0 5712.0 120.0 100.0 to
11028.0 5708.0 272.0 104.0 here
11428.0 5728.0 128.0 80.0 as
11680.0 5708.0 200.0 104.0 the

10172.0 5864.0 556.0 120.0 "Peeping
10784.0 5868.0 280.0 100.0 Tom
11132.0 5864.0 508.0 120.0 charge."

10304.0 6080.0 320.0 96.0 MRS.
10672.0 6076.0 664.0 104.0 HARWELL
11388.0 6076.0 232.0 104.0 and
11676.0 6076.0 212.0 104.0 her

10172.0 6208.0 552.0 116.0 neighbor
10912.0 6208.0 504.0 100.0 testified
11612.0 6204.0 276.0 120.0 they

10172.0 6356.0 288.0 76.0 were
10616.0 6336.0 652.0 116.0 frightened
11416.0 6336.0 468.0 116.0 Sunday

10172.0 6464.0 336.0 112.0 night
10604.0 6468.0 328.0 96.0 when
11036.0 6468.0 280.0 116.0 they
11416.0 6484.0 232.0 80.0 saw
11748.0 6464.0 136.0 104.0 "a

10172.0 6596.0 460.0 112.0 strange
10708.0 6612.0 272.0 84.0 man
11068.0 6600.0 192.0 112.0 get
11332.0 6596.0 204.0 100.0 out
11608.0 6592.0 128.0 100.0 of
11812.0 6608.0 72.0 84.0 a

10108.0 8304.0 964.0 152.0 Cincinnati
11208.0 8300.0 736.0 184.0 Enquirer

10144.0 9912.0 296.0 112.0 Page
10504.0 9908.0 60.0 100.0 S

10432.0 10088.0 612.0 124.0 Thursday,
11104.0 10088.0 260.0 100.0 Nov.
11420.0 10080.0 96.0 120.0 2,
11580.0 10076.0 240.0 108.0 1961

10152.0 10500.0 384.0 116.0 erably
10620.0 10496.0 336.0 96.0 lower
11040.0 10492.0 284.0 100.0 odds
11512.0 10508.0 312.0 80.0 some-

10156.0 10636.0 332.0 96.0 times
10544.0 10632.0 264.0 112.0 only
10868.0 10628.0 60.0 100.0 3
10988.0 10628.0 124.0 96.0 to
11172.0 10628.0 92.0 100.0 1.

10276.0 10820.0 268.0 96.0 THE
10620.0 10812.0 552.0 100.0 YEARLY
11248.0 10804.0 392.0 104.0 "take"
11716.0 10804.0 144.0 116.0 by

10144.0 10952.0 200.0 96.0 the
10448.0 10940.0 904.0 124.0 Newport-based
11464.0 10932.0 396.0 104.0 racket

10152.0 11080.0 92.0 100.0 Is
10296.0 11076.0 244.0 104.0 said
10588.0 11076.0 116.0 100.0 to
10760.0 11076.0 132.0 100.0 be
10944.0 11068.0 352.0 104.0 about
11340.0 11068.0 220.0 112.0 $1.5
11612.0 11064.0 196.0 96.0 mil-

10144.0 11208.0 240.0 100.0 lion
10452.0 11224.0 284.0 92.0 now,
10812.0 11200.0 424.0 120.0 largely
11308.0 11188.0 548.0 108.0 collected

10144.0 11340.0 300.0 96.0 from
10532.0 11328.0 700.0 104.0 low-income
11320.0 11344.0 328.0 80.0 areas
11732.0 11320.0 124.0 104.0 of

10140.0 11464.0 676.0 104.0 Cincinnati.

10264.0 11652.0 232.0 96.0 The
10624.0 11648.0 392.0 100.0 "take"
11144.0 11668.0 224.0 72.0 was
11496.0 11640.0 352.0 96.0 much

10140.0 11784.0 404.0 112.0 higher
10588.0 11780.0 324.0 96.0 three
10968.0 11796.0 328.0 96.0 years
11344.0 11792.0 244.0 92.0 ago,
11648.0 11772.0 204.0 92.0 but

10140.0 11912.0 436.0 116.0 slaying
10644.0 11912.0 120.0 96.0 of
10824.0 11928.0 64.0 76.0 a
10952.0 11908.0 292.0 96.0 local
11304.0 11900.0 548.0 96.0 numbers

10140.0 12064.0 364.0 92.0 queen
10696.0 12036.0 228.0 96.0 and
11116.0 12036.0 216.0 96.0 two
10132.0 12048.0 1672.0 220.0 numbers-connected

11252.0 12156.0 592.0 116.0 bombings

10136.0 12300.0 492.0 112.0 brought
10668.0 12296.0 492.0 112.0 tougher
11200.0 12284.0 648.0 108.0 Cincinnati

10136.0 12428.0 556.0 120.0 penalties
10748.0 12428.0 232.0 92.0 and
11040.0 12420.0 544.0 116.0 cramped
11644.0 12420.0 200.0 96.0 the

10132.0 12560.0 540.0 96.0 numbers
10736.0 12556.0 416.0 96.0 action.

10252.0 12740.0 364.0 100.0 Police
10708.0 12736.0 528.0 100.0 estimate
11328.0 12728.0 196.0 96.0 the
11620.0 12720.0 216.0 112.0 $1.5

10124.0 12868.0 432.0 104.0 million
10724.0 12868.0 96.0 96.0 is
10984.0 12860.0 376.0 100.0 culled
11536.0 12852.0 304.0 104.0 from

10120.0 13004.0 460.0 100.0 suckers
10648.0 12996.0 148.0 120.0 by
10868.0 12992.0 344.0 100.0 fewer
11280.0 12992.0 288.0 92.0 than
11652.0 12988.0 180.0 96.0 100

10116.0 13128.0 544.0 100.0 numbers
10780.0 13120.0 640.0 112.0 employees
11540.0 13136.0 288.0 76.0 now.

10112.0 13260.0 364.0 96.0 These
10536.0 13252.0 448.0 100.0 include
11044.0 13252.0 432.0 96.0 writers
11536.0 13244.0 292.0 104.0 (sell-

10112.0 13400.0 256.0 88.0 ers),
10464.0 13384.0 392.0 104.0 clerks,
10960.0 13384.0 416.0 100.0 tellers,
11488.0 13384.0 340.0 88.0 hook-

10108.0 13520.0 500.0 112.0 keepers,
10712.0 13508.0 396.0 124.0 payoff
11212.0 13524.0 268.0 80.0 men
11588.0 13500.0 232.0 100.0 and

10108.0 13664.0 592.0 84.0 overseers.

10232.0 13828.0 344.0 100.0 LAST
10664.0 13824.0 432.0 112.0 WEEK,
11192.0 13840.0 68.0 84.0 a
11348.0 13812.0 468.0 104.0 Federal

10108.0 13960.0 360.0 120.0 grand
10580.0 13952.0 260.0 120.0 Jury
10956.0 13956.0 124.0 96.0 at
11196.0 13948.0 620.0 112.0 Lexington

10104.0 14088.0 348.0 104.0 noted
10500.0 14084.0 116.0 100.0 in
10668.0 14108.0 72.0 76.0 a
10784.0 14084.0 384.0 116.0 report
11216.0 14100.0 148.0 76.0 on
11412.0 14076.0 360.0 104.0 North-

10104.0 14240.0 208.0 76.0 ern
10392.0 14216.0 600.0 112.0 Kentucky
11080.0 14208.0 236.0 100.0 vice
11404.0 14208.0 92.0 96.0 it
11584.0 14204.0 228.0 96.0 had

10100.0 14344.0 736.0 104.0 information
10900.0 14344.0 260.0 96.0 that
11216.0 14356.0 68.0 80.0 a
11336.0 14336.0 476.0 108.0 $300,000

10104.0 14476.0 508.0 112.0 building
10732.0 14492.0 232.0 80.0 was
11092.0 14468.0 332.0 116.0 being
11548.0 14484.0 216.0 76.0 con-

10096.0 14604.0 504.0 104.0 structed
10752.0 14600.0 116.0 100.0 in
11020.0 14596.0 524.0 116.0 Newport
11692.0 14592.0 116.0 96.0 to

10096.0 14740.0 360.0 96.0 house
10536.0 14732.0 196.0 100.0 the
10820.0 14728.0 364.0 100.0 area's
11264.0 14724.0 540.0 100.0 numbers

10096.0 14864.0 840.0 116.0 headquarters.

10224.0 15048.0 328.0 96.0 Aside
10652.0 15044.0 296.0 100.0 from
11048.0 15036.0 596.0 112.0 reflecting
11736.0 15056.0 68.0 76.0 a

10092.0 15176.0 432.0 100.0 certain
10664.0 15172.0 580.0 120.0 optimism
11384.0 15184.0 424.0 96.0 among

10096.0 15308.0 540.0 96.0 numbers
10772.0 15304.0 428.0 112.0 figures
11340.0 15296.0 124.0 100.0 in
11604.0 15296.0 200.0 96.0 the

10096.0 15440.0 316.0 92.0 wake
10460.0 15436.0 124.0 96.0 of
10636.0 15432.0 196.0 100.0 the
10884.0 15432.0 568.0 96.0 Northern
11512.0 15424.0 248.0 96.0 Ken-

10096.0 15568.0 344.0 116.0 tucky
10568.0 15564.0 424.0 96.0 reform
11128.0 15552.0 680.0 112.0 movement,

12104.0 1900.0 456.0 116.0 strange
12636.0 1896.0 256.0 104.0 car"
12964.0 1896.0 108.0 104.0 in
13152.0 1896.0 216.0 104.0 the
13448.0 1900.0 336.0 100.0 street

12104.0 2028.0 536.0 104.0 beside
12808.0 2028.0 240.0 96.0 Mrs.
13224.0 2032.0 564.0 100.0 Harwell's

12096.0 2160.0 372.0 116.0 home,
12628.0 2156.0 360.0 96.0 where
13140.0 2160.0 224.0 100.0 she
13516.0 2156.0 268.0 104.0 lives

12100.0 2288.0 360.0 100.0 alone.
12680.0 2288.0 300.0 116.0 They
13176.0 2288.0 260.0 100.0 said
13636.0 2288.0 148.0 100.0 he

12100.0 2412.0 480.0 104.0 climbed
12708.0 2432.0 148.0 84.0 an
12968.0 2420.0 816.0 96.0 embankment

12096.0 2544.0 424.0 116.0 nearby
12632.0 2540.0 232.0 104.0 and
12964.0 2544.0 392.0 100.0 "stood
13464.0 2544.0 308.0 104.0 there

12100.0 2676.0 468.0 116.0 turning
12744.0 2672.0 172.0 100.0 his
13080.0 2672.0 316.0 104.0 head
13560.0 2672.0 216.0 104.0 like

12100.0 2804.0 564.0 116.0 watching
12720.0 2800.0 220.0 104.0 and
12992.0 2800.0 548.0 116.0 looking."

12224.0 2940.0 236.0 96.0 The
12540.0 2932.0 544.0 116.0 arresting
13176.0 2932.0 612.0 116.0 officer,

12096.0 3068.0 640.0 116.0 patrolman
12808.0 3064.0 368.0 104.0 James
13256.0 3064.0 528.0 104.0 Sullivan,

12092.0 3200.0 500.0 100.0 testified
12684.0 3200.0 144.0 100.0 he
12916.0 3196.0 216.0 96.0 had
13228.0 3216.0 276.0 80.0 seen
13592.0 3196.0 188.0 96.0 the

12096.0 3332.0 520.0 100.0 minister
12652.0 3324.0 464.0 120.0 walking
13160.0 3328.0 348.0 100.0 about
13548.0 3340.0 196.0 100.0 pre-

12100.0 3460.0 420.0 116.0 viously
12584.0 3460.0 260.0 108.0 and,
12900.0 3460.0 108.0 92.0 in
13068.0 3472.0 540.0 96.0 response
13668.0 3456.0 112.0 96.0 to

12088.0 3592.0 260.0 100.0 Mrs.
12476.0 3584.0 548.0 108.0 Harwell's
13144.0 3584.0 640.0 120.0 neighbor's

12088.0 3724.0 220.0 100.0 call
12364.0 3720.0 176.0 104.0 for
12592.0 3720.0 348.0 116.0 police
12992.0 3716.0 216.0 108.0 aid.
13268.0 3720.0 236.0 100.0 also
13556.0 3728.0 224.0 84.0 saw

12088.0 3852.0 244.0 100.0 him
12452.0 3848.0 576.0 116.0 observing
13160.0 3848.0 212.0 100.0 the
13492.0 3860.0 244.0 84.0 com-

12088.0 3984.0 612.0 124.0 plainant's
12748.0 3984.0 364.0 100.0 house.

12208.0 4180.0 356.0 116.0 Judge
12604.0 4176.0 332.0 104.0 Lewis
12972.0 4176.0 368.0 100.0 found
13380.0 4176.0 188.0 96.0 the
13604.0 4168.0 140.0 96.0 de-

12088.0 4316.0 480.0 100.0 fendant
12656.0 4316.0 336.0 116.0 guilty
13076.0 4332.0 132.0 80.0 as
13292.0 4304.0 484.0 116.0 charged

12088.0 4448.0 228.0 100.0 and
12376.0 4448.0 508.0 116.0 imposed
12940.0 4464.0 68.0 80.0 a
13068.0 4440.0 256.0 100.0 fine
13388.0 4440.0 116.0 100.0 of
13564.0 4436.0 212.0 96.0 150.

12084.0 4580.0 256.0 124.0 plus
12400.0 4576.0 188.0 112.0 $20
12652.0 4576.0 316.0 96.0 costs.
13036.0 4612.0 40.0 80.0 ;

12208.0 4764.0 396.0 100.0 Before
12684.0 4760.0 312.0 100.0 court
13064.0 4752.0 476.0 124.0 opened,
13620.0 4772.0 152.0 84.0 an

12076.0 4896.0 552.0 112.0 attorney,
12700.0 4892.0 192.0 104.0 Lib
12964.0 4888.0 804.0 116.0 Birmingham,

12068.0 5028.0 132.0 100.0 of
12276.0 5024.0 520.0 112.0 Jackson,
12868.0 5020.0 228.0 100.0 told
13172.0 5020.0 212.0 100.0 the
13460.0 5016.0 312.0 100.0 court

12072.0 5160.0 152.0 96.0 he
12324.0 5156.0 228.0 100.0 had
12652.0 5156.0 276.0 96.0 been
13020.0 5148.0 512.0 116.0 engaged
13628.0 5148.0 140.0 112.0 by

12076.0 5288.0 428.0 100.0 friends
12584.0 5284.0 124.0 96.0 of
12784.0 5284.0 188.0 96.0 the
13052.0 5280.0 520.0 96.0 minister
13648.0 5280.0 116.0 92.0 to

12068.0 5416.0 584.0 116.0 represent
12688.0 5412.0 256.0 100.0 him.
12984.0 5412.0 552.0 104.0 However,
13576.0 5408.0 188.0 92.0 the

12072.0 5548.0 404.0 116.0 lawyer
12572.0 5544.0 244.0 100.0 said
12908.0 5544.0 240.0 92.0 Rev.
13252.0 5540.0 204.0 96.0 Mr.
13548.0 5532.0 172.0 100.0 Mc-

12080.0 5672.0 484.0 104.0 Crackln
12676.0 5672.0 236.0 100.0 had
13012.0 5664.0 464.0 104.0 refused
13580.0 5664.0 180.0 96.0 his

12068.0 5804.0 504.0 104.0 services.

12196.0 5932.0 424.0 100.0 Sheriff
12684.0 5932.0 104.0 96.0 S.
12852.0 5928.0 104.0 100.0 T.
13016.0 5928.0 452.0 100.0 Hunter
13524.0 5916.0 236.0 108.0 said

12060.0 6064.0 264.0 100.0 that
12428.0 6068.0 336.0 96.0 when
12872.0 6060.0 244.0 96.0 Rev.
13236.0 6060.0 200.0 92.0 Mr.
13544.0 6052.0 168.0 100.0 Mc-

12064.0 6192.0 480.0 100.0 Crackln
12624.0 6188.0 356.0 100.0 would
13052.0 6188.0 220.0 96.0 not
13356.0 6184.0 172.0 116.0 get
13608.0 6200.0 148.0 96.0 up

12064.0 6328.0 300.0 100.0 from
12432.0 6324.0 184.0 100.0 his
12688.0 6320.0 300.0 100.0 bunk
13052.0 6316.0 124.0 100.0 In
13252.0 6316.0 200.0 96.0 the
13520.0 6312.0 236.0 108.0 cell,

12060.0 6476.0 76.0 80.0 e
12180.0 6452.0 580.0 124.0 physician
12804.0 6468.0 204.0 80.0 was
13048.0 6436.0 704.0 108.0 summoned.
13804.0 6528.0 12.0 24.0 ,

12072.0 6588.0 248.0 96.0 Rev.
12364.0 6584.0 204.0 96.0 Mr.
12616.0 6576.0 652.0 104.0 McCrackln
13312.0 6560.0 440.0 116.0 refused

12060.0 8144.0 232.0 100.0 this
12504.0 8140.0 100.0 96.0 is
12820.0 8128.0 596.0 108.0 Indicative
13620.0 8128.0 120.0 96.0 of

12056.0 8272.0 672.0 116.0 stepped-up
12884.0 8264.0 352.0 116.0 police
13408.0 8256.0 328.0 96.0 effort

12052.0 8400.0 448.0 116.0 against
12552.0 8492.0 20.0 12.0 .
12656.0 8400.0 384.0 92.0 known
13208.0 8384.0 524.0 100.0 numbers

12060.0 8532.0 472.0 96.0 centers.

12068.0 8720.0 44.0 16.0 "
12180.0 8716.0 172.0 100.0 On
12440.0 8708.0 432.0 116.0 August
12940.0 8708.0 148.0 104.0 22,
13172.0 8700.0 132.0 100.0 U.
13384.0 8704.0 100.0 92.0 8.
13564.0 8700.0 124.0 96.0 In-

12052.0 8844.0 364.0 100.0 ternal
12628.0 8844.0 500.0 92.0 Revenue
13348.0 8832.0 388.0 112.0 agents

12056.0 8972.0 384.0 100.0 raided
12624.0 8972.0 192.0 96.0 the
12980.0 8960.0 756.0 116.0 Sportsman's

12048.0 9104.0 312.0 108.0 Club,
12512.0 9100.0 188.0 100.0 330
12848.0 9092.0 456.0 100.0 Central
13452.0 9088.0 280.0 112.0 Ave.,

12048.0 9232.0 540.0 116.0 Newport.
12696.0 9224.0 240.0 100.0 Two
13036.0 9220.0 292.0 112.0 days
13424.0 9216.0 308.0 108.0 later,

12044.0 9360.0 516.0 116.0 Newport
12684.0 9352.0 336.0 120.0 police
13152.0 9344.0 384.0 104.0 raided
13660.0 9364.0 68.0 80.0 a

12044.0 9492.0 548.0 104.0 numbers
12708.0 9480.0 800.0 112.0 headquarters
13616.0 9476.0 120.0 92.0 at

12052.0 9624.0 184.0 96.0 140
12308.0 9624.0 148.0 92.0 W.
12528.0 9612.0 340.0 100.0 Third
12936.0 9612.0 184.0 108.0 St.,
13196.0 9604.0 532.0 116.0 Newport

12044.0 9748.0 504.0 100.0 Another
12660.0 9740.0 232.0 100.0 raid
12996.0 9756.0 240.0 80.0 was
13348.0 9728.0 380.0 120.0 staged

12040.0 9880.0 320.0 100.0 there
12444.0 9868.0 644.0 124.0 September
13172.0 9864.0 164.0 100.0 21.

12164.0 10004.0 288.0 100.0 Both
12676.0 9996.0 560.0 116.0 buildings
13444.0 9988.0 276.0 100.0 have

12036.0 10132.0 440.0 120.0 figured
12676.0 10124.0 752.0 124.0 prominently
13608.0 10120.0 116.0 100.0 in

12040.0 10260.0 544.0 104.0 numbers
12632.0 10252.0 536.0 104.0 activities
13224.0 10268.0 256.0 80.0 over
13528.0 10248.0 188.0 96.0 the

12040.0 10396.0 224.0 100.0 last
12304.0 10384.0 452.0 116.0 decade,
12804.0 10404.0 116.0 80.0 as
12956.0 10384.0 300.0 100.0 have
13304.0 10380.0 412.0 100.0 certain

12040.0 10540.0 496.0 104.0 persons.

12164.0 10656.0 96.0 92.0 A
12304.0 10652.0 240.0 96.0 sort
12588.0 10644.0 128.0 100.0 of
12760.0 10644.0 412.0 96.0 "Who's
13224.0 10636.0 332.0 104.0 Who"
13604.0 10636.0 120.0 96.0 of

12036.0 10776.0 288.0 104.0 local
12388.0 10776.0 532.0 100.0 numbers
12980.0 10772.0 320.0 100.0 fame
13368.0 10764.0 360.0 100.0 would

12040.0 10908.0 488.0 100.0 Include:

12164.0 11032.0 540.0 104.0 Albert
12852.0 11028.0 320.0 100.0 Louis
13336.0 11024.0 384.0 112.0 (White

12044.0 11164.0 436.0 116.0 Smitty)
12608.0 11160.0 520.0 116.0 Schmidt,
13264.0 11160.0 148.0 112.0 59,
13528.0 11156.0 188.0 96.0 Mt

12036.0 11296.0 512.0 112.0 Healthy,
12648.0 11296.0 388.0 92.0 known
13132.0 11288.0 192.0 96.0 for
13408.0 11308.0 308.0 92.0 years

12032.0 11448.0 128.0 76.0 as
12264.0 11420.0 540.0 104.0 numbers
12900.0 11416.0 596.0 116.0 "kingpin"
13600.0 11416.0 112.0 92.0 In

12032.0 11556.0 200.0 96.0 the
12340.0 11572.0 304.0 92.0 area,
12756.0 11552.0 208.0 96.0 and
13080.0 11548.0 632.0 116.0 reportedly

12032.0 11708.0 220.0 76.0 one
12368.0 11688.0 124.0 92.0 of
12612.0 11684.0 192.0 96.0 the
12916.0 11676.0 268.0 120.0 "Big
13308.0 11672.0 404.0 100.0 Three"

12024.0 12024.0 1560.0 504.0 Quarrel
13704.0 12008.0 1000.0 416.0 Fatal
14824.0 12000.0 560.0 408.0 To

12008.0 12624.0 1904.0 432.0 Groesbecl

12136.0 13264.0 88.0 92.0 A
12304.0 13252.0 540.0 108.0 domestic
12916.0 13248.0 452.0 124.0 quarrel
13444.0 13244.0 216.0 96.0 end-

12008.0 13420.0 140.0 100.0 ed
12204.0 13420.0 116.0 100.0 in
12372.0 13420.0 200.0 96.0 the
12628.0 13412.0 328.0 104.0 death
13008.0 13412.0 128.0 100.0 of
13196.0 13428.0 68.0 76.0 a
13320.0 13408.0 336.0 96.0 Grose-

12004.0 13576.0 276.0 100.0 beck
12328.0 13576.0 452.0 96.0 mother
12820.0 13572.0 220.0 100.0 late
13072.0 13568.0 236.0 100.0 last
13352.0 13564.0 340.0 116.0 night.

12128.0 13736.0 444.0 116.0 County
12660.0 13724.0 344.0 108.0 Police
13096.0 13724.0 256.0 108.0 said
13440.0 13724.0 248.0 96.0 Mrs.

12000.0 13892.0 432.0 120.0 Shirley
12524.0 13892.0 256.0 108.0 Fox,
12864.0 13884.0 144.0 124.0 36,
13100.0 13884.0 256.0 104.0 2900
13440.0 13880.0 208.0 100.0 Jon-

11996.0 14076.0 248.0 84.0 rose
12312.0 14056.0 300.0 112.0 Ave.,
12680.0 14068.0 212.0 84.0 was
12956.0 14036.0 736.0 108.0 wounded

12000.0 14212.0 396.0 116.0 fatally
12452.0 14208.0 332.0 100.0 when
12836.0 14204.0 392.0 100.0 struck
13288.0 14204.0 136.0 112.0 by
13480.0 14220.0 208.0 80.0 one

11996.0 14396.0 132.0 80.0 or
12200.0 14388.0 308.0 80.0 more
12584.0 14364.0 596.0 100.0 bullets
13260.0 14364.0 284.0 96.0 from
13620.0 14376.0 68.0 80.0 a

11988.0 14500.0 792.0 108.0 small-caliber
12836.0 14496.0 608.0 100.0 automatic
13484.0 14492.0 164.0 112.0 pis-

11992.0 14636.0 164.0 100.0 tol
12244.0 14632.0 292.0 100.0 fired
12624.0 14628.0 140.0 116.0 by
12848.0 14628.0 196.0 100.0 her
13136.0 14620.0 548.0 104.0 husband.

11992.0 14768.0 108.0 96.0 It
12180.0 14784.0 224.0 80.0 was
12480.0 14756.0 504.0 124.0 reported
13068.0 14756.0 236.0 104.0 five
13380.0 14756.0 304.0 100.0 shots

11996.0 14916.0 284.0 76.0 were
12340.0 14896.0 320.0 96.0 fired.

12120.0 15028.0 228.0 96.0 The
12416.0 15016.0 544.0 112.0 husband,
13024.0 15016.0 452.0 108.0 Stevan,
13540.0 15012.0 148.0 108.0 38,

11992.0 15176.0 68.0 80.0 a
12216.0 15156.0 348.0 96.0 brush
12720.0 15148.0 596.0 112.0 salesman,
13468.0 15160.0 220.0 80.0 was

11984.0 15288.0 344.0 96.0 taken
12480.0 15284.0 120.0 96.0 to
12752.0 15284.0 432.0 108.0 County
13332.0 15276.0 348.0 96.0 Police

11988.0 15412.0 812.0 116.0 headquarters
12872.0 15412.0 172.0 96.0 for
13128.0 15404.0 512.0 120.0 question-

11988.0 15544.0 196.0 120.0 ing
12252.0 15544.0 308.0 112.0 early
12636.0 15540.0 344.0 116.0 today.

12280.0 17064.0 400.0 280.0 Hie

12864.0 17956.0 232.0 176.0 by
13200.0 17952.0 364.0 152.0 Jim
13696.0 17944.0 340.0 152.0 Ott

12008.0 18440.0 1004.0 252.0 Shopping
13136.0 18440.0 716.0 200.0 Center
13964.0 18432.0 480.0 208.0 Plan
14556.0 18412.0 932.0 264.0 Rejected

12216.0 18704.0 552.0 100.0 ROBERT
12864.0 18700.0 584.0 100.0 WIGOR'S
13552.0 18696.0 428.0 100.0 revised
14084.0 18696.0 324.0 116.0 plans
14512.0 18692.0 176.0 100.0 for
14792.0 18692.0 184.0 100.0 the
15076.0 18684.0 428.0 120.0 Village

11968.0 18836.0 420.0 116.0 Square
12444.0 18836.0 568.0 120.0 Shopping
13072.0 18836.0 440.0 104.0 Center,
13568.0 18828.0 580.0 100.0 Princeton
14212.0 18828.0 184.0 92.0 Pk.
14452.0 18824.0 220.0 100.0 and
14732.0 18824.0 476.0 112.0 Kemper
15264.0 18820.0 284.0 124.0 Rd,;

11964.0 18968.0 696.0 116.0 Springdale,
12744.0 18984.0 268.0 80.0 were
13096.0 18960.0 488.0 120.0 rejected
13664.0 18960.0 484.0 112.0 Monday
14224.0 18956.0 316.0 116.0 night
14628.0 18960.0 144.0 112.0 by
14852.0 18952.0 652.0 120.0 Springdale

11964.0 19100.0 496.0 96.0 CounciL
12544.0 19100.0 196.0 92.0 Mr.
12816.0 19096.0 368.0 112.0 Wigor
13264.0 19088.0 432.0 100.0 wanted
13784.0 19096.0 124.0 92.0 to
13980.0 19088.0 300.0 100.0 erect
14360.0 19108.0 60.0 80.0 a
14500.0 19108.0 196.0 96.0 gas
14780.0 19088.0 396.0 96.0 stition
15264.0 19072.0 240.0 108.0 and

11960.0 19228.0 476.0 100.0 drive-in
12516.0 19228.0 300.0 96.0 bank
12888.0 19224.0 240.0 100.0 and
13216.0 19244.0 68.0 80.0 a
13364.0 19224.0 640.0 96.0 restaurant
14080.0 19224.0 112.0 92.0 at
14276.0 19220.0 188.0 96.0 the
14540.0 19220.0 312.0 92.0 main
14932.0 19220.0 568.0 104.0 entrance,

11964.0 19360.0 368.0 100.0 where
12408.0 19360.0 272.0 112.0 only
12748.0 19376.0 200.0 80.0 one
13024.0 19356.0 540.0 116.0 building,
13640.0 19356.0 204.0 96.0 the
13920.0 19352.0 648.0 108.0 restaurant,
14648.0 19368.0 232.0 80.0 was
14940.0 19352.0 112.0 96.0 to
15128.0 19348.0 132.0 96.0 be
15344.0 19344.0 116.0 96.0 lo-

11948.0 19488.0 332.0 100.0 cated
12340.0 19488.0 124.0 100.0 In
12528.0 19488.0 456.0 116.0 original
13048.0 19484.0 364.0 124.0 plans.
14868.0 19480.0 16.0 96.0 i
15512.0 19508.0 24.0 52.0 '

12204.0 19624.0 164.0 92.0 He
12456.0 19620.0 332.0 100.0 made
12868.0 19620.0 204.0 96.0 the
13172.0 19620.0 440.0 112.0 request
13704.0 19616.0 124.0 96.0 at
13920.0 19612.0 208.0 100.0 last
14224.0 19604.0 656.0 120.0 Thursday's
14964.0 19600.0 568.0 132.0 meeting,:

11952.0 19748.0 428.0 124.0 hoping
12444.0 19752.0 256.0 96.0 that
12760.0 19752.0 532.0 112.0 approval
13352.0 19744.0 356.0 96.0 would
13772.0 19764.0 312.0 80.0 come
14144.0 19744.0 256.0 96.0 that
14456.0 19744.0 324.0 116.0 night
14844.0 19744.0 464.0 120.0 because,
15364.0 19740.0 132.0 120.0 of

11956.0 19896.0 72.0 84.0 a
12096.0 19880.0 524.0 100.0 deadline
12688.0 19880.0 160.0 96.0 for
12912.0 19872.0 764.0 100.0 contractural
13752.0 19872.0 656.0 116.0 obligations
14472.0 19876.0 604.0 92.0 November
15148.0 19872.0 80.0 96.0 1.
15272.0 19888.0 116.0 112.0 -;
15432.0 19924.0 32.0 32.0 .
15504.0 19884.0 28.0 112.0 ;

12204.0 20008.0 468.0 104.0 Council
12740.0 20008.0 320.0 96.0 voted
13140.0 20008.0 164.0 96.0 4-2
13372.0 20004.0 112.0 96.0 In
13556.0 20008.0 328.0 92.0 favor
13952.0 20004.0 108.0 100.0 of
14132.0 20004.0 556.0 112.0 rejection.
14764.0 20004.0 220.0 100.0 The
15052.0 19996.0 440.0 108.0 revised-

11940.0 20140.0 336.0 120.0 plans
12396.0 20140.0 244.0 96.0 also
12752.0 20156.0 272.0 80.0 were
13152.0 20136.0 484.0 120.0 opposed
13760.0 20140.0 148.0 112.0 by
14012.0 20136.0 324.0 96.0 other
14440.0 20136.0 544.0 120.0 shopping
15092.0 20136.0 436.0 124.0 center;

11952.0 20272.0 556.0 96.0 interests.
12676.0 20340.0 20.0 24.0 .
13008.0 20340.0 32.0 24.0 .
13144.0 20368.0 16.0 20.0 .
14876.0 20276.0 12.0 48.0 '
15132.0 20380.0 16.0 20.0 ,
15264.0 20272.0 200.0 124.0 7t

11984.0 20452.0 896.0 200.0 Colerain
12988.0 20448.0 784.0 248.0 Zoning
13892.0 20448.0 480.0 200.0 Plan
14480.0 20440.0 1044.0 264.0 Endorsed;

12192.0 20712.0 560.0 100.0 GEORGE
12800.0 20716.0 772.0 100.0 THOMPSON,
13620.0 20708.0 580.0 100.0 chairman
14252.0 20708.0 116.0 100.0 of
14412.0 20712.0 184.0 96.0 the
14644.0 20712.0 464.0 100.0 CitiJens
15156.0 20716.0 360.0 108.0 C0mv

11944.0 20844.0 392.0 96.0 mlttee
12396.0 20844.0 184.0 96.0 for
12636.0 20844.0 508.0 96.0 Colerain
13212.0 20844.0 592.0 112.0 Township
13868.0 20840.0 444.0 116.0 Zoning,
14372.0 20860.0 240.0 96.0 says
14676.0 20844.0 200.0 96.0 the
14924.0 20864.0 236.0 76.0 new
15220.0 20836.0 300.0 124.0 aoj;

11944.0 20972.0 224.0 116.0 Ing,
12224.0 20976.0 376.0 96.0 which
12660.0 20976.0 200.0 100.0 will
12916.0 20976.0 144.0 96.0 be
13132.0 20972.0 324.0 100.0 voted
13516.0 20992.0 308.0 84.0 upon
13888.0 20972.0 520.0 112.0 Tuesday,
14464.0 20976.0 204.0 100.0 has
14732.0 20972.0 484.0 104.0 received
15268.0 20976.0 248.0 120.0 ,et-'

11936.0 21104.0 600.0 100.0 thusiastic
12600.0 21100.0 556.0 124.0 approval.
14852.0 21100.0 20.0 112.0 j
15180.0 21108.0 40.0 104.0 ;
15336.0 21108.0 40.0 116.0 j
15488.0 21096.0 28.0 124.0 ;

12188.0 21236.0 672.0 116.0 Supporting
12924.0 21236.0 208.0 96.0 the
13212.0 21236.0 284.0 100.0 Issue
13572.0 21252.0 188.0 84.0 are
13836.0 21236.0 188.0 96.0 the
14088.0 21236.0 824.0 100.0 Homebuilders
14976.0 21236.0 452.0 104.0 AsBoCla-

11940.0 21360.0 268.0 112.0 tlon.
12292.0 21364.0 452.0 116.0 Skyline
12820.0 21368.0 348.0 96.0 Acres
13252.0 21364.0 288.0 100.0 Civic
13624.0 21364.0 316.0 104.0 Club,
14020.0 21364.0 680.0 100.0 Northbrook
14788.0 21368.0 280.0 96.0 Civic
15148.0 21360.0 368.0 128.0 CKtb,'

11928.0 21496.0 204.0 96.0 the
12200.0 21496.0 556.0 100.0 Northern
12820.0 21496.0 288.0 100.0 Hills
13184.0 21496.0 480.0 112.0 Jaycees,
13736.0 21496.0 684.0 96.0 Democratic
14488.0 21496.0 228.0 96.0 and
14792.0 21496.0 596.0 120.0 Republics-

11928.0 21624.0 468.0 120.0 leaders.
12176.0 21760.0 240.0 96.0 The
12496.0 21756.0 472.0 100.0 Citizens
13052.0 21756.0 668.0 96.0 Committee
13812.0 21752.0 172.0 100.0 for
14060.0 21756.0 428.0 120.0 County
14564.0 21752.0 416.0 128.0 Zoning
15064.0 21760.0 112.0 108.0 In
15252.0 21752.0 252.0 132.0 JhJ'

11924.0 21888.0 572.0 116.0 township
12600.0 21888.0 92.0 96.0 Is
12780.0 21884.0 604.0 120.0 composed
13484.0 21884.0 116.0 100.0 of
13704.0 21888.0 320.0 96.0 those
14124.0 21892.0 248.0 100.0 who
14468.0 21896.0 404.0 112.0 fought
14956.0 21892.0 172.0 96.0 for
15176.0 21888.0 328.0 132.0 .'aQd;

11928.0 22020.0 444.0 112.0 against
12432.0 22016.0 1408.0 120.0 township-administered
13904.0 22016.0 428.0 120.0 zoning,
14396.0 22024.0 352.0 96.0 which
14808.0 22028.0 208.0 116.0 lpst
15072.0 22024.0 124.0 112.0 In
15248.0 22024.0 216.0 128.0 Xhf
11924.0 22076.0 3572.0 188.0 -May,

12288.0 22148.0 252.0 96.0 1960
12604.0 22148.0 504.0 108.0 election,
13180.0 22152.0 144.0 96.0 he
13392.0 22148.0 264.0 96.0 said.
14856.0 22152.0 24.0 100.0 i
15116.0 22144.0 384.0 132.0 -:"!

12168.0 22276.0 200.0 100.0 Mr.
12448.0 22280.0 640.0 112.0 Thompson
13172.0 22272.0 220.0 104.0 and
13464.0 22276.0 172.0 100.0 his
13712.0 22276.0 640.0 100.0 committee
14420.0 22280.0 276.0 104.0 have
14772.0 22284.0 424.0 100.0 worked
15268.0 22252.0 188.0 164.0 ity

11920.0 22424.0 324.0 100.0 years
12340.0 22408.0 120.0 100.0 in
12564.0 22408.0 716.0 116.0 cooperation
13376.0 22408.0 260.0 96.0 with
13736.0 22408.0 104.0 100.0 J.
13940.0 22412.0 428.0 96.0 Minard
14460.0 22416.0 480.0 104.0 Stevens,
15040.0 22420.0 424.0 116.0 county

11920.0 22548.0 424.0 88.0 master
12408.0 22536.0 500.0 120.0 planner,
12972.0 22544.0 132.0 96.0 to
13176.0 22540.0 360.0 96.0 devise
13604.0 22540.0 204.0 96.0 the
13872.0 22560.0 232.0 76.0 new
14168.0 22544.0 292.0 116.0 plan.
14856.0 22624.0 24.0 36.0 ,

11948.0 22716.0 364.0 204.0 Bid
12428.0 22716.0 956.0 204.0 Deadline
13484.0 22716.0 180.0 204.0 Is
13780.0 22720.0 1008.0 208.0 Extended

12160.0 22980.0 848.0 100.0 SPRINGDALE
13056.0 22984.0 216.0 96.0 has
13316.0 22980.0 556.0 100.0 extended
13916.0 22984.0 180.0 96.0 the
14144.0 22980.0 504.0 104.0 deadline
14692.0 22992.0 116.0 92.0 to
14936.0 22984.0 520.0 104.0 ovembt

11924.0 23112.0 120.0 96.0 10
12100.0 23108.0 176.0 100.0 for
12336.0 23112.0 256.0 100.0 bids
12652.0 23132.0 140.0 80.0 on
12852.0 23136.0 148.0 76.0 hn
13076.0 23112.0 500.0 100.0 addition
13640.0 23112.0 128.0 100.0 of
13836.0 23132.0 64.0 76.0 a
13960.0 23116.0 404.0 96.0 second
14428.0 23116.0 284.0 96.0 floor
14776.0 23120.0 112.0 96.0 to
14940.0 23120.0 188.0 96.0 the
15180.0 23132.0 232.0 84.0 lire-

11908.0 23240.0 384.0 96.0 house.
12368.0 23244.0 240.0 96.0 The
12680.0 23240.0 372.0 100.0 lowest
13128.0 23244.0 188.0 96.0 bid
13384.0 23244.0 444.0 116.0 opened
13900.0 23248.0 112.0 92.0 at
14080.0 23264.0 64.0 76.0 a
14220.0 23248.0 376.0 96.0 recent
14664.0 23248.0 480.0 116.0 meeting
15216.0 23268.0 168.0 76.0 wa

11916.0 23372.0 112.0 96.0 12
12204.0 23372.0 408.0 116.0 higher
12664.0 23380.0 264.0 92.0 than
12984.0 23376.0 212.0 96.0 the
13252.0 23376.0 628.0 96.0 architect's
13928.0 23372.0 504.0 104.0 estimate
14480.0 23380.0 228.0 92.0 and
14768.0 23384.0 172.0 96.0 the
14976.0 23376.0 476.0 116.0 Highest

11904.0 23504.0 192.0 96.0 bid
12156.0 23520.0 228.0 84.0 was
12444.0 23504.0 124.0 96.0 25
12748.0 23524.0 256.0 80.0 over
13064.0 23508.0 204.0 96.0 the
13324.0 23504.0 556.0 96.0 estimate.
15404.0 23500.0 20.0 96.0 '.

11928.0 23684.0 892.0 204.0 Madeira
12932.0 23680.0 664.0 208.0 OK.'s
13708.0 23684.0 660.0 200.0 Sewer
14464.0 23688.0 972.0 252.0 Project1:

12136.0 23944.0 632.0 100.0 MADEIRA
12808.0 23948.0 472.0 100.0 Council
13324.0 23944.0 544.0 116.0 receintly
13908.0 23948.0 536.0 116.0 approved
14492.0 23968.0 60.0 80.0 a
14592.0 23948.0 384.0 104.0 $25,010
15008.0 23940.0 440.0 128.0 project

11896.0 24076.0 184.0 100.0 for
12140.0 24096.0 68.0 84.0 a
12272.0 24076.0 336.0 100.0 relief
12668.0 24080.0 508.0 112.0 sanitary
13232.0 24096.0 340.0 80.0 sewer
13632.0 24084.0 128.0 92.0 at
13824.0 24076.0 188.0 100.0 the
14076.0 24080.0 228.0 96.0 end
14360.0 24076.0 116.0 104.0 of
14540.0 24084.0 468.0 96.0 Thomas
15072.0 24080.0 360.0 96.0 Drive,
15500.0 24056.0 16.0 172.0 j

11884.0 24212.0 692.0 108.0 connecting
12636.0 24208.0 296.0 112.0 Iuka,
12992.0 24208.0 412.0 100.0 Oceola
13472.0 24208.0 228.0 100.0 and
13764.0 24208.0 568.0 116.0 Longfield
14388.0 24212.0 520.0 100.0 Avenues
14968.0 24196.0 464.0 112.0 Council
15496.0 24176.0 20.0 120.0 i

11892.0 24336.0 244.0 100.0 also
12192.0 24340.0 248.0 96.0 sold
12500.0 24340.0 388.0 108.0 $19,000
12944.0 24344.0 368.0 96.0 worth
13368.0 24336.0 120.0 100.0 of
13536.0 24336.0 372.0 104.0 bonds
13960.0 24344.0 112.0 92.0 to
14132.0 24340.0 224.0 100.0 add
14408.0 24344.0 476.0 116.0 parking
14924.0 24336.0 512.0 124.0 capacity
15496.0 24416.0 16.0 48.0 ,

11888.0 24472.0 132.0 96.0 at
12076.0 24472.0 228.0 112.0 city
12368.0 24472.0 272.0 96.0 hall.
15496.0 24492.0 16.0 104.0 ;

14888.0 24600.0 24.0 128.0 t
15496.0 24544.0 16.0 80.0 '

12212.0 24760.0 104.0 92.0 K
14888.0 24772.0 12.0 60.0 i
15044.0 24744.0 132.0 128.0 f-.

13972.0 1900.0 120.0 100.0 to
14136.0 1896.0 120.0 100.0 be
14304.0 1880.0 600.0 112.0 examined,
14948.0 1872.0 700.0 128.0 contending.

14028.0 2024.0 244.0 104.0 that
14368.0 2020.0 144.0 100.0 he
14600.0 2012.0 180.0 100.0 did
14876.0 2012.0 184.0 96.0 not
15152.0 2008.0 284.0 100.0 need

13968.0 2156.0 400.0 100.0 doctor.
14972.0 2148.0 48.0 108.0 !!

14088.0 2284.0 308.0 96.0 After
14452.0 2272.0 288.0 116.0 lying
14800.0 2264.0 184.0 100.0 fac
15092.0 2260.0 324.0 112.0 down
15480.0 2264.0 148.0 104.0 to
15668.0 2248.0 52.0 140.0 i

13960.0 2416.0 196.0 100.0 the
14252.0 2412.0 612.0 96.0 courtroom
14972.0 2396.0 220.0 100.0 for
15288.0 2412.0 348.0 92.0 some

13968.0 2548.0 284.0 108.0 time,
14352.0 2544.0 192.0 92.0 the
14628.0 2524.0 484.0 108.0 minister
15204.0 2524.0 420.0 120.0 finally
15668.0 2512.0 52.0 136.0 J

13968.0 2696.0 300.0 80.0 arose
14372.0 2656.0 648.0 112.0 voluntarily
15096.0 2656.0 224.0 100.0 and
15420.0 2668.0 192.0 88.0 sat.

13964.0 2808.0 120.0 100.0 In
14148.0 2824.0 64.0 80.0 a
14276.0 2800.0 332.0 100.0 chair.
14672.0 2796.0 160.0 96.0 He
14904.0 2784.0 168.0 104.0 dirt
15140.0 2784.0 192.0 104.0 tell
15400.0 2788.0 212.0 104.0 the

13972.0 2936.0 312.0 100.0 court
14396.0 2928.0 240.0 100.0 that
14744.0 2924.0 144.0 96.0 he
14996.0 2916.0 192.0 108.0 has
15304.0 2920.0 292.0 100.0 been

13960.0 3064.0 424.0 104.0 treated
14460.0 3048.0 664.0 116.0 courteously
15200.0 3048.0 112.0 100.0 In
15396.0 3048.0 208.0 112.0 Jail

13960.0 3200.0 220.0 100.0 and
14284.0 3196.0 212.0 96.0 has
14588.0 3196.0 200.0 88.0 "no
14892.0 3180.0 736.0 120.0 complaints":

13956.0 3352.0 148.0 84.0 on
14168.0 3328.0 256.0 100.0 that
14480.0 3336.0 324.0 88.0 score,
14980.0 3324.0 40.0 92.0 i'
15368.0 3392.0 20.0 20.0 .
15520.0 3320.0 32.0 104.0 :
15660.0 3296.0 52.0 128.0 t

14084.0 3480.0 540.0 108.0 SHERIFF
14724.0 3468.0 520.0 104.0 HUNTER
15348.0 3468.0 264.0 104.0 said

13960.0 3624.0 188.0 96.0 the
14192.0 3620.0 612.0 108.0 clergyman
14852.0 3596.0 196.0 108.0 wll
15092.0 3600.0 132.0 100.0 be
15264.0 3600.0 336.0 116.0 given

13956.0 3756.0 208.0 100.0 two
14216.0 3752.0 272.0 108.0 days
14536.0 3740.0 108.0 104.0 in
14696.0 3728.0 344.0 104.0 whicl
15092.0 3732.0 112.0 96.0 to
15256.0 3728.0 352.0 104.0 make
15668.0 3744.0 24.0 116.0 ;

13956.0 3904.0 144.0 80.0 an
14180.0 3876.0 416.0 120.0 appeal.
14676.0 3868.0 356.0 108.0 "After
15112.0 3864.0 248.0 96.0 that
15444.0 3864.0 164.0 100.0 he

13952.0 4016.0 212.0 96.0 will
14248.0 4012.0 140.0 100.0 be
14468.0 3996.0 644.0 108.0 transferred
15188.0 3996.0 120.0 96.0 to
15388.0 3992.0 220.0 100.0 the

13948.0 4144.0 292.0 100.0 work
14328.0 4140.0 312.0 104.0 farm,
14720.0 4132.0 344.0 92.0 wher
15144.0 4124.0 144.0 96.0 he
15364.0 4124.0 236.0 100.0 will
15656.0 4176.0 36.0 44.0 ,

13952.0 4272.0 408.0 108.0 receive
14428.0 4264.0 340.0 100.0 credit
14832.0 4260.0 176.0 100.0 for
15052.0 4252.0 120.0 112.0 $2
15240.0 4272.0 68.0 80.0 a
15368.0 4252.0 232.0 120.0 day
15652.0 4264.0 48.0 120.0 ;

13952.0 4404.0 408.0 104.0 toward
14404.0 4396.0 388.0 120.0 paying
14828.0 4392.0 132.0 92.0 th
15048.0 4384.0 636.0 124.0 penalty.,

13944.0 4540.0 192.0 100.0 the
14200.0 4528.0 392.0 112.0 sheriff
14660.0 4516.0 368.0 120.0 added
15356.0 4544.0 20.0 92.0 ;
15424.0 4584.0 36.0 20.0 -

14076.0 4696.0 240.0 100.0 Rev.
14392.0 4692.0 188.0 96.0 Mr.
14652.0 4668.0 624.0 116.0 McCrtckln
15344.0 4696.0 208.0 100.0 pre

13948.0 4824.0 412.0 116.0 viously
14428.0 4816.0 232.0 104.0 said
14732.0 4816.0 144.0 92.0 he
14952.0 4828.0 288.0 80.0 Oime
15320.0 4804.0 284.0 100.0 here
15648.0 4784.0 32.0 48.0 '

13944.0 4984.0 128.0 72.0 as
14208.0 4948.0 1116.0 112.0 secretary-tressurer
15464.0 4928.0 140.0 108.0 ef
15644.0 4944.0 40.0 144.0 j

13944.0 5084.0 644.0 124.0 "Operation
14708.0 5068.0 600.0 112.0 Freelom,"
15432.0 5088.0 160.0 80.0 an
15644.0 5140.0 32.0 48.0 ,

13940.0 5212.0 732.0 124.0 organization
14776.0 5204.0 360.0 112.0 aidtig
15228.0 5200.0 364.0 112.0 Negro

13944.0 5356.0 828.0 104.0 sharecroppers
14848.0 5336.0 204.0 96.0 and
15128.0 5332.0 464.0 96.0 tenants
15644.0 5404.0 28.0 36.0 ,

13944.0 5488.0 140.0 92.0 he
14124.0 5476.0 380.0 100.0 claims
14544.0 5476.0 268.0 96.0 have
14856.0 5468.0 260.0 92.0 bn
15156.0 5456.0 440.0 104.0 evicted

13940.0 5616.0 284.0 96.0 from
14324.0 5612.0 380.0 96.0 homes
14800.0 5596.0 120.0 100.0 in
14984.0 5592.0 232.0 100.0 this
15316.0 5612.0 280.0 76.0 area
15640.0 5660.0 36.0 52.0 ,

13940.0 5752.0 464.0 92.0 because
14484.0 5736.0 252.0 112.0 they
14808.0 5720.0 572.0 124.0 retfstered
15460.0 5724.0 56.0 92.0 t

13936.0 5880.0 244.0 96.0 vote
14248.0 5876.0 124.0 92.0 in
14440.0 5860.0 536.0 116.0 Haywood
15028.0 5856.0 216.0 100.0 and
15316.0 5848.0 356.0 120.0 ray,

13932.0 6012.0 224.0 96.0 ette
14212.0 6000.0 548.0 104.0 Counties,
14952.0 5996.0 40.0 136.0 jj
15396.0 6032.0 28.0 44.0 '

14064.0 6168.0 152.0 96.0 He
14328.0 6156.0 236.0 100.0 said
14680.0 6152.0 152.0 96.0 he
14940.0 6140.0 452.0 120.0 brought

13936.0 6284.0 660.0 112.0 trailer-load
14632.0 6284.0 120.0 100.0 of
14792.0 6276.0 476.0 116.0 cloihlng
15304.0 6268.0 232.0 116.0 wltj
15624.0 6264.0 56.0 152.0 J

13936.0 6432.0 228.0 96.0 him
14244.0 6432.0 120.0 92.0 to
14448.0 6432.0 224.0 108.0 give
14752.0 6432.0 124.0 84.0 to
14952.0 6432.0 172.0 80.0 me
15200.0 6432.0 388.0 96.0 snare-.

13936.0 6572.0 536.0 104.0 croppers.

13932.0 8120.0 292.0 104.0 since
14388.0 8108.0 756.0 108.0 February,
15292.0 8096.0 280.0 100.0 1959.

13932.0 8248.0 408.0 104.0 Claims
14388.0 8244.0 132.0 96.0 he
14568.0 8260.0 244.0 80.0 now
14856.0 8232.0 304.0 100.0 isout
15200.0 8224.0 128.0 112.0 of
15360.0 8228.0 212.0 96.0 the

13928.0 8376.0 532.0 100.0 business.
14956.0 8348.0 28.0 144.0 j
15316.0 8360.0 16.0 16.0 '
15388.0 8428.0 16.0 24.0 .
15608.0 8352.0 44.0 148.0 J

14052.0 8512.0 224.0 92.0 Gus
14320.0 8500.0 472.0 112.0 (Whisky
14836.0 8492.0 248.0 108.0 Gts)
15124.0 8488.0 448.0 120.0 Postell,'
15612.0 8536.0 36.0 44.0 .

13928.0 8640.0 148.0 104.0 42,
14112.0 8632.0 580.0 100.0 Avondale,
14732.0 8628.0 236.0 100.0 also
14996.0 8620.0 572.0 116.0 reputedly
15612.0 8620.0 36.0 48.0 '

13928.0 8788.0 204.0 76.0 one
14184.0 8764.0 120.0 92.0 of
14356.0 8764.0 184.0 92.0 the
14592.0 8756.0 264.0 112.0 "Big
14904.0 8748.0 416.0 104.0 Three."

14052.0 8892.0 432.0 100.0 Willard
14596.0 8888.0 92.0 96.0 J.
14812.0 8888.0 96.0 92.0 W
14940.0 8884.0 136.0 104.0 tit
15088.0 8884.0 196.0 108.0 ley,
15412.0 8876.0 228.0 128.0 54,:

13924.0 9024.0 584.0 104.0 Avondale,
14600.0 9016.0 244.0 96.0 said
14944.0 9020.0 88.0 100.0 to
15132.0 9008.0 128.0 100.0 be
15364.0 9008.0 276.0 96.0 the.

13924.0 9152.0 288.0 100.0 third
14316.0 9148.0 492.0 96.0 member
14904.0 9140.0 96.0 112.0 of
15088.0 9140.0 188.0 96.0 the
15372.0 9132.0 264.0 128.0 tri-;

13928.0 9284.0 588.0 96.0 umverate.
14968.0 9280.0 20.0 136.0 j

14044.0 9412.0 360.0 96.0 Frank
14496.0 9404.0 428.0 108.0 (Screw)
15004.0 9400.0 556.0 108.0 Andrews,
15600.0 9392.0 48.0 136.0 J

13920.0 9544.0 148.0 108.0 49,
14208.0 9540.0 160.0 96.0 Ft.
14508.0 9536.0 488.0 96.0 Thomas
15140.0 9528.0 488.0 96.0 former,

13920.0 9672.0 524.0 96.0 numbers
14568.0 9664.0 276.0 96.0 rival
14960.0 9660.0 108.0 108.0 of
15196.0 9656.0 364.0 96.0 White

13924.0 9800.0 424.0 112.0 Smitty,
14392.0 9796.0 212.0 96.0 and
14660.0 9792.0 400.0 100.0 fornwr
15104.0 9788.0 284.0 96.0 head
15440.0 9784.0 124.0 96.0 of

13916.0 9928.0 528.0 100.0 numbers
14516.0 9928.0 380.0 92.0 center
14960.0 9920.0 104.0 100.0 it
15136.0 9916.0 428.0 116.0 Sports-

13916.0 10060.0 348.0 100.0 man's
14324.0 10056.0 296.0 100.0 Club.

14036.0 10188.0 312.0 96.0 Peter
14468.0 10152.0 508.0 140.0 Anthonjl
15088.0 10168.0 468.0 108.0 (Junior)

13920.0 10320.0 520.0 92.0 Andrews
14540.0 10316.0 176.0 104.0 Jr,
14828.0 10308.0 116.0 96.0 32
15064.0 10292.0 572.0 108.0 MonfortC

13912.0 10448.0 488.0 112.0 Heights,
14468.0 10440.0 460.0 112.0 nephew
14972.0 10436.0 124.0 96.0 of
15168.0 10440.0 392.0 100.0 Screw,

13912.0 10576.0 220.0 100.0 and
14204.0 10572.0 620.0 116.0 reportedly
14904.0 10564.0 148.0 104.0 his
15128.0 10548.0 500.0 112.0 succes-I

13908.0 10728.0 184.0 76.0 sor
14152.0 10704.0 112.0 96.0 In
14340.0 10724.0 248.0 72.0 area
14656.0 10696.0 512.0 100.0 numlers
15244.0 10712.0 368.0 96.0 oper-'

13908.0 10836.0 360.0 96.0 ations
14332.0 10832.0 292.0 96.0 since
14692.0 10828.0 292.0 128.0 1957.,

14032.0 11020.0 352.0 100.0 These
14444.0 11012.0 212.0 100.0 and
14716.0 11012.0 360.0 108.0 others
15132.0 11024.0 184.0 80.0 are
15372.0 11024.0 188.0 80.0 ex-

13908.0 11148.0 388.0 120.0 pected
14396.0 11148.0 108.0 96.0 to
14596.0 11140.0 396.0 116.0 figure;
15032.0 11140.0 112.0 96.0 In
15248.0 11136.0 372.0 96.0 testi-1

13908.0 11296.0 328.0 96.0 mony
14344.0 11272.0 364.0 100.0 before
14816.0 11272.0 124.0 96.0 th
15092.0 11260.0 464.0 104.0 Federal

13908.0 11404.0 340.0 120.0 grand
14344.0 11404.0 272.0 116.0 Jury.
14708.0 11404.0 312.0 96.0 Some
15108.0 11400.0 120.0 96.0 20
15320.0 11392.0 296.0 124.0 wit;

13904.0 11552.0 380.0 84.0 nesses
14440.0 11532.0 272.0 100.0 have
14884.0 11528.0 252.0 104.0 bten
15296.0 11524.0 216.0 100.0 sub-

13904.0 11660.0 524.0 124.0 poenaed,
14944.0 11624.0 28.0 160.0 ij

14008.0 13232.0 352.0 104.0 Police
14436.0 13224.0 212.0 100.0 and
14728.0 13216.0 576.0 128.0 neighbors
15328.0 13228.0 188.0 88.0 -re

13884.0 13364.0 380.0 120.0 ported
14352.0 13360.0 236.0 96.0 that
14668.0 13360.0 220.0 92.0 Fox
14960.0 13360.0 216.0 96.0 had
15260.0 13360.0 288.0 88.0 oeeo

14000.0 13652.0 248.0 96.0 Mrs.
14316.0 13648.0 296.0 96.0 Fox's
14672.0 13644.0 220.0 92.0 two
14956.0 13652.0 244.0 88.0 tons
15264.0 13636.0 144.0 112.0 by
15480.0 13612.0 64.0 120.0 i

13872.0 13776.0 504.0 124.0 previous
14496.0 13772.0 560.0 116.0 marriage,
15184.0 13756.0 424.0 120.0 Steve,,

13880.0 13912.0 144.0 108.0 1?,
14092.0 13908.0 224.0 96.0 and
14388.0 13908.0 420.0 112.0 Kenny,
14880.0 13904.0 84.0 108.0 8,
15024.0 13916.0 276.0 80.0 were
15376.0 13908.0 232.0 144.0 m-j

13876.0 14072.0 380.0 88.0 purwfu
14328.0 14072.0 104.0 60.0 WJ
14492.0 14072.0 276.0 60.0 nave
14844.0 14072.0 252.0 56.0 uccit
15164.0 14072.0 380.0 64.0 aiccp

13876.0 14172.0 312.0 92.0 when
14232.0 14164.0 192.0 96.0 the
14468.0 14160.0 512.0 120.0 shooting
15012.0 14164.0 528.0 96.0 occurred

13876.0 14296.0 116.0 96.0 in
14048.0 14296.0 180.0 100.0 the
14284.0 14296.0 444.0 96.0 kitchen
14788.0 14292.0 116.0 96.0 of
14960.0 14288.0 272.0 116.0 their
15268.0 14288.0 204.0 116.0 Jis

13872.0 14428.0 280.0 96.0 floor
14212.0 14424.0 660.0 112.0 apartment,
14940.0 14440.0 36.0 64.0 i
15248.0 14528.0 36.0 44.0 4

13864.0 14748.0 1276.0 196.0 Nighty-Night

13988.0 15008.0 376.0 112.0 HULL,
14472.0 14996.0 520.0 124.0 England.
15096.0 14968.0 496.0 132.0 Nov.'l!

13864.0 15140.0 296.0 108.0 (UPI)
14280.0 15136.0 492.0 116.0 Starting
14856.0 15136.0 312.0 112.0 today
15252.0 15112.0 284.0 116.0 chit

13864.0 15276.0 268.0 96.0 dren
14176.0 15272.0 124.0 100.0 in
14348.0 15268.0 236.0 96.0 Hull
14636.0 15288.0 212.0 76.0 can
14900.0 15268.0 200.0 100.0 dial
15148.0 15288.0 64.0 76.0 a
15256.0 15240.0 336.0 120.0 tele-'

13864.0 15408.0 364.0 112.0 phone
14292.0 15400.0 468.0 100.0 number
14820.0 15400.0 212.0 100.0 and
15088.0 15400.0 132.0 100.0 be
15284.0 15388.0 244.0 108.0 told

13864.0 15536.0 204.0 96.0 bed
14112.0 15536.0 276.0 100.0 time
14432.0 15536.0 416.0 96.0 stories.
14920.0 15592.0 12.0 44.0 ,

13912.0 12616.0 1696.0 416.0 kMother

7680.0 24624.0 152.0 168.0 A
