16116 25312
956.0 920.0 988.0 324.0 Boxing
2052.0 900.0 2140.0 288.0 Double-Header

944.0 1300.0 340.0 272.0 At
1400.0 1288.0 812.0 288.0 Albee
2320.0 1296.0 1420.0 280.0 December
3860.0 1308.0 184.0 260.0 4

1164.0 1720.0 248.0 104.0 The
1476.0 1724.0 288.0 104.0 RKO
1816.0 1724.0 344.0 96.0 Albec
2212.0 1728.0 496.0 96.0 Theater
2756.0 1724.0 592.0 120.0 yesterday
3404.0 1720.0 384.0 120.0 signed
3856.0 1736.0 76.0 80.0 a
3988.0 1712.0 516.0 104.0 contract

920.0 1852.0 128.0 100.0 te
1088.0 1860.0 472.0 112.0 present
1604.0 1856.0 184.0 100.0 the
1832.0 1852.0 260.0 104.0 first
2136.0 1856.0 376.0 104.0 closed
2556.0 1852.0 404.0 104.0 circuit
3004.0 1848.0 532.0 116.0 televised
3584.0 1844.0 420.0 124.0 boxing
4048.0 1844.0 408.0 104.0 double-

908.0 1980.0 456.0 100.0 header.
1156.0 2112.0 304.0 96.0 Both
1520.0 2116.0 200.0 96.0 the
1772.0 2108.0 772.0 120.0 heavyweight
2600.0 2104.0 876.0 128.0 championship
3532.0 2104.0 392.0 100.0 match
3988.0 2104.0 500.0 96.0 between

912.0 2236.0 624.0 120.0 champion
1608.0 2244.0 332.0 108.0 Floyd
2012.0 2244.0 588.0 96.0 Fatteraon
2672.0 2240.0 240.0 100.0 and
2976.0 2240.0 516.0 100.0 Barton's
3556.0 2232.0 284.0 100.0 Tom
3908.0 2232.0 584.0 116.0 McNeeley

908.0 2372.0 232.0 92.0 and
1192.0 2388.0 64.0 80.0 a
1308.0 2372.0 432.0 96.0 second
1788.0 2368.0 772.0 116.0 heavyweight
2616.0 2368.0 440.0 96.0 feature
3112.0 2364.0 500.0 100.0 between
3668.0 2372.0 388.0 104.0 Sonny
4108.0 2356.0 380.0 100.0 Listen

908.0 2500.0 236.0 92.0 and
1236.0 2496.0 508.0 104.0 German
1840.0 2496.0 612.0 116.0 champion
2552.0 2496.0 396.0 100.0 Albert
3036.0 2488.0 568.0 124.0 Westphal
3688.0 2488.0 236.0 100.0 wilt
4020.0 2488.0 132.0 100.0 be
4244.0 2508.0 204.0 100.0 pre-

912.0 2628.0 400.0 92.0 sented
1380.0 2648.0 168.0 76.0 on
1620.0 2628.0 188.0 100.0 the
1876.0 2624.0 436.0 104.0 Albee's
2380.0 2624.0 188.0 116.0 big-
2636.0 2644.0 396.0 80.0 screen
3100.0 2620.0 204.0 100.0 the
3380.0 2620.0 188.0 116.0 nif
3572.0 2616.0 128.0 100.0 ht
3768.0 2628.0 136.0 84.0 of
3972.0 2616.0 516.0 112.0 Monday,

912.0 2752.0 624.0 100.0 December
1596.0 2756.0 88.0 96.0 4.
1732.0 2756.0 236.0 96.0 The
2028.0 2752.0 1212.0 112.0 Patterson-McNeeley
3296.0 2748.0 380.0 100.0 match
3736.0 2740.0 232.0 108.0 will
4028.0 2744.0 132.0 96.0 be
4216.0 2744.0 268.0 100.0 held

908.0 2880.0 128.0 100.0 in
1076.0 2880.0 536.0 116.0 Toronto,
1656.0 2880.0 256.0 100.0 with
1964.0 2884.0 196.0 96.0 the
2208.0 2880.0 992.0 116.0 Uaton-Westphal
3248.0 2876.0 280.0 104.0 bout
3572.0 2868.0 656.0 120.0 emanatlnf
4280.0 2872.0 208.0 100.0 out

900.0 3008.0 132.0 96.0 of
1092.0 3008.0 708.0 104.0 Convention
1868.0 3012.0 260.0 92.0 Hall
2196.0 3008.0 120.0 100.0 in
2384.0 3004.0 808.0 124.0 Philadelphia.

852.0 8800.0 196.0 96.0 ON
1100.0 8800.0 692.0 100.0 VACATION
1924.0 8792.0 648.0 108.0 Cincinnati
2616.0 8796.0 308.0 104.0 Reds
2980.0 8792.0 236.0 108.0 vice
3272.0 8800.0 580.0 120.0 president
3908.0 8800.0 224.0 100.0 and
4184.0 8820.0 216.0 100.0 gen-

848.0 8932.0 240.0 104.0 eral
1140.0 8948.0 552.0 104.0 manager
1736.0 8932.0 216.0 100.0 Bill
2004.0 8932.0 424.0 100.0 DeWltt
2476.0 8932.0 232.0 100.0 and
2760.0 8932.0 184.0 104.0 his
2992.0 8932.0 256.0 100.0 wife
3304.0 8936.0 348.0 96.0 arrive
3704.0 8936.0 128.0 104.0 in
3880.0 8936.0 568.0 100.0 Honolulu

848.0 9068.0 184.0 96.0 for
1096.0 9080.0 64.0 84.0 a
1228.0 9068.0 572.0 100.0 two-week
1872.0 9064.0 520.0 100.0 vacation
2460.0 9060.0 468.0 104.0 .DeWltt
2988.0 9064.0 356.0 100.0 noted
3412.0 9084.0 300.0 100.0 upon
3780.0 9068.0 192.0 104.0 his
4036.0 9068.0 408.0 104.0 arrival

848.0 9200.0 260.0 100.0 that
1160.0 9200.0 152.0 96.0 he
1368.0 9200.0 380.0 100.0 hasn't
1800.0 9196.0 236.0 100.0 had
2092.0 9212.0 72.0 80.0 a
2220.0 9192.0 516.0 108.0 vacation
2796.0 9196.0 308.0 104.0 since
3164.0 9200.0 152.0 96.0 he
3380.0 9200.0 452.0 100.0 became
3896.0 9220.0 144.0 84.0 an
4100.0 9200.0 340.0 100.0 office

852.0 9332.0 216.0 116.0 boy
1128.0 9328.0 280.0 104.0 with
1480.0 9332.0 196.0 100.0 the
1740.0 9332.0 156.0 96.0 St.
1964.0 9328.0 324.0 104.0 Louis
2356.0 9332.0 468.0 100.0 Browns
2896.0 9328.0 108.0 100.0 In
3084.0 9324.0 276.0 108.0 1916.

876.0 9724.0 1496.0 408.0 Hornung
2516.0 9716.0 1580.0 344.0 Available

860.0 10248.0 464.0 332.0 To
1488.0 10244.0 1312.0 340.0 Packers
2960.0 10252.0 588.0 324.0 For

860.0 10768.0 812.0 340.0 Next
1808.0 10772.0 756.0 336.0 Two
2720.0 10776.0 1148.0 332.0 Games

872.0 11364.0 40.0 112.0 ;
1072.0 11340.0 648.0 116.0 CHICAGO,
1760.0 11340.0 268.0 100.0 Nov.
2088.0 11336.0 48.0 104.0 1
2188.0 11352.0 156.0 88.0 cm
2476.0 11340.0 260.0 104.0 Star
2784.0 11336.0 536.0 104.0 halfback
3372.0 11340.0 260.0 108.0 Paul
3684.0 11344.0 544.0 120.0 Hornung
4280.0 11340.0 124.0 104.0 of

816.0 11504.0 204.0 100.0 the
1092.0 11504.0 380.0 96.0 Green
1552.0 11500.0 224.0 116.0 Bay
1848.0 11496.0 508.0 116.0 Packers,
2436.0 11492.0 624.0 124.0 regardless
3132.0 11496.0 128.0 104.0 of
3336.0 11492.0 404.0 108.0 results
3812.0 11500.0 128.0 100.0 of
4016.0 11516.0 64.0 80.0 a
4148.0 11516.0 256.0 84.0 new

808.0 11660.0 512.0 124.0 physical
1412.0 11656.0 768.0 100.0 examination
2256.0 11656.0 180.0 100.0 for
2512.0 11656.0 500.0 120.0 military
3088.0 11652.0 452.0 116.0 service,
3620.0 11652.0 228.0 100.0 will
3932.0 11656.0 132.0 100.0 be
4148.0 11652.0 256.0 104.0 able

800.0 11828.0 132.0 96.0 to
1024.0 11820.0 256.0 124.0 play
1372.0 11820.0 212.0 100.0 the
1672.0 11820.0 272.0 96.0 next
2032.0 11816.0 220.0 100.0 two
2348.0 11816.0 520.0 116.0 Sundays
2960.0 11812.0 452.0 116.0 against
3496.0 11812.0 192.0 100.0 the
3784.0 11808.0 612.0 104.0 Baltimore

808.0 11984.0 308.0 100.0 Colts
1164.0 11980.0 240.0 100.0 and
1452.0 11976.0 484.0 116.0 Chicago
1984.0 11980.0 372.0 104.0 Bears,
2404.0 11972.0 88.0 100.0 It
2540.0 11988.0 232.0 84.0 was
2824.0 11968.0 552.0 104.0 disclosed
3424.0 11968.0 364.0 120.0 today.

940.0 12144.0 136.0 104.0 It
1180.0 12156.0 304.0 80.0 was
1592.0 12128.0 664.0 108.0 announced
2372.0 12128.0 156.0 100.0 at

808.0 12300.0 828.0 116.0 headquarters
1752.0 12292.0 124.0 100.0 of
2004.0 12292.0 200.0 96.0 the
2328.0 12288.0 196.0 96.0 5th

804.0 12472.0 324.0 104.0 army
1208.0 12456.0 272.0 100.0 that
1572.0 12452.0 516.0 116.0 althougs
2172.0 12448.0 300.0 96.0 Horn-

804.0 12636.0 244.0 100.0 ung
1088.0 12612.0 88.0 100.0 Is
1216.0 12608.0 544.0 120.0 expected
1804.0 12604.0 116.0 100.0 to
1968.0 12604.0 308.0 100.0 leave
2316.0 12596.0 196.0 100.0 the

800.0 12768.0 132.0 104.0 U.
1000.0 12776.0 96.0 92.0 s.
1156.0 12772.0 320.0 108.0 Navy
1564.0 12752.0 708.0 128.0 Hospital
2368.0 12752.0 148.0 100.0 at

800.0 12904.0 352.0 100.0 Great
1204.0 12900.0 400.0 108.0 Lakes,
1656.0 12892.0 188.0 112.0 111.,
1900.0 12884.0 612.0 120.0 Thursday,

800.0 13036.0 160.0 100.0 he
1028.0 13032.0 372.0 100.0 would
1480.0 13028.0 196.0 100.0 not
1748.0 13024.0 136.0 96.0 be
1960.0 13016.0 360.0 104.0 called
2392.0 13020.0 120.0 96.0 to

796.0 13160.0 728.0 116.0 military
1620.0 13152.0 408.0 100.0 service
2104.0 13148.0 116.0 100.0 In
2292.0 13164.0 224.0 100.0 any

800.0 13296.0 336.0 104.0 event
1244.0 13288.0 308.0 100.0 until
1664.0 13284.0 532.0 112.0 Tuesday,
2308.0 13276.0 164.0 100.0 No-

800.0 13428.0 456.0 96.0 vember
1304.0 13424.0 148.0 92.0 14.

792.0 13596.0 12.0 20.0 '
924.0 13600.0 556.0 108.0 Hornung
1580.0 13588.0 292.0 96.0 went
1976.0 13584.0 236.0 96.0 into
2312.0 13580.0 196.0 96.0 the

776.0 13728.0 508.0 116.0 hospital
1380.0 13724.0 196.0 96.0 for
1660.0 13740.0 64.0 76.0 a
1812.0 13712.0 424.0 120.0 special
2332.0 13728.0 132.0 76.0 ex-

784.0 13852.0 644.0 104.0 amination
1516.0 13848.0 284.0 100.0 after
1880.0 13868.0 68.0 76.0 a
2028.0 13836.0 436.0 124.0 prelimi-

776.0 14008.0 296.0 96.0 nary
1144.0 13988.0 236.0 96.0 test
1472.0 13976.0 488.0 104.0 October
2040.0 13972.0 124.0 96.0 24
2244.0 13988.0 216.0 76.0 can-

776.0 14116.0 364.0 100.0 celled
1232.0 14136.0 160.0 72.0 an
1484.0 14108.0 468.0 116.0 original
2040.0 14104.0 256.0 92.0 date
2384.0 14104.0 120.0 92.0 to

780.0 14248.0 384.0 116.0 report
1244.0 14244.0 128.0 96.0 to
1460.0 14240.0 164.0 96.0 Ft.
1700.0 14232.0 344.0 116.0 Riley,
2132.0 14232.0 312.0 92.0 Kans

776.0 14380.0 192.0 92.0 for
1040.0 14368.0 372.0 104.0 active
1508.0 14372.0 328.0 108.0 Army
1924.0 14356.0 280.0 120.0 duty
2284.0 14360.0 224.0 92.0 last

776.0 14504.0 528.0 116.0 Monday.
1396.0 14496.0 236.0 100.0 The
1712.0 14488.0 512.0 108.0 Packers'
2304.0 14488.0 200.0 120.0 top

776.0 14644.0 376.0 96.0 scorer
1196.0 14628.0 124.0 100.0 in
1372.0 14628.0 204.0 96.0 the
1624.0 14620.0 516.0 100.0 National
2184.0 14620.0 272.0 96.0 Foot-

772.0 14764.0 244.0 100.0 ball
1116.0 14760.0 452.0 116.0 League
1676.0 14752.0 208.0 96.0 has
1992.0 14748.0 508.0 104.0 suffered

768.0 14896.0 312.0 96.0 from
1136.0 14912.0 64.0 76.0 a
1260.0 14884.0 492.0 120.0 pinched
1808.0 14884.0 296.0 92.0 neck
2160.0 14896.0 340.0 80.0 nerve

772.0 15004.0 372.0 116.0 which
1188.0 15020.0 244.0 96.0 had
1476.0 15008.0 540.0 108.0 sidelined
2064.0 15008.0 240.0 96.0 him
2344.0 15028.0 152.0 80.0 on

776.0 15148.0 624.0 100.0 occasions.

900.0 15324.0 236.0 100.0 The
1176.0 15324.0 364.0 112.0 Army
1580.0 15308.0 912.0 108.0 announcement

772.0 15452.0 256.0 104.0 said
1172.0 15452.0 272.0 96.0 that
1592.0 15448.0 544.0 112.0 Hornung
2280.0 15440.0 216.0 100.0 has

768.0 15588.0 392.0 96.0 orders
1228.0 15580.0 312.0 96.0 from
1608.0 15576.0 188.0 100.0 the
1872.0 15572.0 256.0 100.0 14th
2188.0 15568.0 124.0 104.0 V.
2384.0 15572.0 104.0 96.0 S.

764.0 15720.0 352.0 108.0 Army
1216.0 15712.0 368.0 112.0 Corps
1680.0 15700.0 812.0 120.0 headquarters

772.0 15844.0 132.0 96.0 in
960.0 15832.0 748.0 120.0 Minneapolis
1764.0 15836.0 120.0 96.0 to
1940.0 15828.0 380.0 116.0 report
2372.0 15832.0 120.0 96.0 to

768.0 15972.0 172.0 108.0 Ft.
1032.0 15968.0 312.0 116.0 Riley
1432.0 15984.0 156.0 80.0 on
1668.0 15960.0 616.0 100.0 November
2376.0 15960.0 112.0 96.0 14

768.0 16104.0 196.0 96.0 for
1020.0 16100.0 272.0 112.0 duty
1356.0 16092.0 708.0 116.0 assignment
2120.0 16092.0 116.0 96.0 to
2292.0 16084.0 196.0 104.0 the

768.0 16228.0 324.0 100.0 896th
1208.0 16224.0 556.0 116.0 Engineer
1880.0 16224.0 612.0 112.0 Company,

768.0 16352.0 668.0 124.0 "providing
1592.0 16352.0 132.0 100.0 he
1884.0 16348.0 100.0 104.0 Is
2132.0 16348.0 360.0 104.0 found

764.0 16484.0 632.0 128.0 physically
1480.0 16476.0 624.0 128.0 qualified."

904.0 16640.0 444.0 104.0 Results
1412.0 16640.0 128.0 100.0 of
1592.0 16636.0 184.0 100.0 the
1832.0 16636.0 232.0 104.0 test
2116.0 16632.0 120.0 100.0 at
2288.0 16632.0 196.0 100.0 the

760.0 16772.0 356.0 100.0 Great
1204.0 16772.0 376.0 96.0 Lakes
1664.0 16768.0 504.0 116.0 Hospital
2264.0 16760.0 220.0 100.0 will

760.0 16904.0 156.0 96.0 be
976.0 16900.0 328.0 104.0 made
1376.0 16900.0 500.0 96.0 between
1936.0 16912.0 256.0 84.0 now
2256.0 16892.0 228.0 100.0 and

756.0 17032.0 276.0 124.0 his,
1116.0 17028.0 612.0 104.0 scheduled
1908.0 17020.0 576.0 120.0 reporting

804.0 17428.0 1388.0 328.0 Bantam
2340.0 17412.0 848.0 336.0 Title
3304.0 17412.0 840.0 328.0 Bout

796.0 17952.0 580.0 336.0 Set
1532.0 17948.0 624.0 328.0 For
2304.0 17944.0 1448.0 392.0 January

860.0 18464.0 640.0 116.0 "LONDON,
1576.0 18468.0 248.0 100.0 Nov.
1920.0 18464.0 44.0 100.0 1
2056.0 18460.0 304.0 112.0 (UPD

764.0 18608.0 604.0 104.0 Contracts
1460.0 18620.0 276.0 80.0 were
1836.0 18592.0 400.0 124.0 signed
2324.0 18596.0 116.0 96.0 to-

756.0 18744.0 236.0 112.0 day
1136.0 18736.0 192.0 100.0 for
1488.0 18752.0 152.0 80.0 an
1792.0 18728.0 684.0 120.0 undisputed

756.0 18868.0 356.0 104.0 world
1228.0 18860.0 896.0 120.0 bantamweight
2232.0 18856.0 248.0 100.0 title

756.0 19004.0 308.0 116.0 fight
1112.0 19004.0 512.0 96.0 between
1684.0 18996.0 452.0 100.0 Brazil's
2192.0 18992.0 288.0 100.0 Eder

752.0 19140.0 324.0 96.0 Jofre
1200.0 19132.0 248.0 100.0 and
1580.0 19124.0 548.0 104.0 Northern
2260.0 19124.0 172.0 96.0 Ire-

752.0 19268.0 372.0 104.0 land's
1176.0 19268.0 320.0 96.0 John
1556.0 19260.0 548.0 108.0 Caldwell,
2156.0 19256.0 120.0 104.0 to
2336.0 19256.0 140.0 96.0 be

756.0 19400.0 400.0 120.0 staged
1208.0 19400.0 124.0 96.0 In
1392.0 19400.0 220.0 96.0 Sao
1656.0 19396.0 380.0 108.0 Paulo,
2084.0 19388.0 392.0 120.0 Brazil,

756.0 19540.0 380.0 96.0 "some
1208.0 19532.0 292.0 100.0 time
1568.0 19528.0 112.0 100.0 In
1744.0 19520.0 596.0 120.0 January."

880.0 19688.0 428.0 108.0 British
1428.0 19688.0 572.0 124.0 promoter
2100.0 19680.0 372.0 104.0 Jack

752.0 19828.0 632.0 108.0 Solomons,
1488.0 19824.0 240.0 96.0 who
1828.0 19816.0 224.0 100.0 will
2152.0 19820.0 312.0 96.0 state

748.0 19960.0 216.0 100.0 the
1060.0 19960.0 308.0 108.0 bout,
1472.0 19952.0 212.0 100.0 will
1780.0 19952.0 168.0 116.0 fly
2044.0 19948.0 124.0 100.0 to
2260.0 19952.0 216.0 100.0 Sao

740.0 20336.0 112.0 196.0 3
956.0 20320.0 1464.0 256.0 Quarterbacks

728.0 20644.0 236.0 204.0 In
1052.0 20636.0 520.0 208.0 OSU
1668.0 20640.0 772.0 200.0 Picture

868.0 20948.0 772.0 104.0 COLUMBUS.
1692.0 20944.0 324.0 112.0 Ohio,
2076.0 20944.0 260.0 96.0 Nov.
2404.0 20944.0 52.0 100.0 1

740.0 21096.0 184.0 88.0 t&t
1032.0 21084.0 396.0 96.0 Coach
1568.0 21076.0 400.0 116.0 Woody
2108.0 21076.0 364.0 112.0 Hayes

736.0 21216.0 288.0 120.0 kept
1084.0 21212.0 192.0 104.0 his
1356.0 21208.0 288.0 100.0 Ohio
1716.0 21208.0 320.0 96.0 State
2112.0 21204.0 308.0 100.0 Buck-

664.0 21412.0 24.0 28.0 .
736.0 21364.0 268.0 96.0 eyes
1088.0 21364.0 152.0 80.0 on
1328.0 21344.0 212.0 96.0 the
1620.0 21340.0 488.0 116.0 practice
2188.0 21332.0 280.0 100.0 field

736.0 21476.0 304.0 96.0 until
1104.0 21472.0 312.0 100.0 after
1476.0 21472.0 272.0 96.0 dark
1808.0 21468.0 348.0 104.0 today
2216.0 21472.0 204.0 100.0 put

740.0 21608.0 260.0 120.0 ting
1160.0 21624.0 156.0 80.0 on
1496.0 21600.0 256.0 100.0 the
1916.0 21592.0 556.0 124.0 finishing

740.0 21732.0 480.0 116.0 touches
1268.0 21736.0 196.0 96.0 for
1504.0 21736.0 196.0 96.0 the
1740.0 21728.0 384.0 100.0 Bucks
2164.0 21740.0 260.0 88.0 com-

736.0 21868.0 212.0 116.0 ing
992.0 21868.0 360.0 100.0 battle
1396.0 21864.0 272.0 96.0 with
1708.0 21860.0 336.0 100.0 Iowa.

856.0 22000.0 308.0 100.0 Once
1208.0 21992.0 356.0 120.0 again
1600.0 21996.0 364.0 112.0 Hayes
2004.0 21988.0 232.0 100.0 had
2276.0 21984.0 184.0 108.0 his

720.0 22132.0 460.0 100.0 offense
1288.0 22124.0 508.0 116.0 working
1904.0 22124.0 296.0 96.0 hard
2304.0 22144.0 156.0 80.0 on

724.0 22256.0 468.0 124.0 passing
1260.0 22256.0 248.0 104.0 and
1564.0 22252.0 224.0 104.0 had
1844.0 22248.0 232.0 108.0 two
2128.0 22272.0 292.0 100.0 quar-

720.0 22396.0 532.0 96.0 terbacks
1312.0 22388.0 352.0 120.0 doing
1716.0 22392.0 312.0 96.0 most
2076.0 22392.0 124.0 96.0 of
2260.0 22388.0 200.0 100.0 the

716.0 22520.0 576.0 124.0 throwing
1488.0 22520.0 664.0 120.0 sophomore
2252.0 22520.0 208.0 96.0 Joe

728.0 22656.0 476.0 116.0 Sparma
1316.0 22652.0 236.0 100.0 and
1644.0 22652.0 408.0 100.0 Junior
2148.0 22652.0 304.0 100.0 John

720.0 22792.0 620.0 112.0 Mummey.
1492.0 22788.0 356.0 112.0 Hayes
1952.0 22780.0 244.0 100.0 said
2304.0 22780.0 152.0 100.0 he

720.0 22920.0 244.0 100.0 still
1020.0 22916.0 96.0 104.0 is
1176.0 22916.0 636.0 100.0 undecided
1872.0 22932.0 156.0 84.0 on
2084.0 22912.0 368.0 100.0 which

708.0 23048.0 156.0 108.0 of
956.0 23052.0 168.0 96.0 his
1216.0 23048.0 740.0 116.0 three-signal
2052.0 23048.0 400.0 96.0 callers

720.0 23180.0 236.0 108.0 will
1008.0 23180.0 184.0 124.0 get
1240.0 23184.0 212.0 100.0 the
1504.0 23180.0 480.0 116.0 starting
2032.0 23180.0 372.0 112.0 assign-

716.0 23316.0 336.0 100.0 ment
1088.0 23312.0 464.0 116.0 against
1592.0 23312.0 184.0 100.0 the
1820.0 23312.0 628.0 116.0 Hawkeyes.

720.0 23440.0 232.0 104.0 Bill
1048.0 23440.0 712.0 112.0 Mrukowskl,
1876.0 23444.0 256.0 96.0 who
2240.0 23440.0 212.0 104.0 ha3

724.0 23572.0 432.0 100.0 started
1224.0 23580.0 316.0 92.0 most
1596.0 23576.0 116.0 100.0 of
1768.0 23576.0 204.0 104.0 the
2036.0 23592.0 416.0 100.0 games,

720.0 23704.0 224.0 100.0 has
1004.0 23708.0 292.0 96.0 been
1360.0 23708.0 500.0 116.0 working
1924.0 23708.0 268.0 96.0 with
2252.0 23708.0 196.0 96.0 the

720.0 23836.0 588.0 104.0 defensive
1368.0 23840.0 308.0 100.0 team
1724.0 23840.0 312.0 100.0 most
2080.0 23840.0 120.0 96.0 of
2252.0 23836.0 196.0 100.0 the

716.0 23968.0 348.0 96.0 week.

856.0 24100.0 364.0 116.0 Hayes
1280.0 24096.0 256.0 104.0 said
1584.0 24104.0 196.0 100.0 the
1832.0 24104.0 272.0 116.0 only
2152.0 24100.0 256.0 124.0 play-

720.0 24244.0 148.0 84.0 er
928.0 24248.0 144.0 80.0 on
1144.0 24232.0 204.0 96.0 the
1428.0 24236.0 516.0 100.0 doubtful
2016.0 24236.0 196.0 100.0 list
2272.0 24236.0 180.0 96.0 for

720.0 24364.0 572.0 116.0 Saturday
1384.0 24360.0 100.0 104.0 is
1572.0 24384.0 432.0 88.0 reserve
2092.0 24368.0 356.0 124.0 guard

740.0 24488.0 148.0 100.0 Al
980.0 24496.0 456.0 100.0 Parker.

832.0 24652.0 28.0 128.0 !

2336.0 5980.0 528.0 128.0 VW.
2936.0 5972.0 340.0 116.0 1'
3816.0 6052.0 28.0 20.0 -

2700.0 12328.0 268.0 104.0 date
3040.0 12324.0 652.0 112.0 (November
3776.0 12324.0 188.0 116.0 14),
4032.0 12324.0 88.0 100.0 it
4184.0 12340.0 232.0 84.0 was

2700.0 12456.0 708.0 104.0 announced.

2816.0 12584.0 296.0 100.0 That
3180.0 12584.0 668.0 116.0 apparently
3916.0 12584.0 324.0 100.0 made
4312.0 12580.0 100.0 100.0 It

2692.0 12712.0 428.0 104.0 certain
3212.0 12716.0 544.0 112.0 Hornung
3848.0 12728.0 208.0 84.0 can
4148.0 12708.0 264.0 120.0 play

2692.0 12848.0 184.0 96.0 for
2968.0 12844.0 196.0 100.0 the
3268.0 12836.0 536.0 124.0 powerful
3908.0 12840.0 496.0 116.0 packers,

2692.0 12972.0 460.0 100.0 current
3216.0 12972.0 260.0 96.0 NFL
3536.0 12968.0 504.0 104.0 Western
4108.0 12968.0 248.0 100.0 lead-

2688.0 13120.0 212.0 92.0 ers,
3008.0 13100.0 116.0 96.0 at
3236.0 13096.0 612.0 104.0 Baltimore
3952.0 13096.0 452.0 120.0 Sunday

2692.0 13232.0 232.0 100.0 and
2964.0 13228.0 448.0 116.0 against
3452.0 13232.0 188.0 96.0 the
3680.0 13228.0 724.0 120.0 challenging

2688.0 13360.0 484.0 116.0 Chicago
3276.0 13360.0 336.0 96.0 Bears
3696.0 13360.0 132.0 96.0 In
3916.0 13356.0 480.0 120.0 Chicago

2688.0 13492.0 488.0 112.0 Sunday,
3220.0 13488.0 624.0 100.0 November
3896.0 13492.0 140.0 96.0 12.

2816.0 13676.0 172.0 96.0 An
3032.0 13672.0 348.0 116.0 Army
3420.0 13676.0 676.0 116.0 spokesman
4140.0 13696.0 208.0 76.0 con-

2688.0 13808.0 344.0 96.0 ceded
3152.0 13812.0 264.0 96.0 that
3528.0 13804.0 500.0 96.0 between
4148.0 13828.0 256.0 76.0 now

2684.0 13940.0 232.0 96.0 and
2968.0 13940.0 616.0 96.0 November
3640.0 13940.0 160.0 108.0 14,
3856.0 13940.0 544.0 112.0 Hornung

2684.0 14092.0 220.0 76.0 can
2960.0 14088.0 420.0 100.0 pursue
3440.0 14064.0 168.0 104.0 his
3664.0 14092.0 212.0 96.0 pro
3928.0 14072.0 468.0 96.0 football

2684.0 14220.0 408.0 80.0 career.

2804.0 14388.0 108.0 100.0 If
2988.0 14388.0 192.0 108.0 the
3276.0 14388.0 640.0 100.0 evaluation
3996.0 14384.0 120.0 100.0 of
4192.0 14384.0 204.0 104.0 the

2672.0 14516.0 780.0 108.0 examination
3488.0 14524.0 116.0 96.0 at
3640.0 14524.0 360.0 96.0 Great
4036.0 14520.0 348.0 100.0 Lakes

2672.0 14672.0 396.0 104.0 proves
3168.0 14656.0 544.0 116.0 Hornung
3812.0 14652.0 304.0 100.0 unfit
4208.0 14652.0 184.0 100.0 for

2668.0 14784.0 500.0 116.0 military
3240.0 14780.0 448.0 120.0 service,
3764.0 14784.0 132.0 96.0 of
3964.0 14796.0 420.0 100.0 course,

2668.0 14920.0 156.0 100.0 he
2884.0 14916.0 212.0 100.0 will
3156.0 14916.0 148.0 100.0 be
3368.0 14912.0 544.0 104.0 available
3972.0 14912.0 192.0 100.0 the
4224.0 14928.0 124.0 80.0 re-

2668.0 15044.0 524.0 108.0 mainder
3320.0 15048.0 120.0 96.0 of
3560.0 15048.0 380.0 96.0 Green
4064.0 15048.0 324.0 108.0 Bay's

2680.0 15180.0 344.0 100.0 effort
3180.0 15180.0 124.0 96.0 to
3464.0 15176.0 584.0 120.0 recapture
4196.0 15176.0 200.0 96.0 the

2660.0 15316.0 344.0 96.0 NFL's
3060.0 15408.0 12.0 16.0 .
3132.0 15312.0 504.0 96.0 western
3768.0 15304.0 248.0 100.0 title
4144.0 15304.0 232.0 100.0 and

2668.0 15444.0 240.0 100.0 also
3000.0 15460.0 64.0 80.0 a
3156.0 15440.0 476.0 120.0 possible
3724.0 15436.0 608.0 120.0 champion-

2676.0 15576.0 260.0 120.0 ship
3004.0 15572.0 440.0 120.0 playoff
3516.0 15568.0 116.0 100.0 In
3712.0 15568.0 372.0 100.0 Green
4156.0 15572.0 240.0 112.0 Bay

2672.0 15704.0 620.0 100.0 December
3356.0 15704.0 144.0 96.0 31.

2796.0 15832.0 692.0 112.0 Meanwhile,
3580.0 15832.0 380.0 100.0 Green
4056.0 15832.0 324.0 112.0 Bay's

2668.0 15964.0 576.0 104.0 middle
3380.0 15964.0 636.0 100.0 linebacker
4144.0 15964.0 236.0 108.0 Ray

2668.0 16096.0 532.0 104.0 Nltschke
3260.0 16092.0 348.0 104.0 heads
3668.0 16096.0 184.0 100.0 for
3908.0 16092.0 480.0 100.0 another

2672.0 16236.0 260.0 96.0 tour
3044.0 16232.0 124.0 92.0 of
3296.0 16232.0 332.0 112.0 Army
3756.0 16224.0 276.0 120.0 duty
4148.0 16220.0 236.0 104.0 this

2664.0 16364.0 336.0 96.0 week.
3064.0 16360.0 504.0 100.0 Another
3628.0 16356.0 424.0 100.0 Packer
4108.0 16360.0 272.0 104.0 star,

2656.0 16496.0 448.0 100.0 flanker
3196.0 16488.0 308.0 124.0 Boyd
3596.0 16488.0 464.0 112.0 Dowler,
4148.0 16484.0 228.0 100.0 will

2668.0 16628.0 140.0 96.0 be
2896.0 16624.0 248.0 100.0 able
3224.0 16624.0 124.0 96.0 to
3424.0 16620.0 256.0 124.0 play
3760.0 16620.0 224.0 96.0 two
4060.0 16632.0 316.0 84.0 more

2668.0 16776.0 380.0 100.0 games
3212.0 16752.0 376.0 100.0 before
3756.0 16744.0 620.0 120.0 Joining

2660.0 16884.0 532.0 104.0 Nltschke
3272.0 16880.0 120.0 104.0 In
3464.0 16880.0 192.0 100.0 the
3732.0 16876.0 280.0 104.0 32nd
4084.0 16876.0 244.0 104.0 Divi-

2664.0 17020.0 248.0 100.0 sion
2964.0 17020.0 116.0 96.0 at
3132.0 17016.0 164.0 96.0 Ft.
3348.0 17012.0 368.0 116.0 Lewis,
3768.0 17012.0 360.0 96.0 Wash.

2660.0 18464.0 344.0 100.0 Paulo
3048.0 18480.0 152.0 76.0 on
3256.0 18456.0 612.0 100.0 December
3908.0 18452.0 60.0 100.0 7
4016.0 18452.0 112.0 100.0 to
4176.0 18452.0 140.0 100.0 de-

2660.0 18592.0 248.0 100.0 cide
2980.0 18608.0 148.0 80.0 on
3216.0 18604.0 68.0 84.0 a
3368.0 18584.0 376.0 104.0 choice
3828.0 18584.0 124.0 100.0 of
4024.0 18584.0 292.0 100.0 stadi-

2660.0 18740.0 264.0 84.0 ums
2960.0 18720.0 232.0 100.0 and
3236.0 18724.0 172.0 96.0 set
3452.0 18736.0 64.0 80.0 a
3552.0 18716.0 472.0 100.0 definite
4068.0 18716.0 296.0 96.0 date.

2784.0 18856.0 228.0 96.0 The
3084.0 18852.0 304.0 116.0 fight
3456.0 18852.0 504.0 96.0 between
4020.0 18848.0 344.0 112.0 Jofre,

2652.0 18988.0 204.0 100.0 the
2932.0 18980.0 524.0 104.0 National
3532.0 18980.0 440.0 116.0 Boxing
2652.0 18984.0 1676.0 248.0 Association-recognized

3864.0 19112.0 424.0 100.0 cham-

2652.0 19248.0 300.0 120.0 pion,
3028.0 19244.0 236.0 100.0 and
3340.0 19240.0 556.0 120.0 Caldwell,
3968.0 19244.0 396.0 96.0 holder

2648.0 19380.0 128.0 100.0 of
2884.0 19380.0 192.0 100.0 the
3196.0 19380.0 588.0 116.0 European
3888.0 19376.0 472.0 112.0 version,

2652.0 19508.0 224.0 104.0 will
2952.0 19512.0 140.0 96.0 be
3168.0 19508.0 272.0 100.0 held
3516.0 19508.0 124.0 100.0 at
3716.0 19504.0 368.0 100.0 either
4156.0 19508.0 200.0 96.0 the

2656.0 19640.0 392.0 112.0 100,000
3136.0 19636.0 512.0 116.0 capacity
3736.0 19636.0 188.0 100.0 Dr.
4012.0 19636.0 344.0 100.0 Paulo

2648.0 19772.0 556.0 100.0 Machado
3244.0 19768.0 560.0 100.0 Carvalho
3844.0 19768.0 512.0 100.0 stadium

2644.0 19924.0 136.0 80.0 or
2888.0 19904.0 196.0 96.0 the
3196.0 19900.0 400.0 104.0 indoor
3708.0 19900.0 648.0 116.0 Iblrapuera

2644.0 20040.0 400.0 108.0 Arena,
3180.0 20036.0 368.0 100.0 which
3676.0 20036.0 220.0 96.0 has
4020.0 20032.0 336.0 112.0 20,000

2640.0 20172.0 336.0 96.0 seats.

2776.0 20300.0 256.0 96.0 Sam
3096.0 20296.0 584.0 120.0 Docherty,
3736.0 20296.0 252.0 100.0 who
4040.0 20312.0 268.0 84.0 man-

2648.0 20448.0 268.0 96.0 ages
3012.0 20428.0 556.0 108.0 Caldwell,
3664.0 20424.0 396.0 116.0 signed
4156.0 20428.0 200.0 96.0 the

2644.0 20564.0 516.0 96.0 contract
3240.0 20580.0 156.0 80.0 on
3480.0 20560.0 396.0 100.0 behalf
3956.0 20560.0 116.0 96.0 of
4152.0 20564.0 200.0 92.0 the

2640.0 20692.0 604.0 108.0 Irishman,
3300.0 20696.0 244.0 92.0 who
3600.0 20692.0 512.0 100.0 retained
4168.0 20692.0 184.0 96.0 his

2644.0 20828.0 440.0 96.0 version
3184.0 20820.0 128.0 100.0 of
3408.0 20824.0 188.0 96.0 the
3696.0 20824.0 608.0 116.0 champion-

2644.0 20952.0 260.0 120.0 ship
2952.0 20952.0 516.0 120.0 Tuesday
3520.0 20952.0 340.0 116.0 night
3912.0 20956.0 444.0 112.0 against

2640.0 21084.0 716.0 100.0 Frenchman
3464.0 21084.0 572.0 120.0 Alphonse
4140.0 21088.0 168.0 96.0 Ha-

2644.0 21216.0 272.0 96.0 limi.
3044.0 21220.0 244.0 96.0 Abe
3420.0 21220.0 932.0 100.0 Kattenelson

2640.0 21344.0 392.0 116.0 signed
3112.0 21364.0 168.0 84.0 on
3356.0 21348.0 384.0 100.0 behalf
3820.0 21352.0 124.0 100.0 of
4020.0 21348.0 344.0 116.0 Jofre,

2644.0 21480.0 372.0 96.0 whom
3064.0 21480.0 152.0 100.0 he
3264.0 21476.0 512.0 104.0 handles.

2764.0 21608.0 752.0 104.0 Katzenelson
3584.0 21608.0 292.0 120.0 said,
3948.0 21612.0 368.0 100.0 "what-

2632.0 21760.0 268.0 80.0 ever
2956.0 21740.0 500.0 104.0 stadium
3508.0 21740.0 592.0 104.0 Solomons
4160.0 21744.0 144.0 96.0 de-

2636.0 21872.0 312.0 100.0 cides
2992.0 21892.0 160.0 84.0 on
3200.0 21876.0 228.0 100.0 will
3472.0 21872.0 140.0 104.0 be
3660.0 21876.0 272.0 100.0 O.K.
3984.0 21876.0 140.0 116.0 by
4176.0 21892.0 176.0 80.0 us.

2636.0 22004.0 384.0 100.0 Either
3080.0 22024.0 240.0 80.0 one
3380.0 22004.0 212.0 100.0 will
3660.0 22008.0 152.0 96.0 be
3884.0 22004.0 460.0 120.0 packed.

2632.0 22136.0 316.0 100.0 Jofre
3044.0 22152.0 232.0 84.0 can
3376.0 22140.0 304.0 96.0 draw
3792.0 22136.0 328.0 112.0 17,000
4224.0 22136.0 124.0 100.0 to

2640.0 22268.0 336.0 104.0 18,000
3044.0 22268.0 192.0 100.0 for
3304.0 22284.0 72.0 80.0 a
3444.0 22264.0 528.0 104.0 non-UUe
4044.0 22268.0 304.0 120.0 fight

2636.0 22400.0 124.0 96.0 at
2852.0 22400.0 192.0 96.0 the
3136.0 22396.0 392.0 104.0 indoor
3624.0 22400.0 500.0 100.0 stadium
4212.0 22416.0 132.0 80.0 so

2632.0 22548.0 232.0 96.0 you
2916.0 22548.0 216.0 80.0 can
3196.0 22528.0 496.0 116.0 imagine
3748.0 22532.0 204.0 100.0 the
4012.0 22528.0 300.0 104.0 inter-

2632.0 22660.0 184.0 96.0 est
2908.0 22660.0 332.0 100.0 there
3336.0 22660.0 216.0 100.0 will
3648.0 22664.0 152.0 96.0 be
3904.0 22660.0 120.0 100.0 In
4120.0 22664.0 224.0 92.0 Sao

2632.0 22788.0 436.0 100.0 Paulo's
3216.0 22784.0 256.0 108.0 first
3604.0 22792.0 356.0 96.0 world
4100.0 22792.0 248.0 100.0 title

2636.0 22920.0 384.0 112.0 fight."

2760.0 23052.0 592.0 96.0 Solomons
3440.0 23048.0 276.0 112.0 said,
3808.0 23048.0 116.0 104.0 "I
4008.0 23052.0 336.0 100.0 wont

2632.0 23184.0 332.0 100.0 make
3080.0 23196.0 236.0 96.0 any
3428.0 23184.0 920.0 96.0 announcement

2628.0 23332.0 156.0 80.0 on
2868.0 23316.0 188.0 96.0 the
3140.0 23312.0 468.0 100.0 definite
3696.0 23312.0 264.0 100.0 date
4044.0 23312.0 296.0 104.0 until

2632.0 23444.0 52.0 100.0 I
2752.0 23444.0 280.0 100.0 have
3100.0 23444.0 236.0 96.0 had
3408.0 23464.0 64.0 80.0 a
3536.0 23444.0 292.0 120.0 good
3896.0 23448.0 252.0 100.0 look
4212.0 23452.0 128.0 92.0 at

2632.0 23576.0 204.0 96.0 the
2936.0 23572.0 584.0 108.0 stadiums,
3628.0 23580.0 188.0 96.0 set
3916.0 23596.0 156.0 96.0 up
4176.0 23596.0 156.0 80.0 an

2628.0 23708.0 344.0 96.0 office
3044.0 23708.0 336.0 96.0 down
3456.0 23704.0 324.0 100.0 there
3864.0 23708.0 224.0 100.0 and
4164.0 23728.0 136.0 80.0 ar-

2632.0 23836.0 424.0 120.0 ranged
3128.0 23840.0 188.0 100.0 for
3384.0 23840.0 188.0 96.0 the
3640.0 23836.0 512.0 124.0 printing
4216.0 23836.0 132.0 104.0 of

2636.0 23972.0 428.0 96.0 tickets.

2756.0 24104.0 284.0 96.0 "But
3108.0 24100.0 68.0 100.0 I
3248.0 24096.0 360.0 124.0 figure
3676.0 24120.0 168.0 80.0 on
3928.0 24120.0 68.0 84.0 a
4068.0 24104.0 268.0 100.0 date

2628.0 24232.0 588.0 104.0 sometime
3284.0 24232.0 120.0 100.0 in
3464.0 24232.0 200.0 100.0 the
3720.0 24240.0 420.0 96.0 second
4200.0 24252.0 140.0 84.0 or

2632.0 24364.0 304.0 100.0 third
2988.0 24360.0 320.0 104.0 week
3360.0 24360.0 120.0 104.0 of
3532.0 24368.0 600.0 116.0 January,"
4184.0 24364.0 152.0 100.0 he

2620.0 24496.0 280.0 100.0 said.

3848.0 24648.0 72.0 64.0 A.

3864.0 24780.0 40.0 128.0 I

4644.0 688.0 872.0 304.0 Oscar,
5632.0 680.0 748.0 324.0 Elgin

4872.0 1200.0 1968.0 664.0 Royals
7104.0 1192.0 2120.0 664.0 Hoping
9488.0 1176.0 808.0 560.0 To
10552.0 1184.0 1320.0 568.0 Cool

5676.0 1960.0 440.0 120.0 Special
6180.0 1960.0 160.0 100.0 To
6404.0 1956.0 240.0 104.0 The
6716.0 1948.0 536.0 128.0 Enquirer

4912.0 2124.0 268.0 100.0 LOS
5236.0 2120.0 644.0 108.0 ANGELES,
5948.0 2120.0 276.0 100.0 Nov.
6304.0 2116.0 44.0 100.0 1
6480.0 2116.0 240.0 96.0 The
6780.0 2104.0 628.0 104.0 Cincinnati
7476.0 2104.0 408.0 116.0 Royals
7948.0 2116.0 272.0 84.0 were

4676.0 2252.0 192.0 100.0 out
4920.0 2256.0 128.0 96.0 to
5104.0 2272.0 280.0 80.0 even
5440.0 2252.0 300.0 96.0 their
5800.0 2244.0 532.0 108.0 National
6392.0 2240.0 636.0 104.0 Basketball
7096.0 2236.0 680.0 104.0 Association
7844.0 2228.0 380.0 104.0 record

4676.0 2384.0 112.0 96.0 at
4840.0 2384.0 160.0 100.0 3-3
5060.0 2380.0 228.0 100.0 and
5344.0 2380.0 260.0 116.0 pick
5660.0 2396.0 152.0 96.0 up
5868.0 2396.0 320.0 84.0 some
6248.0 2372.0 516.0 96.0 valuable
6816.0 2364.0 440.0 124.0 ground
7308.0 2364.0 108.0 104.0 in
7468.0 2364.0 200.0 96.0 the
7728.0 2364.0 488.0 96.0 Western

4676.0 2508.0 492.0 104.0 Division
5276.0 2524.0 256.0 84.0 race
5644.0 2528.0 128.0 80.0 as
5872.0 2508.0 276.0 116.0 they
6256.0 2504.0 236.0 96.0 met
6596.0 2500.0 192.0 100.0 the
6900.0 2492.0 468.0 104.0 division
7468.0 2488.0 452.0 120.0 leading
8020.0 2488.0 204.0 104.0 Los

4668.0 2640.0 480.0 120.0 Angeles
5204.0 2640.0 408.0 100.0 Lakers
5680.0 2636.0 268.0 100.0 here
6008.0 2624.0 704.0 116.0 Wednesday
6764.0 2624.0 360.0 116.0 night.

4908.0 2768.0 244.0 104.0 The
5212.0 2784.0 328.0 104.0 game
5604.0 2760.0 436.0 108.0 started
6104.0 2760.0 128.0 104.0 at
6292.0 2760.0 116.0 96.0 11
6472.0 2776.0 108.0 100.0 p.
6640.0 2772.0 144.0 80.0 m.
6844.0 2756.0 356.0 108.0 (EST).
7264.0 2748.0 192.0 104.0 Los
7512.0 2744.0 476.0 124.0 Angeles
8044.0 2736.0 188.0 108.0 led

4676.0 2900.0 288.0 104.0 after
5028.0 2896.0 200.0 108.0 the
5296.0 2896.0 260.0 100.0 first
5616.0 2892.0 388.0 124.0 period
6072.0 2892.0 128.0 100.0 of
6268.0 2888.0 292.0 120.0 play,
6628.0 2888.0 304.0 100.0 27-25.

4908.0 3032.0 248.0 100.0 The
5216.0 3028.0 444.0 112.0 Lakers,
5728.0 3028.0 176.0 96.0 off
5964.0 3028.0 128.0 96.0 to
6156.0 3020.0 300.0 104.0 their
6520.0 3012.0 244.0 104.0 best
6824.0 3016.0 292.0 100.0 start
7180.0 3012.0 112.0 100.0 In
7352.0 3028.0 348.0 100.0 years,
7768.0 3000.0 448.0 104.0 entered

4672.0 3160.0 192.0 100.0 the
4928.0 3176.0 332.0 104.0 game
5316.0 3156.0 272.0 96.0 with
5648.0 3172.0 68.0 80.0 a
5780.0 3156.0 156.0 96.0 5-1
6004.0 3148.0 428.0 100.0 record.
6492.0 3148.0 244.0 96.0 One
6792.0 3148.0 116.0 92.0 of
6968.0 3144.0 324.0 96.0 those
7348.0 3140.0 272.0 100.0 wins
7688.0 3156.0 220.0 80.0 was
7964.0 3148.0 260.0 84.0 over

4668.0 3280.0 672.0 116.0 Cincinnati,
5400.0 3284.0 440.0 112.0 124-122,
5896.0 3280.0 128.0 100.0 at
6068.0 3284.0 272.0 96.0 New
6396.0 3276.0 296.0 104.0 York
6744.0 3268.0 216.0 104.0 last
7012.0 3268.0 464.0 104.0 October
7528.0 3272.0 160.0 96.0 24.

4900.0 3444.0 248.0 100.0 The
5196.0 3444.0 488.0 96.0 luckless
5744.0 3436.0 408.0 116.0 Royals
6204.0 3452.0 324.0 80.0 came
6596.0 3432.0 256.0 96.0 here
6912.0 3428.0 304.0 96.0 from
7272.0 3428.0 140.0 92.0 St.
7468.0 3420.0 332.0 100.0 Louis
7856.0 3420.0 352.0 96.0 where

4668.0 3576.0 264.0 116.0 they
5016.0 3572.0 376.0 96.0 bowed
5472.0 3572.0 124.0 96.0 to
5672.0 3568.0 208.0 96.0 the
5948.0 3568.0 268.0 92.0 New
6300.0 3560.0 300.0 100.0 York
6680.0 3556.0 452.0 112.0 Knlcks,
7216.0 3552.0 424.0 108.0 131-127,
7720.0 3552.0 496.0 108.0 Tuesday

4660.0 3704.0 360.0 112.0 night.
5084.0 3696.0 732.0 104.0 Cincinnati's
5880.0 3696.0 332.0 100.0 three
6280.0 3692.0 352.0 96.0 losses
6700.0 3688.0 276.0 96.0 have
7056.0 3688.0 272.0 92.0 been
7396.0 3684.0 140.0 108.0 by
7608.0 3704.0 68.0 72.0 a
7748.0 3676.0 268.0 100.0 total
8084.0 3672.0 124.0 100.0 of

4668.0 3828.0 260.0 104.0 nine
4988.0 3832.0 412.0 116.0 points.
5456.0 3824.0 340.0 100.0 Their
5848.0 3824.0 288.0 100.0 wins
6196.0 3844.0 284.0 76.0 were
6548.0 3836.0 260.0 80.0 over
6860.0 3816.0 160.0 100.0 St.
7076.0 3812.0 312.0 100.0 Louis
7440.0 3808.0 492.0 108.0 (138-129)
7984.0 3804.0 228.0 100.0 and

4668.0 3964.0 536.0 100.0 Syracuse
5252.0 3956.0 528.0 100.0 U3S-132).

4896.0 4088.0 156.0 100.0 Of
5108.0 4084.0 416.0 120.0 special
5584.0 4080.0 476.0 104.0 Interest
6116.0 4076.0 456.0 120.0 tonight
6628.0 4092.0 216.0 80.0 was
6904.0 4072.0 204.0 100.0 the
7172.0 4064.0 480.0 120.0 meeting
7712.0 4060.0 484.0 100.0 between

4660.0 4220.0 192.0 104.0 the
4912.0 4212.0 444.0 104.0 Lakers'
5420.0 4212.0 316.0 116.0 Elgin
5804.0 4208.0 416.0 120.0 Baylor
6284.0 4204.0 228.0 100.0 and
6576.0 4196.0 724.0 108.0 Cincinnati's
7360.0 4200.0 352.0 96.0 Oscar
7772.0 4192.0 392.0 100.0 Robert-

4660.0 4364.0 224.0 84.0 son.
4936.0 4344.0 316.0 116.0 They
5296.0 4356.0 292.0 84.0 were
5636.0 4340.0 160.0 100.0 2-3
5848.0 4340.0 116.0 100.0 In
6020.0 4336.0 200.0 100.0 the
6268.0 4332.0 520.0 104.0 National
6832.0 4324.0 628.0 104.0 Basketball
7512.0 4320.0 688.0 104.0 Association

4664.0 4472.0 444.0 120.0 scoring
5176.0 4492.0 256.0 84.0 race
5500.0 4468.0 228.0 104.0 last
5796.0 4484.0 412.0 88.0 season
6280.0 4460.0 232.0 100.0 and
6584.0 4480.0 188.0 80.0 are
6844.0 4452.0 556.0 124.0 generally
7464.0 4448.0 536.0 120.0 regarded
8076.0 4464.0 132.0 80.0 as

4656.0 4608.0 192.0 100.0 the
4908.0 4608.0 228.0 96.0 two
5196.0 4596.0 300.0 104.0 most
5560.0 4592.0 640.0 104.0 all-around
6268.0 4584.0 504.0 104.0 talented
6836.0 4588.0 440.0 116.0 players
7340.0 4580.0 104.0 100.0 in
7520.0 4580.0 208.0 100.0 the
7796.0 4592.0 340.0 100.0 game.

4892.0 4724.0 604.0 124.0 Including
5552.0 4740.0 384.0 104.0 games
5988.0 4724.0 128.0 96.0 of
6168.0 4720.0 224.0 100.0 last
6440.0 4716.0 484.0 116.0 Sunday,
6980.0 4712.0 312.0 120.0 Elgin
7348.0 4708.0 320.0 104.0 stood
7728.0 4708.0 180.0 96.0 No.
7960.0 4704.0 56.0 100.0 2
8076.0 4700.0 120.0 100.0 in

4568.0 5176.0 848.0 416.0 XU
5544.0 5160.0 1352.0 432.0 Needs
7096.0 5144.0 1896.0 424.0 Another
9192.0 5128.0 1344.0 408.0 'Push'
10632.0 5120.0 1208.0 416.0 After

4592.0 5776.0 2344.0 472.0 Damaging
7096.0 5752.0 984.0 408.0 Loss
8320.0 5720.0 544.0 424.0 To
9088.0 5712.0 824.0 424.0 The
10152.0 5712.0 1616.0 416.0 Citadel

4756.0 6376.0 496.0 104.0 Xavler's
5364.0 6364.0 464.0 112.0 football
5936.0 6368.0 412.0 100.0 team

4640.0 6540.0 296.0 104.0 finds
5052.0 6532.0 304.0 104.0 itself
5460.0 6532.0 124.0 100.0 at
5680.0 6528.0 200.0 100.0 the
5992.0 6540.0 308.0 84.0 cross-

4632.0 6696.0 324.0 104.0 roads
5068.0 6712.0 280.0 84.0 once
5456.0 6688.0 332.0 120.0 again
5900.0 6704.0 132.0 84.0 as
6136.0 6684.0 200.0 100.0 the

4636.0 6852.0 692.0 108.0 Musketeers
5440.0 6864.0 664.0 104.0 prepare
6220.0 6844.0 120.0 96.0 to

4628.0 7016.0 296.0 104.0 meet
4972.0 7012.0 204.0 104.0 the
5220.0 7004.0 628.0 116.0 University
5892.0 7000.0 128.0 100.0 of
6060.0 7004.0 236.0 100.0 Lou-

4632.0 7168.0 344.0 108.0 isville
5048.0 7168.0 264.0 100.0 here
5376.0 7160.0 556.0 120.0 Saturday
6000.0 7160.0 300.0 100.0 after-

4624.0 7348.0 328.0 84.0 noon.
4740.0 7488.0 328.0 100.0 After
5188.0 7476.0 572.0 124.0 whipping
5884.0 7468.0 400.0 104.0 Cincin-

4624.0 7640.0 232.0 108.0 nati
4972.0 7644.0 124.0 100.0 to
5208.0 7656.0 280.0 84.0 even
5608.0 7636.0 188.0 100.0 the
5912.0 7648.0 416.0 84.0 season

4624.0 7800.0 388.0 108.0 record
5128.0 7800.0 120.0 104.0 at
5360.0 7796.0 196.0 112.0 2-2,
5672.0 7788.0 380.0 104.0 Coach
6168.0 7784.0 164.0 100.0 Ed

4620.0 7960.0 496.0 116.0 Doherty
5220.0 7952.0 248.0 108.0 said
5592.0 7952.0 120.0 100.0 of
5824.0 7944.0 508.0 104.0 Xavler's

4620.0 8120.0 264.0 104.0 next
4932.0 8112.0 616.0 124.0 opponent,
5600.0 8104.0 284.0 108.0 Ohio
5940.0 8108.0 168.0 104.0 U.:
6164.0 8104.0 168.0 100.0 "It

4624.0 8280.0 88.0 104.0 Is
4784.0 8296.0 64.0 84.0 a
4928.0 8276.0 320.0 104.0 must
5320.0 8288.0 332.0 104.0 game
5724.0 8268.0 180.0 104.0 for
5980.0 8284.0 168.0 80.0 us.
6228.0 8260.0 108.0 100.0 It

4616.0 8436.0 364.0 104.0 would
5044.0 8432.0 208.0 124.0 put
5312.0 8448.0 136.0 84.0 us
5516.0 8444.0 264.0 84.0 over
5836.0 8428.0 204.0 96.0 the
6112.0 8424.0 216.0 96.0 .500

4616.0 8592.0 272.0 104.0 level
4956.0 8592.0 236.0 104.0 and
5252.0 8588.0 248.0 120.0 give
5560.0 8608.0 136.0 80.0 us
5756.0 8584.0 200.0 100.0 the
6024.0 8580.0 308.0 124.0 push

4616.0 8776.0 152.0 84.0 we
4820.0 8748.0 304.0 104.0 need
5172.0 8768.0 128.0 84.0 so
5348.0 8744.0 444.0 104.0 much."

4728.0 8908.0 316.0 112.0 Well,
5164.0 8904.0 416.0 104.0 Xavler
5692.0 8920.0 252.0 80.0 won
6072.0 8900.0 260.0 100.0 that

4616.0 9060.0 356.0 100.0 game,
5024.0 9036.0 228.0 104.0 and
5296.0 9040.0 200.0 96.0 the
5544.0 9036.0 276.0 96.0 next
5860.0 9052.0 224.0 80.0 one
6136.0 9032.0 192.0 96.0 too

4608.0 9180.0 176.0 96.0 for
4832.0 9192.0 68.0 80.0 a
4956.0 9168.0 396.0 104.0 record
5404.0 9164.0 124.0 100.0 of
5580.0 9164.0 164.0 100.0 4-2
5800.0 9160.0 236.0 100.0 and
6088.0 9160.0 228.0 104.0 had

4608.0 9308.0 312.0 96.0 three
5060.0 9296.0 492.0 116.0 straight
5680.0 9312.0 392.0 96.0 games
6204.0 9292.0 124.0 100.0 at

4604.0 9436.0 332.0 96.0 home
5048.0 9428.0 452.0 116.0 coming
5604.0 9444.0 184.0 92.0 up.
5924.0 9424.0 360.0 112.0 Every-

4604.0 9560.0 324.0 120.0 thing
5016.0 9556.0 400.0 100.0 looked
5504.0 9572.0 256.0 96.0 rosy
5840.0 9572.0 156.0 80.0 on
6084.0 9552.0 192.0 100.0 Vic-

4604.0 9692.0 236.0 116.0 tory
4904.0 9688.0 536.0 116.0 Parkway
5496.0 9684.0 232.0 100.0 and
5788.0 9684.0 200.0 96.0 XU
6056.0 9684.0 260.0 96.0 fans

4608.0 9820.0 216.0 100.0 had
4872.0 9816.0 424.0 104.0 visions
5340.0 9816.0 120.0 100.0 of
5504.0 9832.0 68.0 84.0 a
5620.0 9812.0 188.0 112.0 7-3,
5856.0 9832.0 128.0 80.0 or
6028.0 9828.0 288.0 80.0 even

4608.0 9972.0 136.0 80.0 an
4792.0 9952.0 164.0 100.0 8-2
5008.0 9968.0 436.0 80.0 season.

4640.0 10132.0 20.0 32.0 .
4720.0 10080.0 320.0 100.0 Then
5104.0 10080.0 336.0 112.0 along
5500.0 10092.0 320.0 80.0 came
5880.0 10072.0 204.0 100.0 the
6148.0 10072.0 168.0 96.0 7-6

4600.0 10216.0 212.0 96.0 loss
4928.0 10216.0 132.0 96.0 to
5176.0 10212.0 236.0 96.0 The
5532.0 10204.0 436.0 104.0 Citadel
6096.0 10204.0 228.0 96.0 last

4592.0 10344.0 296.0 100.0 week
4976.0 10340.0 236.0 104.0 and
5300.0 10340.0 196.0 100.0 the
5592.0 10336.0 448.0 100.0 dreams
6136.0 10336.0 136.0 96.0 be-

4604.0 10492.0 312.0 80.0 came
5044.0 10472.0 236.0 116.0 Just
5392.0 10472.0 288.0 96.0 that.

4700.0 10608.0 216.0 96.0 Not
4964.0 10604.0 256.0 96.0 that
5268.0 10620.0 212.0 76.0 one
5536.0 10620.0 320.0 96.0 game
5908.0 10600.0 400.0 100.0 makes

4584.0 10756.0 68.0 84.0 a
4744.0 10756.0 444.0 92.0 season,
5288.0 10736.0 204.0 96.0 but
5596.0 10732.0 268.0 96.0 with
5968.0 10748.0 68.0 80.0 a
6140.0 10728.0 164.0 96.0 4-3

4584.0 10872.0 412.0 104.0 record,
5076.0 10868.0 92.0 100.0 it
5240.0 10864.0 520.0 100.0 becomes
5836.0 10860.0 472.0 104.0 obvious

4580.0 11004.0 244.0 96.0 that
4952.0 11000.0 204.0 100.0 the
5280.0 11000.0 696.0 96.0 Musketeers
6112.0 11012.0 192.0 80.0 are

4580.0 11132.0 456.0 120.0 playing
5212.0 11132.0 484.0 96.0 another
5868.0 11128.0 440.0 96.0 "must"

4588.0 11284.0 344.0 100.0 game,
5032.0 11260.0 220.0 100.0 and
5352.0 11256.0 440.0 124.0 against
5888.0 11280.0 60.0 80.0 a
6044.0 11260.0 264.0 100.0 club

4588.0 11396.0 256.0 100.0 with
4900.0 11396.0 320.0 120.0 great
5268.0 11396.0 216.0 100.0 size
5544.0 11392.0 224.0 100.0 and
5824.0 11412.0 64.0 84.0 a
5948.0 11388.0 352.0 104.0 lethal

4584.0 11528.0 456.0 120.0 passing
5108.0 11544.0 348.0 100.0 game.

4700.0 11660.0 236.0 104.0 The
4992.0 11660.0 220.0 100.0 size
5272.0 11660.0 124.0 100.0 of
5452.0 11660.0 200.0 96.0 the
5712.0 11652.0 592.0 104.0 Cardinals

4596.0 11788.0 520.0 100.0 becomes
5236.0 11808.0 64.0 80.0 a
5420.0 11788.0 372.0 116.0 major
5908.0 11788.0 400.0 108.0 factor,

4576.0 11924.0 200.0 96.0 not
4820.0 11920.0 488.0 100.0 because
5356.0 11924.0 196.0 96.0 the
5604.0 11924.0 704.0 96.0 Musketeers

4580.0 12052.0 208.0 100.0 will
4852.0 12056.0 144.0 100.0 be
5060.0 12048.0 700.0 120.0 outweighed
5824.0 12056.0 484.0 116.0 (they've

4580.0 12184.0 276.0 100.0 been
4936.0 12184.0 708.0 120.0 outweighed
5720.0 12184.0 172.0 100.0 six
5968.0 12184.0 344.0 96.0 times

4588.0 12320.0 516.0 116.0 already),
5196.0 12320.0 204.0 96.0 but
5492.0 12316.0 480.0 100.0 because
6068.0 12316.0 240.0 100.0 The

4580.0 12448.0 436.0 100.0 Citadel
5100.0 12448.0 236.0 116.0 ajso
5412.0 12468.0 256.0 80.0 won
5748.0 12448.0 204.0 100.0 the
6032.0 12448.0 236.0 116.0 phy-

4580.0 12572.0 264.0 108.0 sical
4900.0 12580.0 244.0 104.0 side
5204.0 12580.0 120.0 100.0 of
5376.0 12580.0 228.0 100.0 last
5652.0 12580.0 656.0 116.0 Saturday's

4580.0 12728.0 348.0 116.0 game.

4700.0 12900.0 168.0 96.0 On
4976.0 12900.0 196.0 100.0 the
5272.0 12896.0 528.0 100.0 sidelines
5904.0 12896.0 404.0 116.0 sitting

4576.0 13032.0 192.0 96.0 out
4832.0 13032.0 204.0 96.0 the
5104.0 13032.0 584.0 100.0 Louisville
5756.0 13032.0 256.0 120.0 fray
6080.0 13032.0 220.0 96.0 will

4584.0 13160.0 132.0 100.0 be
4780.0 13164.0 308.0 100.0 John
5164.0 13168.0 444.0 108.0 Nelson,
5684.0 13168.0 188.0 96.0 No.
5960.0 13164.0 52.0 100.0 1
6096.0 13168.0 208.0 92.0 left

4580.0 13300.0 384.0 108.0 guard;
5056.0 13296.0 228.0 100.0 Jim
5368.0 13300.0 496.0 112.0 Rupkey,
5960.0 13300.0 196.0 92.0 No.
6244.0 13300.0 56.0 96.0 2

4584.0 13428.0 292.0 112.0 right
4960.0 13432.0 264.0 104.0 end;
5320.0 13428.0 228.0 96.0 and
5640.0 13424.0 224.0 104.0 Jim
5956.0 13428.0 348.0 112.0 Husk,

4572.0 13556.0 188.0 96.0 No.
4836.0 13556.0 52.0 100.0 1
4972.0 13556.0 304.0 96.0 to-be
5348.0 13556.0 308.0 116.0 right
5728.0 13560.0 576.0 96.0 halfback.

4580.0 13688.0 252.0 96.0 Also
4940.0 13688.0 352.0 116.0 ailing
5392.0 13712.0 196.0 76.0 are
5688.0 13692.0 180.0 100.0 Irv
5972.0 13692.0 336.0 108.0 Etler,

4552.0 14080.0 1088.0 272.0 Combat
5752.0 14088.0 1020.0 268.0 Record

4736.0 14552.0 2248.0 496.0 Bearcats
7168.0 14560.0 1408.0 576.0 Sport
8744.0 14552.0 1104.0 496.0 Star
9992.0 14552.0 1960.0 496.0 Awards

4804.0 15288.0 192.0 96.0 BY
5072.0 15288.0 332.0 100.0 DICK
5480.0 15288.0 532.0 100.0 FORBES

4680.0 15444.0 144.0 100.0 Of
4892.0 15444.0 244.0 104.0 The
5208.0 15444.0 544.0 120.0 Enquirer
5828.0 15448.0 308.0 100.0 Staff

4668.0 15632.0 364.0 100.0 Those
5104.0 15632.0 212.0 120.0 big,
5380.0 15632.0 332.0 100.0 black
5776.0 15632.0 500.0 104.0 helmets

4552.0 15808.0 296.0 80.0 worn
4896.0 15788.0 152.0 120.0 by
5096.0 15788.0 644.0 104.0 Cincinnati
5792.0 15792.0 476.0 100.0 football

4548.0 15952.0 436.0 116.0 players
5036.0 15968.0 188.0 84.0 are
5272.0 15948.0 340.0 120.0 being
5656.0 15948.0 608.0 100.0 decorated

4544.0 16104.0 136.0 120.0 by
4772.0 16108.0 304.0 100.0 stars
5176.0 16108.0 320.0 100.0 these
5600.0 16104.0 300.0 120.0 days.
6004.0 16104.0 260.0 100.0 And

4540.0 16260.0 188.0 104.0 the
4816.0 16264.0 544.0 100.0 Bearcats
5452.0 16280.0 296.0 84.0 wear
5840.0 16264.0 424.0 104.0 them

4540.0 16416.0 688.0 124.0 proudly,
5404.0 16416.0 224.0 108.0 like
5800.0 16420.0 468.0 100.0 combat

4540.0 16576.0 460.0 108.0 medals.

4656.0 16736.0 228.0 104.0 The
4936.0 16736.0 300.0 104.0 stars
5288.0 16756.0 192.0 80.0 are
5536.0 16736.0 524.0 100.0 awarded
6112.0 16736.0 148.0 116.0 by

4536.0 16872.0 344.0 96.0 coach
4996.0 16872.0 392.0 96.0 Chuck
5500.0 16872.0 468.0 116.0 studley
6080.0 16868.0 184.0 100.0 for

4532.0 17004.0 408.0 96.0 almost
4992.0 17000.0 196.0 100.0 the
5236.0 17020.0 320.0 80.0 same
5600.0 17020.0 476.0 80.0 reasons
6124.0 17020.0 128.0 80.0 as

4524.0 17132.0 612.0 100.0 combat
5200.0 17132.0 604.0 116.0 personnel
6072.0 17132.0 184.0 100.0 for

4532.0 17260.0 772.0 104.0 "meritorious
5372.0 17264.0 420.0 100.0 service
5872.0 17260.0 124.0 100.0 in
6076.0 17284.0 132.0 80.0 ac-

4528.0 17392.0 328.0 100.0 tion."
4528.0 17548.0 60.0 120.0 t
4644.0 17556.0 212.0 96.0 For
4964.0 17552.0 204.0 100.0 the
5276.0 17556.0 568.0 108.0 Bearcats,
5956.0 17556.0 304.0 96.0 stars

4532.0 17700.0 192.0 84.0 are
4796.0 17684.0 528.0 100.0 awarded
5404.0 17688.0 184.0 96.0 for
5656.0 17680.0 272.0 104.0 nine
6012.0 17704.0 204.0 100.0 spe-

4520.0 17816.0 252.0 100.0 cific
4820.0 17832.0 508.0 84.0 reasons:

4516.0 18012.0 64.0 76.0 r
4636.0 17972.0 496.0 120.0 Causing
5192.0 17992.0 68.0 80.0 a
5316.0 17972.0 432.0 100.0 fumble

4640.0 18104.0 560.0 116.0 Recovery
5232.0 18104.0 120.0 100.0 of
5388.0 18124.0 148.0 80.0 an
5576.0 18100.0 672.0 120.0 opponents'

4524.0 18236.0 428.0 100.0 fumble
5060.0 18240.0 436.0 116.0 (except
5596.0 18252.0 148.0 80.0 on
5852.0 18236.0 400.0 100.0 fourth

4524.0 18364.0 356.0 112.0 down)

4524.0 18528.0 56.0 108.0 t
4640.0 18524.0 764.0 120.0 Intercepting
5472.0 18544.0 68.0 76.0 a
5604.0 18540.0 260.0 100.0 pass

4520.0 18624.0 60.0 148.0 i
4640.0 18656.0 544.0 120.0 Blocking
5248.0 18676.0 72.0 80.0 a
5380.0 18656.0 300.0 120.0 punt

4520.0 18828.0 60.0 80.0 r
4636.0 18788.0 556.0 120.0 Catching
5276.0 18808.0 72.0 80.0 a
5436.0 18788.0 52.0 96.0 t
5520.0 18808.0 68.0 76.0 o
5624.0 18804.0 72.0 76.0 u
5732.0 18800.0 60.0 84.0 c
5824.0 18764.0 420.0 124.0 hdown

4524.0 18936.0 256.0 100.0 pass

4524.0 19056.0 60.0 108.0 y
4640.0 19052.0 628.0 116.0 Returning
5360.0 19068.0 68.0 80.0 a
5520.0 19048.0 292.0 120.0 punt
5900.0 19048.0 184.0 100.0 for
6172.0 19064.0 72.0 80.0 a

4524.0 19184.0 668.0 100.0 touchdown

4636.0 19316.0 632.0 116.0 Returning
5324.0 19332.0 68.0 84.0 a
5444.0 19312.0 432.0 100.0 klckoff
5932.0 19312.0 184.0 100.0 for
6172.0 19328.0 68.0 80.0 a

4520.0 19444.0 676.0 100.0 touchdown

4636.0 19580.0 468.0 116.0 Scoring
5164.0 19596.0 144.0 80.0 on
5376.0 19596.0 64.0 80.0 a
5508.0 19596.0 216.0 80.0 run
5784.0 19576.0 128.0 100.0 of
5972.0 19592.0 268.0 84.0 over

4520.0 19708.0 120.0 96.0 50
4720.0 19708.0 344.0 116.0 yards

4516.0 19880.0 60.0 72.0 r
4632.0 19836.0 464.0 124.0 Playing
5140.0 19856.0 68.0 84.0 a
5252.0 19840.0 600.0 100.0 60-mlnute
5904.0 19856.0 328.0 100.0 game

4504.0 23832.0 920.0 100.0 BATTLE-STAR
5516.0 23832.0 724.0 100.0 BEARCATS
6364.0 23832.0 284.0 100.0 Here
6736.0 23852.0 196.0 84.0 are
7044.0 23836.0 108.0 100.0 11

4504.0 23968.0 120.0 96.0 of
4676.0 23968.0 120.0 96.0 13
4848.0 23968.0 652.0 100.0 Cincinnati
5552.0 23972.0 464.0 100.0 combat
6064.0 23976.0 456.0 112.0 experts
6572.0 23968.0 244.0 100.0 who
6864.0 23972.0 296.0 100.0 have

4504.0 24116.0 248.0 84.0 won
4800.0 24100.0 348.0 100.0 white
5200.0 24108.0 304.0 92.0 stars
5552.0 24100.0 184.0 100.0 for
5784.0 24104.0 744.0 120.0 particularly
6584.0 24104.0 536.0 100.0 outstand-

4512.0 24232.0 188.0 116.0 ing
4756.0 24232.0 412.0 100.0 efforts
5232.0 24252.0 156.0 80.0 on
5456.0 24236.0 204.0 96.0 the
5720.0 24236.0 488.0 100.0 football
6268.0 24236.0 312.0 100.0 field.
6644.0 24236.0 136.0 100.0 In
6844.0 24236.0 324.0 100.0 front

4504.0 24380.0 220.0 84.0 row
4812.0 24384.0 200.0 80.0 are
5104.0 24368.0 244.0 100.0 Phil
5440.0 24368.0 544.0 112.0 Goldner,
6072.0 24368.0 368.0 120.0 proud
6532.0 24388.0 420.0 80.0 wearer
7040.0 24368.0 128.0 100.0 of

4508.0 24500.0 212.0 96.0 five
4800.0 24508.0 336.0 104.0 stars,
5216.0 24500.0 236.0 96.0 and
5528.0 24504.0 288.0 96.0 Jack
5896.0 24500.0 252.0 104.0 Van
6232.0 24504.0 420.0 112.0 Buren;
6732.0 24504.0 428.0 100.0 second

6492.0 676.0 972.0 272.0 Collide

6516.0 6352.0 504.0 120.0 (missing
7080.0 6352.0 368.0 112.0 teeth);
7516.0 6348.0 284.0 100.0 Dick
7856.0 6344.0 336.0 104.0 Kohls

6520.0 6512.0 576.0 108.0 (shoulder
7200.0 6508.0 208.0 96.0 and
7512.0 6504.0 376.0 112.0 wrist);
7996.0 6504.0 196.0 96.0 Joe

6508.0 6644.0 544.0 96.0 Mollman
7204.0 6636.0 512.0 116.0 (pinched
7864.0 6652.0 260.0 80.0 nerv

6512.0 6776.0 224.0 92.0 and
6828.0 6768.0 464.0 104.0 interior
7376.0 6768.0 400.0 96.0 mouth
7868.0 6768.0 316.0 104.0 cuts);

6512.0 6904.0 232.0 92.0 Bob
6896.0 6904.0 616.0 112.0 Daumeyer
7680.0 6892.0 512.0 120.0 (pinched

6504.0 7036.0 408.0 108.0 nerve);
6968.0 7032.0 232.0 96.0 Jim
7244.0 7028.0 432.0 100.0 Thrush
7728.0 7024.0 456.0 108.0 (twisted

6484.0 7164.0 404.0 108.0 ankle);
6936.0 7160.0 280.0 100.0 Dick
7256.0 7160.0 536.0 96.0 Buechler
7828.0 7152.0 360.0 112.0 (ankle

6508.0 7292.0 456.0 116.0 sprain);
7064.0 7292.0 224.0 96.0 and
7372.0 7292.0 428.0 112.0 George
7888.0 7288.0 300.0 96.0 Potts

6500.0 7420.0 484.0 112.0 (bruised
7028.0 7420.0 260.0 116.0 hip).
7384.0 7420.0 172.0 96.0 All
7604.0 7440.0 196.0 76.0 are
7836.0 7412.0 356.0 104.0 "front

6512.0 7552.0 284.0 96.0 line"
6896.0 7552.0 948.0 116.0 performers
7968.0 7544.0 220.0 100.0 and

6512.0 7684.0 428.0 112.0 though
7020.0 7684.0 152.0 96.0 all
7244.0 7700.0 172.0 76.0 are
7492.0 7676.0 408.0 100.0 almost
7964.0 7696.0 184.0 76.0 cer

7304.0 8440.0 1816.0 760.0 yT),
9376.0 8784.0 160.0 104.0 ...

6480.0 9744.0 48.0 64.0 .
6752.0 9424.0 824.0 448.0 -A
7992.0 9528.0 88.0 304.0 (
8960.0 9544.0 232.0 296.0 V
9784.0 9560.0 24.0 32.0 '
10040.0 9552.0 32.0 16.0 '

6616.0 12896.0 648.0 96.0 TRAIMNG
7348.0 12896.0 176.0 96.0 TO
7612.0 12896.0 348.0 96.0 CHOP
8040.0 12892.0 408.0 100.0 DOWN
8532.0 12892.0 440.0 96.0 FLOYD
9276.0 12888.0 792.0 120.0 Heavyweight

6484.0 13028.0 648.0 112.0 challenger
7192.0 13028.0 248.0 100.0 Tom
7504.0 13028.0 568.0 116.0 McNeeley
8132.0 13028.0 396.0 100.0 makes
8588.0 13028.0 268.0 96.0 with
8916.0 13028.0 192.0 96.0 the
9172.0 13044.0 152.0 80.0 ax
9388.0 13032.0 120.0 92.0 at
9564.0 13024.0 500.0 120.0 training

6484.0 13180.0 328.0 100.0 camp
6892.0 13164.0 120.0 96.0 at
7092.0 13160.0 484.0 100.0 Colonial
7660.0 13164.0 476.0 112.0 Country
8216.0 13164.0 284.0 96.0 Club
8588.0 13156.0 112.0 104.0 in
8780.0 13156.0 636.0 120.0 Lynnfield,
9500.0 13160.0 360.0 108.0 Mass.,
9944.0 13160.0 116.0 96.0 In

6484.0 13296.0 716.0 116.0 preparation
7284.0 13296.0 164.0 96.0 for
7536.0 13296.0 600.0 100.0 December
8224.0 13296.0 60.0 96.0 4
8384.0 13292.0 240.0 100.0 title
8716.0 13292.0 268.0 100.0 bout
9072.0 13292.0 284.0 100.0 with
9452.0 13292.0 608.0 116.0 champion

6476.0 13432.0 332.0 112.0 Floyd
6920.0 13432.0 568.0 100.0 Patterson
7600.0 13428.0 120.0 100.0 In
7824.0 13424.0 504.0 104.0 Toronto.
8500.0 13424.0 608.0 116.0 McNeeley,
9220.0 13424.0 304.0 100.0 from
9632.0 13428.0 424.0 112.0 nearby

6480.0 13564.0 624.0 112.0 Arlington,
7168.0 13564.0 304.0 112.0 plans
7536.0 13564.0 224.0 92.0 five
7820.0 13564.0 108.0 92.0 to
7984.0 13560.0 312.0 116.0 eight
8360.0 13560.0 324.0 96.0 miles
8740.0 13560.0 120.0 92.0 of
8920.0 13556.0 592.0 100.0 roadwork
9576.0 13560.0 252.0 116.0 plus
9892.0 13560.0 168.0 96.0 six

6484.0 13696.0 412.0 100.0 rounds
6972.0 13696.0 120.0 96.0 in
7168.0 13696.0 232.0 112.0 ring
7464.0 13692.0 296.0 96.0 each
7828.0 13692.0 236.0 112.0 day.
8212.0 13696.0 180.0 92.0 AP
8448.0 13692.0 656.0 116.0 Wirephoto.

6580.0 15296.0 228.0 96.0 The
6896.0 15292.0 252.0 120.0 "big
7232.0 15296.0 428.0 116.0 daddy"
7748.0 15292.0 112.0 104.0 of
7940.0 15300.0 192.0 96.0 the

6452.0 15428.0 560.0 116.0 Bearcats,
7120.0 15448.0 120.0 80.0 so
7344.0 15432.0 172.0 96.0 far
7624.0 15448.0 128.0 84.0 as
7848.0 15432.0 284.0 100.0 stars

6452.0 15576.0 192.0 80.0 are
6768.0 15564.0 644.0 104.0 concerned,
7544.0 15564.0 100.0 100.0 is
7764.0 15560.0 368.0 116.0 Junior

6448.0 15688.0 492.0 100.0 fullback
7020.0 15688.0 236.0 100.0 Phil
7324.0 15692.0 496.0 100.0 Goldner
7888.0 15696.0 240.0 92.0 who

6452.0 15820.0 372.0 108.0 boasts
6868.0 15824.0 232.0 100.0 five
7144.0 15840.0 136.0 80.0 on
7324.0 15824.0 176.0 104.0 his
7544.0 15824.0 580.0 120.0 headgear.

6576.0 15980.0 496.0 100.0 Goldner
7112.0 15996.0 228.0 80.0 won
7384.0 15980.0 220.0 100.0 two
7652.0 15984.0 280.0 100.0 stars
7976.0 16000.0 140.0 76.0 on

6444.0 16132.0 216.0 80.0 one
6804.0 16112.0 264.0 120.0 play
7212.0 16112.0 436.0 116.0 against
7784.0 16116.0 336.0 92.0 North

6444.0 16244.0 348.0 104.0 Texas
6880.0 16248.0 316.0 100.0 State
7280.0 16248.0 208.0 96.0 last
7584.0 16244.0 540.0 116.0 Saturday

6440.0 16376.0 320.0 96.0 when
6888.0 16372.0 156.0 100.0 he
7172.0 16372.0 676.0 120.0 intercepted
7968.0 16396.0 148.0 80.0 an

6440.0 16504.0 328.0 116.0 Eagle
6836.0 16524.0 272.0 100.0 pass
7168.0 16508.0 212.0 96.0 and
7436.0 16508.0 532.0 100.0 returned
8028.0 16512.0 96.0 92.0 it

6444.0 16636.0 124.0 92.0 55
6652.0 16636.0 332.0 116.0 yards
7076.0 16640.0 116.0 92.0 to
7272.0 16656.0 60.0 80.0 a
7420.0 16636.0 692.0 100.0 touchdown.

6436.0 16764.0 268.0 108.0 This
6764.0 16768.0 372.0 104.0 added
7196.0 16768.0 200.0 100.0 two
7456.0 16788.0 316.0 80.0 more
7832.0 16772.0 284.0 96.0 stars

6436.0 16900.0 124.0 96.0 to
6668.0 16900.0 176.0 100.0 his
6960.0 16900.0 408.0 100.0 former
7476.0 16904.0 416.0 96.0 cluster
7996.0 16900.0 120.0 100.0 of

6440.0 17032.0 340.0 96.0 three.

6564.0 17164.0 404.0 100.0 Others
7060.0 17156.0 580.0 124.0 higher-up
7728.0 17164.0 108.0 96.0 In
7920.0 17160.0 192.0 100.0 the

6436.0 17292.0 464.0 104.0 football
7028.0 17288.0 528.0 120.0 galaxy
7676.0 17292.0 432.0 96.0 Include

6436.0 17420.0 528.0 100.0 halfback
7008.0 17424.0 272.0 96.0 Fred
7320.0 17420.0 516.0 112.0 Hynoskl,
7876.0 17420.0 244.0 96.0 who

6432.0 17552.0 216.0 96.0 has
6744.0 17568.0 64.0 80.0 a
6916.0 17552.0 292.0 116.0 punt
7296.0 17556.0 388.0 92.0 return
7788.0 17548.0 112.0 96.0 of
7996.0 17552.0 120.0 92.0 77

6428.0 17680.0 328.0 116.0 yards
6840.0 17684.0 236.0 96.0 and
7160.0 17700.0 200.0 80.0 one
7436.0 17700.0 272.0 96.0 pass
7788.0 17680.0 288.0 96.0 Inter-

6428.0 17812.0 440.0 116.0 ception
6940.0 17812.0 328.0 116.0 going
7320.0 17816.0 176.0 96.0 for
7556.0 17812.0 272.0 108.0 him,
7880.0 17812.0 220.0 96.0 and

6424.0 17944.0 536.0 96.0 center
7052.0 17944.0 264.0 96.0 Tom
7404.0 17940.0 700.0 108.0 Reinstatler,

6428.0 18088.0 248.0 80.0 now
6756.0 18076.0 204.0 96.0 out
7044.0 18072.0 120.0 100.0 of
7240.0 18072.0 364.0 100.0 action
7696.0 18072.0 248.0 96.0 with
8028.0 18092.0 68.0 76.0 a

6420.0 18204.0 616.0 100.0 dislocated
7168.0 18204.0 548.0 112.0 shoulder,
7840.0 18204.0 260.0 96.0 with

6424.0 18336.0 224.0 100.0 two
6700.0 18336.0 676.0 112.0 Intercepted
7432.0 18352.0 388.0 96.0 passes
7876.0 18332.0 220.0 96.0 and

6424.0 18480.0 64.0 80.0 a
6548.0 18468.0 584.0 96.0 recovered
7188.0 18464.0 444.0 96.0 fumble.

6548.0 18600.0 456.0 108.0 Studley
7100.0 18596.0 364.0 100.0 thinks
7548.0 18596.0 200.0 100.0 the
7836.0 18592.0 260.0 116.0 plan

6420.0 18724.0 148.0 100.0 he
6616.0 18728.0 724.0 112.0 inaugurated
7384.0 18728.0 316.0 116.0 early
7744.0 18728.0 112.0 100.0 In
7904.0 18728.0 192.0 96.0 the

6424.0 18876.0 392.0 80.0 season
6880.0 18860.0 100.0 96.0 is
7040.0 18856.0 388.0 116.0 paying
7484.0 18856.0 204.0 100.0 off.

6544.0 19056.0 412.0 100.0 "These
7016.0 19064.0 280.0 96.0 stars
7340.0 19080.0 192.0 72.0 are
7592.0 19064.0 200.0 88.0 not
7840.0 19060.0 256.0 112.0 only

6416.0 19192.0 376.0 108.0 dearly
6872.0 19188.0 348.0 108.0 won,"
7292.0 19192.0 456.0 108.0 Studley
7824.0 19188.0 272.0 112.0 said,

6416.0 19320.0 264.0 96.0 "but
6728.0 19320.0 196.0 96.0 the
6980.0 19320.0 264.0 112.0 boys
7292.0 19324.0 440.0 108.0 respect
7780.0 19324.0 312.0 96.0 those

6412.0 19452.0 252.0 96.0 who
6724.0 19448.0 288.0 96.0 have
7076.0 19452.0 328.0 112.0 them,
7468.0 19452.0 240.0 96.0 and
7768.0 19476.0 120.0 76.0 so
7948.0 19456.0 144.0 92.0 do

6412.0 19600.0 212.0 72.0 our
6684.0 19584.0 648.0 112.0 opponents.
7396.0 19580.0 192.0 104.0 We
7660.0 19580.0 276.0 120.0 hope
8004.0 19584.0 88.0 92.0 it

6412.0 19712.0 300.0 112.0 gives
6780.0 19716.0 324.0 88.0 them
7176.0 19716.0 216.0 92.0 sort
7460.0 19712.0 128.0 96.0 of
7664.0 19732.0 68.0 76.0 a
7804.0 19732.0 236.0 76.0 com-

6412.0 19844.0 252.0 112.0 plex
6768.0 19844.0 336.0 92.0 when
7208.0 19844.0 408.0 112.0 they're
7728.0 19844.0 356.0 96.0 belted

7096.0 21956.0 12.0 16.0 .
7660.0 21964.0 8.0 12.0 .
7928.0 21920.0 96.0 56.0 j&

6608.0 22364.0 16.0 20.0 .
6672.0 22328.0 92.0 56.0 sr4t
7224.0 22328.0 76.0 56.0 B
7508.0 22328.0 132.0 56.0 JT"

8656.0 23664.0 404.0 76.0 -fnaaifar
9128.0 23664.0 312.0 80.0 (Pattrt)
9508.0 23660.0 224.0 76.0 fhaaa

7320.0 23864.0 264.0 88.0 row.
7664.0 23840.0 316.0 100.0 Hank
8068.0 23844.0 540.0 112.0 Hartong.
8692.0 23840.0 276.0 100.0 Fred
9056.0 23836.0 548.0 120.0 Hynoskl,
9688.0 23840.0 284.0 96.0 Tom

7320.0 23980.0 704.0 112.0 Reinstatler;
8124.0 23976.0 316.0 100.0 third
8540.0 23992.0 256.0 96.0 row,
8892.0 23976.0 324.0 112.0 Doug
9320.0 23976.0 300.0 108.0 Rice,
9716.0 23968.0 252.0 100.0 Dan

7316.0 24112.0 612.0 116.0 Carpenter
8012.0 24112.0 236.0 96.0 and
8340.0 24112.0 360.0 108.0 Royce
8792.0 24108.0 432.0 100.0 Starks:
9324.0 24104.0 292.0 100.0 back
9708.0 24120.0 264.0 92.0 row,

7320.0 24244.0 368.0 96.0 Rufus
7780.0 24244.0 588.0 108.0 Simmons,
8468.0 24240.0 328.0 116.0 Andy
8888.0 24236.0 408.0 100.0 Chlodi
9400.0 24240.0 232.0 96.0 and
9732.0 24236.0 236.0 100.0 Ted

7316.0 24376.0 476.0 96.0 Harless.

8388.0 2120.0 540.0 192.0 THE
9056.0 2124.0 1484.0 200.0 CINCINNATI
10628.0 2132.0 1344.0 200.0 ENQUIRER

8396.0 4052.0 612.0 120.0 Thursday,
9064.0 4052.0 272.0 96.0 Nov.
9400.0 4048.0 96.0 112.0 2,
9556.0 4048.0 240.0 100.0 1961

8392.0 4428.0 228.0 104.0 this
8684.0 4424.0 496.0 104.0 season's
9244.0 4420.0 336.0 120.0 point
9636.0 4420.0 424.0 120.0 parade
10132.0 4416.0 252.0 104.0 with
10452.0 4440.0 148.0 80.0 an
10672.0 4436.0 456.0 100.0 average
11196.0 4416.0 116.0 108.0 of
11380.0 4420.0 124.0 100.0 33
11576.0 4416.0 364.0 124.0 points

8392.0 4576.0 68.0 84.0 a
8536.0 4572.0 356.0 100.0 game.
8956.0 4552.0 508.0 120.0 Baylor's
9532.0 4552.0 648.0 104.0 teammate,
10248.0 4548.0 304.0 116.0 Jerry
10624.0 4548.0 312.0 108.0 West,
11004.0 4568.0 224.0 80.0 was
11296.0 4544.0 308.0 104.0 third
11676.0 4548.0 256.0 100.0 with

8392.0 4708.0 64.0 80.0 a
8528.0 4688.0 216.0 100.0 32.3
8808.0 4700.0 512.0 100.0 average,
9396.0 4676.0 228.0 104.0 and
9696.0 4676.0 616.0 104.0 Robertson
10380.0 4676.0 384.0 100.0 fourth
10824.0 4676.0 272.0 100.0 with
11168.0 4696.0 64.0 80.0 a
11304.0 4676.0 220.0 100.0 30.8
11592.0 4676.0 340.0 112.0 mark,
11984.0 4780.0 24.0 24.0 ,

8368.0 6336.0 244.0 100.0 tain
8688.0 6336.0 120.0 96.0 to
8888.0 6336.0 288.0 112.0 play,
9264.0 6348.0 304.0 80.0 none
9652.0 6320.0 224.0 104.0 will
9960.0 6324.0 140.0 96.0 be

8364.0 6476.0 124.0 92.0 at
8552.0 6464.0 212.0 96.0 full
8832.0 6460.0 536.0 120.0 strength

8500.0 6600.0 248.0 104.0 But,
8816.0 6592.0 320.0 100.0 these
9212.0 6592.0 480.0 116.0 injuries
9756.0 6604.0 348.0 88.0 occur

8372.0 6732.0 120.0 100.0 to
8556.0 6744.0 328.0 104.0 every
8948.0 6728.0 480.0 100.0 football
9492.0 6732.0 308.0 92.0 team
9860.0 6724.0 236.0 104.0 and

8376.0 6888.0 188.0 76.0 are
8672.0 6884.0 68.0 80.0 a
8844.0 6868.0 256.0 116.0 part
9200.0 6864.0 128.0 96.0 of
9432.0 6864.0 196.0 96.0 the
9736.0 6876.0 360.0 100.0 game.

8376.0 7004.0 408.0 96.0 Xavier
8892.0 7000.0 212.0 100.0 will
9216.0 7000.0 256.0 116.0 Just
9576.0 6992.0 288.0 108.0 have
9972.0 6996.0 124.0 96.0 to

8372.0 7136.0 300.0 100.0 hook
8724.0 7152.0 152.0 100.0 up
8924.0 7132.0 300.0 100.0 their
9276.0 7136.0 296.0 104.0 belts
9620.0 7152.0 68.0 80.0 a
9736.0 7128.0 360.0 100.0 notch

8368.0 7268.0 228.0 104.0 and
8636.0 7272.0 328.0 96.0 make
9000.0 7264.0 964.0 120.0 compensations.

8500.0 7408.0 288.0 96.0 "The
8884.0 7404.0 440.0 116.0 biggest
9412.0 7400.0 332.0 116.0 thing
9832.0 7396.0 264.0 100.0 that

8368.0 7540.0 360.0 96.0 hurt
8760.0 7536.0 148.0 112.0 s,"
8980.0 7536.0 344.0 104.0 said
9404.0 7532.0 688.0 116.0 Doherty

8372.0 7672.0 712.0 116.0 Wednesday,
9136.0 7672.0 164.0 96.0 "is
9352.0 7672.0 260.0 96.0 that
9656.0 7688.0 164.0 80.0 we
9868.0 7668.0 232.0 100.0 lose

8316.0 15296.0 432.0 96.0 around
8804.0 15296.0 140.0 116.0 by
8992.0 15316.0 68.0 76.0 a
9116.0 15296.0 216.0 112.0 boy
9388.0 15292.0 264.0 96.0 with
9712.0 15296.0 316.0 92.0 three

8308.0 15452.0 128.0 76.0 or
8492.0 15432.0 252.0 92.0 four
8780.0 15432.0 288.0 92.0 stars
9100.0 15448.0 156.0 72.0 on
9300.0 15424.0 176.0 96.0 his
9516.0 15420.0 516.0 100.0 helmet."

8428.0 15584.0 688.0 108.0 Meanwhile,
9160.0 15576.0 872.0 120.0 yesterday,

8308.0 15720.0 444.0 96.0 there
8888.0 15732.0 224.0 80.0 was
9252.0 15712.0 776.0 96.0 considerable

8308.0 15852.0 348.0 96.0 doubt
8756.0 15852.0 248.0 92.0 that
9100.0 15848.0 540.0 96.0 halfback
9744.0 15844.0 280.0 100.0 Fred

8320.0 15984.0 360.0 96.0 Oblak
8796.0 15980.0 360.0 100.0 would
9280.0 15980.0 140.0 96.0 be
9544.0 15980.0 244.0 96.0 able
9912.0 15984.0 120.0 92.0 to

8308.0 16116.0 260.0 120.0 play
8664.0 16116.0 440.0 112.0 against
9204.0 16112.0 340.0 100.0 Tulsa
9644.0 16112.0 336.0 96.0 Satur-

8308.0 16252.0 216.0 112.0 day
8616.0 16252.0 116.0 92.0 at
8820.0 16244.0 364.0 112.0 Tulsa,
9284.0 16264.0 124.0 80.0 as
9504.0 16240.0 516.0 124.0 reported

8308.0 16384.0 620.0 96.0 elsewhere.

8428.0 16516.0 384.0 108.0 Oblak,
8896.0 16512.0 340.0 96.0 who's
9324.0 16508.0 284.0 100.0 been
9692.0 16508.0 332.0 100.0 fitted

8300.0 16648.0 200.0 96.0 out
8576.0 16644.0 264.0 96.0 with
8920.0 16664.0 60.0 76.0 a
9060.0 16644.0 428.0 116.0 special
9572.0 16644.0 444.0 120.0 padded

8300.0 16780.0 424.0 96.0 helmet
8856.0 16780.0 220.0 96.0 and
9212.0 16792.0 284.0 84.0 nose
9628.0 16776.0 388.0 116.0 guard,

8284.0 16916.0 212.0 96.0 has
8540.0 16912.0 168.0 96.0 his
8752.0 16912.0 308.0 96.0 teeth
9100.0 16908.0 912.0 100.0 rubber-banaed

8296.0 17048.0 540.0 112.0 together,
8936.0 17044.0 476.0 100.0 broke
9516.0 17044.0 176.0 96.0 his
9796.0 17048.0 220.0 108.0 Jaw

8296.0 17184.0 224.0 92.0 last
8640.0 17180.0 300.0 96.0 week
9068.0 17176.0 460.0 116.0 against
9648.0 17176.0 364.0 100.0 North

8296.0 17316.0 380.0 96.0 Texas.

8320.0 17668.0 1288.0 328.0 Pistons
9728.0 17668.0 768.0 328.0 Post
10612.0 17672.0 856.0 324.0 First

8332.0 18188.0 816.0 396.0 Win,
9288.0 18188.0 804.0 332.0 Cool
10196.0 18192.0 1188.0 332.0 Knicks

8400.0 18716.0 628.0 112.0 DETROIT,
9116.0 18712.0 276.0 100.0 Nov.
9484.0 18712.0 48.0 100.0 1
9624.0 18724.0 136.0 88.0 cT

8272.0 18876.0 240.0 96.0 The
8576.0 18872.0 428.0 100.0 Detroit
9068.0 18872.0 456.0 100.0 Pistons
9596.0 18872.0 400.0 116.0 finally

8272.0 19028.0 392.0 104.0 scored
8720.0 19032.0 296.0 96.0 their
9064.0 19028.0 276.0 100.0 first
9396.0 19028.0 416.0 116.0 victory
9868.0 19028.0 124.0 100.0 of

8272.0 19188.0 196.0 96.0 the
8532.0 19184.0 740.0 100.0 National
9340.0 19180.0 648.0 100.0 Basketball

8268.0 19316.0 696.0 100.0 Association
9036.0 19336.0 420.0 80.0 season
9540.0 19316.0 456.0 112.0 tonight

8284.0 19468.0 128.0 80.0 as
8528.0 19448.0 264.0 112.0 they
8900.0 19444.0 400.0 100.0 cooled
9420.0 19448.0 192.0 96.0 the
9728.0 19448.0 260.0 96.0 New

8272.0 19580.0 296.0 96.0 York
8664.0 19576.0 1000.0 112.0 Knickerbockers,
9768.0 19580.0 172.0 92.0 111-

8272.0 19708.0 148.0 100.0 95.
8184.0 21920.0 116.0 52.0 w
8968.0 21920.0 60.0 56.0 m
9572.0 21920.0 144.0 56.0 si

10272.0 2764.0 132.0 108.0 0

10808.0 3288.0 332.0 160.0 yp
11244.0 3244.0 548.0 204.0 iyk

11504.0 4048.0 276.0 116.0 Page
11840.0 4044.0 124.0 100.0 45

10268.0 6344.0 204.0 80.0 our
10520.0 6324.0 508.0 116.0 strength
11084.0 6344.0 148.0 84.0 on
11288.0 6324.0 196.0 104.0 the
11540.0 6328.0 404.0 104.0 second

10268.0 6460.0 276.0 112.0 unit,
10600.0 6464.0 188.0 100.0 the
10840.0 6464.0 252.0 100.0 unit
11144.0 6464.0 252.0 100.0 that
11448.0 6488.0 164.0 80.0 we
11668.0 6468.0 272.0 100.0 have

10272.0 6612.0 320.0 84.0 come
10704.0 6600.0 112.0 100.0 to
10920.0 6600.0 472.0 104.0 count
11508.0 6620.0 176.0 84.0 on
11788.0 6620.0 160.0 84.0 so

10268.0 6728.0 524.0 124.0 heavily."

10384.0 6896.0 236.0 100.0 The
10680.0 6896.0 680.0 104.0 Musketeers
11424.0 6900.0 224.0 100.0 will
11712.0 6904.0 232.0 100.0 also

10268.0 7028.0 284.0 100.0 have
10628.0 7032.0 112.0 100.0 to
10820.0 7036.0 432.0 116.0 tighten
11328.0 7056.0 164.0 100.0 up
11572.0 7040.0 140.0 100.0 Its
11784.0 7040.0 168.0 100.0 air

10256.0 7164.0 484.0 112.0 defense,
10816.0 7188.0 68.0 80.0 a
10960.0 7172.0 348.0 116.0 phase
11384.0 7172.0 128.0 104.0 In
11592.0 7176.0 356.0 100.0 which

10264.0 7300.0 268.0 116.0 they
10580.0 7304.0 188.0 100.0 fell
10816.0 7304.0 320.0 100.0 down
11188.0 7308.0 448.0 120.0 against
11676.0 7308.0 268.0 104.0 both

10264.0 7432.0 428.0 104.0 Detroit
10744.0 7440.0 216.0 100.0 and
11020.0 7444.0 232.0 100.0 The
11308.0 7440.0 460.0 104.0 Citadel.

10372.0 7628.0 948.0 128.0 Quarterbacklng
11364.0 7640.0 200.0 100.0 the
11600.0 7644.0 340.0 100.0 Cards

10268.0 7764.0 212.0 100.0 will
10528.0 7768.0 136.0 96.0 be
10712.0 7788.0 60.0 80.0 a
10820.0 7768.0 312.0 104.0 three
11180.0 7792.0 264.0 100.0 year
11492.0 7780.0 444.0 100.0 veteran

10264.0 7904.0 604.0 100.0 (freshmen
10984.0 7924.0 188.0 84.0 are
11280.0 7912.0 440.0 116.0 eligible
11824.0 7912.0 120.0 100.0 at

10260.0 8032.0 92.0 100.0 U
10436.0 8036.0 124.0 100.0 of
10648.0 8036.0 112.0 108.0 L)
10840.0 8040.0 116.0 100.0 In
11048.0 8040.0 192.0 104.0 the
11324.0 8064.0 408.0 104.0 person
11816.0 8048.0 124.0 100.0 of

10260.0 8168.0 292.0 104.0 John
10660.0 8172.0 316.0 100.0 Giles.
11088.0 8180.0 204.0 100.0 For
11392.0 8184.0 200.0 96.0 the
11692.0 8184.0 248.0 120.0 past

10260.0 8304.0 320.0 104.0 three
10664.0 8328.0 308.0 96.0 years
11064.0 8312.0 224.0 104.0 this
11372.0 8316.0 296.0 120.0 nifty
11748.0 8340.0 148.0 80.0 na-

10256.0 8436.0 216.0 104.0 tive
10576.0 8448.0 124.0 92.0 of
10796.0 8444.0 452.0 104.0 Plant
11348.0 8452.0 280.0 116.0 City,
11728.0 8452.0 208.0 100.0 has

10244.0 8576.0 404.0 120.0 passed
10692.0 8588.0 620.0 112.0 opponents
11360.0 8584.0 312.0 120.0 dizzy
11712.0 8588.0 228.0 100.0 and

10252.0 8712.0 472.0 116.0 enjoyed
10788.0 8736.0 64.0 76.0 a
10920.0 8720.0 728.0 120.0 particularly
11700.0 8724.0 232.0 96.0 fine

10260.0 8864.0 320.0 96.0 game
10664.0 8852.0 440.0 116.0 against
11180.0 8856.0 412.0 100.0 Xavier
11668.0 8876.0 116.0 84.0 as
11868.0 8876.0 68.0 84.0 a

10248.0 8988.0 684.0 116.0 sophomore.

10376.0 9148.0 292.0 100.0 That
10740.0 9168.0 264.0 100.0 year
11080.0 9152.0 192.0 104.0 the
11352.0 9156.0 588.0 100.0 Cardinals

10252.0 9280.0 264.0 100.0 held
10600.0 9304.0 64.0 80.0 a
10752.0 9288.0 212.0 96.0 10-0
11044.0 9288.0 528.0 104.0 halftime
11652.0 9312.0 240.0 80.0 mar-

10260.0 9420.0 216.0 112.0 gin,
10568.0 9420.0 256.0 116.0 only
10904.0 9424.0 120.0 100.0 to
11112.0 9444.0 180.0 80.0 see
11380.0 9428.0 560.0 100.0 Xavier

10256.0 9556.0 348.0 96.0 storm
10680.0 9556.0 276.0 100.0 back
11028.0 9560.0 268.0 100.0 with
11368.0 9564.0 128.0 96.0 28
11572.0 9564.0 364.0 116.0 points

10256.0 9684.0 108.0 104.0 in
10440.0 9692.0 196.0 96.0 the
10704.0 9692.0 212.0 100.0 last
10984.0 9692.0 248.0 104.0 half
11296.0 9692.0 124.0 104.0 to
11492.0 9696.0 212.0 104.0 win
11776.0 9700.0 116.0 96.0 28-

10248.0 9824.0 136.0 104.0 13.
10468.0 9828.0 288.0 96.0 That
10832.0 9824.0 92.0 100.0 Is
11016.0 9828.0 344.0 104.0 about
11436.0 9852.0 132.0 80.0 as
11644.0 9832.0 284.0 104.0 close

10252.0 9976.0 120.0 80.0 as
10456.0 9960.0 580.0 104.0 Louisville
11120.0 9964.0 208.0 100.0 has
11420.0 9988.0 312.0 80.0 come
11812.0 9972.0 116.0 96.0 to

10248.0 10092.0 456.0 120.0 beating
10788.0 10096.0 404.0 104.0 Xavier
11272.0 10100.0 124.0 100.0 in
11500.0 10104.0 108.0 100.0 11
11700.0 10120.0 188.0 104.0 pre-

10252.0 10232.0 308.0 100.0 vious
10624.0 10232.0 568.0 120.0 meetings.

10344.0 10452.0 640.0 96.0 X-CERPTS
11036.0 10524.0 156.0 28.0 ...
11232.0 10456.0 236.0 100.0 The
11508.0 10460.0 384.0 100.0 Muske-

10236.0 10572.0 232.0 100.0 teer
10536.0 10580.0 276.0 96.0 Club
10884.0 10576.0 220.0 100.0 will
11184.0 10580.0 268.0 100.0 hold
11532.0 10584.0 140.0 100.0 its
11748.0 10604.0 140.0 76.0 an-

10232.0 10700.0 264.0 100.0 nual
10592.0 10704.0 456.0 96.0 football
11136.0 10704.0 500.0 120.0 banquet
11712.0 10708.0 224.0 100.0 this

10232.0 10844.0 396.0 80.0 season
10696.0 10828.0 604.0 100.0 November
11368.0 10836.0 128.0 92.0 28
11560.0 10832.0 112.0 100.0 in
11740.0 10836.0 192.0 96.0 the

10228.0 10952.0 672.0 96.0 Netherland
10976.0 10948.0 540.0 108.0 Hilton
11592.0 10956.0 336.0 96.0 Hotel.

10236.0 11076.0 224.0 96.0 The
10524.0 11076.0 248.0 100.0 Rev.
10832.0 11076.0 272.0 96.0 Paul
11168.0 11080.0 100.0 96.0 L.
11328.0 11084.0 604.0 108.0 O'Connor,

10232.0 11200.0 96.0 100.0 S.
10396.0 11200.0 128.0 108.0 J.,
10596.0 11200.0 568.0 100.0 President
11232.0 11200.0 116.0 100.0 of
11416.0 11204.0 200.0 100.0 the
11684.0 11204.0 204.0 96.0 Uni-

10236.0 11324.0 428.0 112.0 versity,
10736.0 11324.0 220.0 96.0 and
11032.0 11328.0 344.0 96.0 coach
11452.0 11328.0 484.0 112.0 Doherty

10232.0 11448.0 212.0 100.0 will
10512.0 11468.0 304.0 80.0 serve
10924.0 11468.0 124.0 80.0 as
11152.0 11448.0 780.0 120.0 principle

10232.0 11576.0 516.0 112.0 speakers
10836.0 11640.0 24.0 32.0 .
10952.0 11644.0 20.0 28.0 .
11068.0 11640.0 24.0 28.0 .
11184.0 11576.0 232.0 100.0 The
11508.0 11576.0 380.0 100.0 Muske-

10232.0 11700.0 232.0 92.0 teer
10528.0 11696.0 276.0 96.0 Club
10868.0 11696.0 240.0 100.0 also
11180.0 11700.0 216.0 96.0 will
11472.0 11716.0 460.0 100.0 sponsor

10228.0 11840.0 60.0 72.0 a
10352.0 11820.0 348.0 100.0 social
10760.0 11824.0 488.0 116.0 meeting
11304.0 11824.0 448.0 116.0 tonight
11816.0 11824.0 108.0 96.0 in

10224.0 11944.0 192.0 104.0 the
10548.0 11952.0 460.0 116.0 Armory
11132.0 11968.0 144.0 76.0 on
11416.0 11952.0 196.0 92.0 the
11744.0 11948.0 188.0 96.0 XU

10224.0 12092.0 472.0 100.0 campus
10768.0 12076.0 172.0 96.0 for
11012.0 12068.0 144.0 104.0 all
11236.0 12076.0 260.0 112.0 past
11576.0 12072.0 308.0 96.0 letter-

10228.0 12220.0 260.0 80.0 men
10576.0 12200.0 116.0 100.0 in
10780.0 12216.0 140.0 80.0 an
11008.0 12200.0 488.0 112.0 attempt
11576.0 12200.0 116.0 92.0 to
11768.0 12216.0 116.0 76.0 re-

10228.0 12332.0 472.0 88.0 activate
10820.0 12324.0 196.0 92.0 the
11140.0 12320.0 568.0 100.0 Graduate
11832.0 12320.0 100.0 96.0 X

10228.0 12448.0 276.0 96.0 Club
10568.0 12516.0 24.0 32.0 .
10656.0 12520.0 24.0 28.0 .
10740.0 12516.0 24.0 28.0 .
10820.0 12448.0 360.0 112.0 Along
11232.0 12448.0 204.0 92.0 the
11500.0 12444.0 380.0 96.0 basket-

10232.0 12572.0 212.0 96.0 ball
10496.0 12572.0 276.0 104.0 beat,
10812.0 12572.0 372.0 92.0 Coach
11224.0 12568.0 236.0 96.0 Jim
11500.0 12564.0 376.0 96.0 McCaf-

10224.0 12696.0 372.0 116.0 ferty's
10684.0 12712.0 380.0 96.0 cagers
11152.0 12712.0 188.0 80.0 are
11432.0 12688.0 488.0 116.0 working

10224.0 12824.0 188.0 96.0 out
10476.0 12816.0 292.0 120.0 daily
10828.0 12816.0 224.0 100.0 and
11120.0 12836.0 184.0 76.0 are
11368.0 12832.0 504.0 100.0 progress-

10224.0 12944.0 184.0 120.0 ing
10508.0 12940.0 416.0 120.0 rapidly
11020.0 12940.0 264.0 96.0 with
11388.0 12940.0 204.0 96.0 the
11676.0 12956.0 200.0 96.0 pro-

10224.0 13092.0 304.0 96.0 gram
10600.0 13072.0 232.0 96.0 Mac
10904.0 13072.0 208.0 96.0 has
11176.0 13064.0 504.0 104.0 outlined
11748.0 13068.0 168.0 96.0 for

10220.0 13212.0 624.0 104.0 pre-season
10944.0 13192.0 332.0 100.0 drills.
11376.0 13192.0 216.0 100.0 Bill
11684.0 13192.0 188.0 96.0 Klr-

10220.0 13320.0 176.0 100.0 vin
10476.0 13320.0 208.0 96.0 has
10752.0 13320.0 284.0 96.0 been
11112.0 13316.0 408.0 100.0 slowed
11596.0 13316.0 312.0 96.0 down

10220.0 13448.0 184.0 92.0 the
10452.0 13444.0 224.0 96.0 last
10720.0 13444.0 388.0 116.0 couple
11156.0 13444.0 116.0 96.0 of
11324.0 13444.0 276.0 112.0 days
11648.0 13440.0 260.0 96.0 with

10220.0 13588.0 60.0 80.0 a
10348.0 13568.0 384.0 120.0 pulled
10796.0 13564.0 176.0 120.0 leg
11036.0 13564.0 460.0 116.0 muscle,
11564.0 13564.0 192.0 96.0 but
11824.0 13564.0 88.0 96.0 It

10216.0 13696.0 88.0 96.0 is
10368.0 13696.0 208.0 100.0 not
10636.0 13692.0 200.0 104.0 felt
10896.0 13696.0 116.0 96.0 to
11076.0 13692.0 136.0 100.0 be
11272.0 13688.0 452.0 104.0 serious.

10320.0 15288.0 276.0 100.0 He'll
10708.0 15292.0 176.0 116.0 get
10996.0 15292.0 192.0 100.0 the
11304.0 15288.0 252.0 100.0 acid
11664.0 15288.0 212.0 100.0 test

10200.0 15448.0 332.0 120.0 today
10624.0 15452.0 348.0 112.0 when,
11072.0 15452.0 288.0 96.0 after
11464.0 15452.0 416.0 120.0 getting

10200.0 15632.0 60.0 76.0 a
10328.0 15612.0 412.0 120.0 special
10804.0 15616.0 392.0 96.0 mouth
11268.0 15616.0 232.0 96.0 and
11568.0 15616.0 312.0 96.0 tooth

10200.0 15772.0 380.0 116.0 guard,
10688.0 15776.0 140.0 96.0 he
10944.0 15772.0 268.0 104.0 tries
11324.0 15776.0 552.0 120.0 "tackling

10196.0 15936.0 220.0 96.0 and
10476.0 15932.0 464.0 120.0 hitting"
10996.0 15952.0 148.0 80.0 on
11200.0 15940.0 196.0 96.0 the
11456.0 15936.0 268.0 100.0 sled.
11776.0 15940.0 100.0 96.0 If

10196.0 16096.0 136.0 100.0 he
10424.0 16100.0 272.0 100.0 feels
10776.0 16112.0 152.0 84.0 no
11016.0 16096.0 260.0 116.0 pain
11376.0 16100.0 220.0 96.0 anc'
11684.0 16104.0 192.0 96.0 the

10192.0 16232.0 448.0 96.0 contact
10688.0 16232.0 428.0 104.0 doecn't
11164.0 16232.0 404.0 104.0 bother
11616.0 16236.0 260.0 116.0 him,

10192.0 16364.0 252.0 104.0 he'll
10528.0 16364.0 132.0 100.0 be
10736.0 16364.0 320.0 120.0 given
11140.0 16388.0 64.0 80.0 a
11280.0 16372.0 456.0 96.0 chance.

10308.0 16504.0 672.0 100.0 Reinstatler
11092.0 16504.0 92.0 100.0 Is
11292.0 16504.0 584.0 116.0 definitely

10188.0 16640.0 220.0 92.0 out.
10492.0 16636.0 160.0 100.0 He
10724.0 16656.0 212.0 80.0 can
11016.0 16640.0 500.0 116.0 scarcely
11592.0 16640.0 276.0 96.0 raise

10184.0 16772.0 172.0 100.0 his
10444.0 16788.0 244.0 80.0 arm
10772.0 16772.0 228.0 96.0 and
11088.0 16776.0 464.0 116.0 Studley
11632.0 16776.0 236.0 96.0 said

10184.0 16904.0 112.0 96.0 "I
10368.0 16908.0 528.0 100.0 wouldn't
10972.0 16924.0 200.0 84.0 use
11252.0 16908.0 248.0 96.0 him
11576.0 16928.0 144.0 80.0 on
11800.0 16928.0 68.0 80.0 a

10180.0 17036.0 280.0 100.0 bet."
10516.0 17044.0 468.0 116.0 "Reiny"
11044.0 17044.0 216.0 96.0 will
11316.0 17040.0 144.0 100.0 be
11520.0 17044.0 348.0 116.0 sorely

10180.0 17172.0 416.0 104.0 missed
10668.0 17196.0 140.0 80.0 on
10884.0 17176.0 464.0 100.0 defense
11432.0 17180.0 436.0 116.0 against

10180.0 17312.0 192.0 100.0 the
10432.0 17312.0 424.0 100.0 Golden
10920.0 17312.0 652.0 100.0 Hurricane.

10284.0 18712.0 428.0 108.0 Detroit
10780.0 18716.0 228.0 100.0 had
11088.0 18720.0 216.0 96.0 lost
11380.0 18720.0 152.0 100.0 its
11608.0 18720.0 240.0 100.0 first

10172.0 18844.0 248.0 104.0 four
10520.0 18868.0 500.0 96.0 games
11112.0 18848.0 452.0 104.0 while
11656.0 18856.0 192.0 96.0 the

10168.0 18976.0 420.0 104.0 Knicks
10672.0 18980.0 220.0 100.0 had
10984.0 19000.0 240.0 84.0 won
11316.0 18984.0 264.0 100.0 four
11656.0 18984.0 196.0 100.0 out

10164.0 19108.0 116.0 100.0 of
10340.0 19112.0 200.0 100.0 six.

10284.0 19280.0 320.0 96.0 After
10704.0 19284.0 396.0 116.0 falling
11200.0 19288.0 424.0 96.0 behind
11732.0 19312.0 112.0 76.0 m

10168.0 19412.0 184.0 96.0 the
10408.0 19416.0 308.0 116.0 early
10768.0 19424.0 600.0 112.0 moments,
11432.0 19424.0 416.0 96.0 Detroit

10164.0 19552.0 580.0 92.0 recovered
10828.0 19552.0 120.0 92.0 to
11040.0 19552.0 256.0 96.0 take
11392.0 19572.0 68.0 72.0 a
11556.0 19552.0 276.0 96.0 23-22

10168.0 19676.0 244.0 92.0 lead
10468.0 19680.0 124.0 92.0 at
10644.0 19680.0 184.0 92.0 the
10888.0 19684.0 224.0 92.0 end
11168.0 19680.0 116.0 96.0 of
11340.0 19688.0 204.0 88.0 the
11600.0 19684.0 244.0 96.0 first

10164.0 19808.0 408.0 112.0 period.
10668.0 19812.0 308.0 96.0 Then
11080.0 19816.0 252.0 92.0 New
11472.0 19816.0 372.0 96.0 York

10160.0 19940.0 380.0 92.0 went
10636.0 19940.0 360.0 100.0 ahead
11064.0 19948.0 776.0 116.0 momentarily

10164.0 20064.0 192.0 100.0 but
10404.0 20072.0 120.0 92.0 13
10572.0 20072.0 472.0 112.0 straight
11088.0 20076.0 412.0 116.0 points,
11544.0 20076.0 296.0 112.0 eight

10160.0 20196.0 136.0 112.0 by
10364.0 20200.0 240.0 92.0 Bob
10672.0 20204.0 356.0 116.0 Ferry,
11096.0 20212.0 260.0 92.0 shot
11424.0 20208.0 416.0 100.0 Detroit

10160.0 20324.0 232.0 100.0 Into
10460.0 20348.0 68.0 76.0 a
10592.0 20332.0 276.0 96.0 3J-24
10936.0 20336.0 668.0 120.0 advantage.

10276.0 20500.0 232.0 96.0 The
10552.0 20504.0 416.0 104.0 Knlcks
11008.0 20508.0 516.0 100.0 bounced
11568.0 20512.0 268.0 100.0 back

10156.0 20628.0 112.0 96.0 to
10344.0 20632.0 384.0 96.0 within
10804.0 20640.0 220.0 96.0 two
11096.0 20644.0 120.0 92.0 of
11288.0 20660.0 72.0 76.0 a
11440.0 20644.0 152.0 96.0 tie
11668.0 20648.0 132.0 96.0 be-

10160.0 20760.0 228.0 100.0 fore
10488.0 20768.0 480.0 100.0 another
11060.0 20768.0 384.0 100.0 Piston
11544.0 20776.0 248.0 96.0 bom-

10156.0 20892.0 588.0 100.0 bardment
10812.0 20900.0 528.0 112.0 provided
11440.0 20900.0 396.0 104.0 them

10156.0 21020.0 260.0 100.0 with
10484.0 21040.0 68.0 80.0 a
10620.0 21028.0 280.0 96.0 55-45
10968.0 21032.0 524.0 100.0 halftime
11560.0 21052.0 232.0 80.0 mar-

10156.0 21152.0 208.0 116.0 gin.
10272.0 21284.0 132.0 96.0 In
10480.0 21288.0 196.0 96.0 the
10744.0 21288.0 304.0 100.0 third
11120.0 21300.0 464.0 108.0 quarter
11648.0 21296.0 156.0 96.0 De-

10152.0 21412.0 260.0 96.0 troit
10468.0 21420.0 264.0 92.0 took
10788.0 21436.0 64.0 80.0 a
10916.0 21424.0 284.0 96.0 64-52
11264.0 21424.0 256.0 96.0 lead
11580.0 21432.0 256.0 112.0 only

10152.0 21544.0 112.0 92.0 to
10316.0 21564.0 188.0 80.0 see
10560.0 21548.0 92.0 100.0 it
10704.0 21548.0 284.0 100.0 fade.
11048.0 21556.0 348.0 96.0 Willie
11456.0 21556.0 372.0 100.0 Naulls

10156.0 21672.0 340.0 116.0 paced
10556.0 21696.0 64.0 76.0 a
10672.0 21680.0 416.0 100.0 Knicks
11144.0 21688.0 280.0 112.0 rally
11476.0 21688.0 356.0 96.0 which

10148.0 21804.0 204.0 96.0 left
10424.0 21812.0 196.0 96.0 the
10696.0 21812.0 252.0 96.0 New
11032.0 21816.0 480.0 100.0 Yorkers
11588.0 21820.0 244.0 96.0 four

10144.0 21936.0 324.0 96.0 down
10572.0 21940.0 256.0 100.0 with
10924.0 21944.0 320.0 100.0 three
11340.0 21952.0 488.0 96.0 minutes

10144.0 22064.0 120.0 96.0 of
10344.0 22068.0 204.0 100.0 the
10632.0 22084.0 456.0 100.0 quarter
11172.0 22080.0 648.0 112.0 remaining.

10148.0 22196.0 308.0 100.0 Then
10516.0 22208.0 612.0 100.0 successive
11180.0 22212.0 452.0 92.0 baskets
11688.0 22216.0 136.0 112.0 by

10144.0 22328.0 312.0 96.0 Gene
10512.0 22332.0 324.0 108.0 Shue,
10892.0 22340.0 244.0 96.0 Don
11192.0 22340.0 224.0 96.0 Ohi
11480.0 22340.0 216.0 96.0 and
11756.0 22360.0 64.0 80.0 a

10140.0 22460.0 236.0 116.0 pair
10416.0 22460.0 144.0 116.0 by
10596.0 22464.0 372.0 116.0 Bailey
11004.0 22468.0 412.0 100.0 Howell
11464.0 22472.0 356.0 116.0 upped

10140.0 22588.0 512.0 108.0 Detroit's
10760.0 22600.0 440.0 112.0 margin
11308.0 22604.0 128.0 96.0 to
11548.0 22604.0 336.0 116.0 75-63.

10144.0 22720.0 292.0 100.0 after
10544.0 22728.0 308.0 96.0 three
10968.0 22728.0 516.0 112.0 quarters
11596.0 22740.0 220.0 92.0 and

10140.0 22852.0 608.0 100.0 thereafter
10784.0 22860.0 196.0 96.0 the
11024.0 22860.0 424.0 100.0 Knlcks
11492.0 22880.0 324.0 80.0 never

10144.0 22984.0 676.0 100.0 threatened.

10284.0 23140.0 184.0 72.0 mm
10524.0 23144.0 148.0 68.0 Tot
10960.0 23136.0 20.0 68.0 I

10572.0 23228.0 88.0 68.0 Ft
10712.0 23216.0 88.0 76.0 fT
10856.0 23228.0 44.0 64.0 T

11252.0 23148.0 340.0 76.0 OfTHO'T

11468.0 23232.0 92.0 72.0 H
11612.0 23224.0 80.0 76.0 FT
11744.0 23224.0 40.0 72.0 T

11476.0 23480.0 56.0 56.0 4
11616.0 23468.0 48.0 68.0 7
11748.0 23480.0 20.0 56.0 1

10188.0 23308.0 148.0 64.0 'ant

10132.0 23384.0 300.0 76.0 ftixtnar

10180.0 23476.0 128.0 60.0 uM

10128.0 23560.0 248.0 64.0 avian

10124.0 23632.0 208.0 72.0 frraan

10128.0 23800.0 180.0 60.0 l"Oa

10128.0 23880.0 244.0 68.0 Janlaa

10184.0 23976.0 184.0 48.0 .ftr

10116.0 24040.0 172.0 64.0 Mart
10300.0 24056.0 64.0 44.0 m

10124.0 24124.0 232.0 68.0 Ntvlil

10200.0 24232.0 16.0 32.0 ,

10592.0 23316.0 48.0 60.0 4
10728.0 23312.0 56.0 68.0 0
10908.0 23312.0 44.0 68.0 1
10996.0 23312.0 220.0 72.0 Ovtai

10592.0 23400.0 52.0 56.0 o
10732.0 23400.0 44.0 64.0 9
10904.0 23400.0 44.0 60.0 3
10996.0 23400.0 192.0 64.0 Farm

10588.0 23480.0 56.0 64.0 V
10740.0 23480.0 24.0 60.0 1
10912.0 23480.0 28.0 56.0 1

10600.0 23548.0 180.0 68.0 IS
10904.0 23556.0 44.0 60.0 J
11004.0 23568.0 20.0 48.0 I

11016.0 23564.0 180.0 64.0 lanca
11476.0 23552.0 352.0 80.0 SIM

11036.0 23656.0 80.0 52.0 at
11484.0 23604.0 344.0 108.0 lit

11016.0 23720.0 328.0 68.0 feDMIaa
11476.0 23720.0 52.0 68.0 4
11620.0 23720.0 196.0 68.0 11!

10728.0 23632.0 48.0 72.0 5
10852.0 23632.0 92.0 72.0 M
10996.0 23644.0 120.0 60.0 Lat

10592.0 23712.0 48.0 68.0 7
10728.0 23716.0 48.0 64.0 7
10852.0 23716.0 80.0 72.0 21
10992.0 23720.0 352.0 68.0 WKHMtan

10580.0 23808.0 60.0 56.0 O
10728.0 23808.0 48.0 60.0 7
10900.0 23808.0 216.0 64.0 IM

11476.0 23796.0 48.0 68.0 7
11620.0 23800.0 32.0 80.0 1
11744.0 23796.0 84.0 76.0 'S

10592.0 23880.0 44.0 72.0 2
10728.0 23880.0 48.0 72.0 I
10896.0 23880.0 272.0 76.0 tiSnua

11472.0 23880.0 360.0 72.0 ini

11572.0 23992.0 256.0 120.0 nTiT

10592.0 24040.0 28.0 60.0 i
10724.0 24036.0 52.0 76.0 t
10896.0 24004.0 72.0 112.0 z

10728.0 24088.0 216.0 108.0 Si"

10732.0 24200.0 28.0 72.0 I
10908.0 24208.0 24.0 64.0 I

11092.0 24032.0 224.0 84.0 Tetttt

10156.0 24356.0 228.0 80.0 Iftn
10536.0 24364.0 92.0 76.0 JJ
10680.0 24364.0 40.0 76.0 J
10836.0 24368.0 52.0 56.0 a

10120.0 24472.0 172.0 68.0 "Tw
10356.0 24472.0 212.0 92.0 rpajc
10924.0 24468.0 96.0 76.0 jj

10116.0 24548.0 324.0 76.0 wnoii
10924.0 24552.0 92.0 76.0 a

11500.0 24552.0 96.0 72.0 Ja
11696.0 24552.0 116.0 72.0 III

12152.0 1184.0 1016.0 576.0 Off
13432.0 1200.0 1728.0 568.0 Laker

12128.0 1956.0 360.0 104.0 which
12540.0 1956.0 148.0 104.0 he
12748.0 1960.0 364.0 100.0 raised
13172.0 1960.0 280.0 104.0 with
13508.0 1964.0 120.0 104.0 37
13684.0 1964.0 384.0 124.0 points
14124.0 1968.0 440.0 116.0 against
14616.0 1968.0 204.0 100.0 the
14884.0 1960.0 412.0 108.0 Knlcks
15356.0 1964.0 288.0 100.0 Tues-

12128.0 2084.0 244.0 124.0 day.
12380.0 2212.0 344.0 100.0 Oscar
12780.0 2236.0 228.0 80.0 was
13060.0 2216.0 180.0 104.0 far
13292.0 2220.0 232.0 100.0 and
13580.0 2240.0 312.0 108.0 away
13944.0 2224.0 200.0 104.0 the
14204.0 2224.0 248.0 104.0 best
14504.0 2224.0 336.0 104.0 assist
14892.0 2240.0 264.0 84.0 man
15208.0 2220.0 280.0 100.0 with
15544.0 2240.0 140.0 80.0 an

12132.0 2356.0 460.0 92.0 average
12644.0 2344.0 132.0 100.0 of
12840.0 2344.0 204.0 100.0 14.7
13100.0 2368.0 68.0 76.0 a
13232.0 2368.0 360.0 96.0 game.

12372.0 2468.0 220.0 100.0 The
12640.0 2492.0 280.0 80.0 man
12968.0 2476.0 184.0 100.0 the
13200.0 2476.0 412.0 104.0 Lakers
13660.0 2484.0 248.0 96.0 fear
13952.0 2504.0 132.0 76.0 as
14128.0 2484.0 340.0 96.0 much
14516.0 2504.0 124.0 80.0 as
14688.0 2480.0 648.0 112.0 Robertson,
15388.0 2476.0 240.0 100.0 how-

12120.0 2620.0 288.0 88.0 ever,
12488.0 2600.0 92.0 100.0 is
12668.0 2604.0 412.0 116.0 Wayne
13172.0 2608.0 444.0 116.0 Embry,
13700.0 2612.0 736.0 104.0 Cincinnati's
14524.0 2612.0 480.0 116.0 hulking
15080.0 2608.0 600.0 116.0 2M-pound

12124.0 2736.0 408.0 96.0 center.
12592.0 2736.0 436.0 104.0 Embry,
13088.0 2756.0 220.0 80.0 one
13376.0 2740.0 120.0 100.0 of
13556.0 2744.0 192.0 96.0 the
13812.0 2748.0 300.0 92.0 most
14176.0 2740.0 564.0 100.0 improved
14812.0 2744.0 428.0 96.0 nlavers
15304.0 2736.0 124.0 104.0 in
15496.0 2740.0 180.0 96.0 the

12128.0 2860.0 272.0 96.0 NBA
12444.0 2860.0 216.0 100.0 last
12708.0 2884.0 436.0 92.0 season,
13196.0 2868.0 212.0 96.0 has
13460.0 2876.0 548.0 112.0 averaged
14060.0 2872.0 220.0 100.0 22.C
14332.0 2868.0 364.0 124.0 points
14748.0 2868.0 128.0 104.0 in
14932.0 2872.0 184.0 100.0 the
15168.0 2868.0 228.0 100.0 five
15452.0 2868.0 228.0 96.0 out-

13272.0 3052.0 228.0 40.0 assiu
13596.0 3052.0 596.0 44.0 vviiihitk:i
14356.0 3052.0 604.0 48.0 VHfiaiiM
15336.0 3052.0 280.0 48.0 avaas-v

12128.0 3120.0 548.0 64.0 nlvAtmait
12732.0 3144.0 120.0 40.0 an
12908.0 3128.0 184.0 56.0 ttm
13140.0 3124.0 520.0 60.0 naaviam
14256.0 3132.0 124.0 52.0 a!
14424.0 3132.0 188.0 52.0 tka
14936.0 3132.0 288.0 52.0 4mm
15632.0 3160.0 20.0 24.0 i
15672.0 3164.0 12.0 20.0 .-
15724.0 3132.0 48.0 48.0 A

12124.0 3184.0 556.0 36.0 atiivtiiis.M
13000.0 3184.0 92.0 40.0 av
13360.0 3184.0 304.0 40.0 fiwua
13712.0 3184.0 240.0 40.0 assv.
13972.0 3184.0 160.0 44.0 HU
14256.0 3184.0 116.0 44.0 vi
14428.0 3184.0 184.0 44.0 mis
14664.0 3184.0 224.0 40.0 aww
14944.0 3184.0 348.0 44.0 wvaisaaas

12380.0 3280.0 208.0 68.0 ine
12656.0 3280.0 440.0 84.0 lexers,
13160.0 3280.0 516.0 92.0 engagea
13744.0 3280.0 116.0 80.0 in

12116.0 3380.0 264.0 100.0 with
12460.0 3384.0 188.0 96.0 the
12740.0 3384.0 276.0 96.0 rival
13096.0 3384.0 212.0 100.0 Los
13392.0 3388.0 480.0 116.0 Angeles

12124.0 3548.0 640.0 60.0 xiiUiiiciDaii
12884.0 3548.0 428.0 80.0 urague
13432.0 3548.0 664.0 80.0 designated
14224.0 3548.0 676.0 80.0 weoiiesuay
15104.0 3548.0 328.0 80.0 game
15540.0 3548.0 196.0 72.0 as,

12116.0 3640.0 444.0 96.0 "Ladles
12624.0 3640.0 428.0 108.0 Night"
13116.0 3644.0 132.0 96.0 in
13324.0 3644.0 536.0 104.0 addition,
13928.0 3648.0 268.0 100.0 they
14260.0 3668.0 280.0 76.0 were
14600.0 3652.0 120.0 92.0 to
14788.0 3644.0 368.0 100.0 award
15224.0 3664.0 72.0 80.0 a
15364.0 3644.0 300.0 104.0 $1000

12116.0 3768.0 560.0 56.0 aiawtwvKa
12740.0 3772.0 120.0 52.0 tn
12924.0 3792.0 300.0 32.0 samia
13292.0 3768.0 332.0 56.0 luntrn
13688.0 3776.0 252.0 48.0 ln4n
14008.0 3776.0 192.0 48.0 afnvi
14276.0 3796.0 52.0 28.0 a
14452.0 3772.0 516.0 52.0 halftlma

12128.0 3832.0 540.0 32.0 nAu.wn.
12744.0 3832.0 116.0 40.0 w
12920.0 3832.0 300.0 40.0 ovttic
13288.0 3832.0 320.0 60.0 iu.nj
13680.0 3832.0 188.0 40.0 mu
14056.0 3832.0 64.0 40.0 as
14128.0 3832.0 76.0 40.0 is
14272.0 3832.0 60.0 40.0 as
14348.0 3832.0 40.0 52.0 v
14452.0 3832.0 220.0 44.0 Sisass
14692.0 3832.0 44.0 44.0 v

12244.0 3904.0 224.0 84.0 The
12512.0 3900.0 276.0 88.0 Jets,
12836.0 3900.0 316.0 88.0 aided
13196.0 3900.0 152.0 88.0 bv
13392.0 3904.0 192.0 84.0 the
13632.0 3920.0 704.0 68.0 annearanre
14384.0 3908.0 112.0 80.0 nf
14540.0 3908.0 192.0 80.0 the
14784.0 3904.0 440.0 84.0 Harlem
15276.0 3900.0 432.0 88.0 Olobe-

12120.0 4084.0 368.0 44.0 wwvw
12512.0 4084.0 52.0 44.0 a
12668.0 4084.0 84.0 44.0 ia
12832.0 4084.0 28.0 44.0 t
13044.0 4084.0 680.0 64.0 iciuuiiaij,
13796.0 4084.0 288.0 48.0 uicn
14164.0 4084.0 308.0 48.0 tasuiT
14544.0 4084.0 276.0 48.0 viiaui
14904.0 4084.0 228.0 48.0 nwu
15208.0 4084.0 188.0 48.0 iict
15420.0 4084.0 60.0 48.0 c
15548.0 4084.0 112.0 44.0 ut

12112.0 4160.0 300.0 100.0 their
12484.0 4180.0 428.0 96.0 opener
12992.0 4160.0 428.0 100.0 several
13504.0 4164.0 388.0 112.0 nights
13972.0 4180.0 236.0 100.0 ago.
14296.0 4160.0 200.0 104.0 Bill
14580.0 4164.0 588.0 108.0 Sharman,
15252.0 4164.0 412.0 108.0 former

12116.0 4296.0 404.0 68.0 Wncfrm
12584.0 4288.0 352.0 76.0 l!pt.ln
12992.0 4292.0 236.0 72.0 star
13320.0 4288.0 96.0 76.0 im
13468.0 4292.0 120.0 72.0 t.h
13720.0 4292.0 384.0 72.0 n1nvr
14156.0 4292.0 340.0 72.0 marh
14556.0 4292.0 112.0 72.0 nf
14720.0 4296.0 136.0 68.0 t.h
14984.0 4292.0 160.0 72.0 Set

12380.0 4420.0 228.0 96.0 The
12660.0 4416.0 404.0 116.0 Royals
13112.0 4420.0 260.0 112.0 stay
13420.0 4416.0 264.0 100.0 here
13732.0 4420.0 120.0 96.0 to

12124.0 4548.0 348.0 112.0 night.
12560.0 4544.0 316.0 116.0 Thty
12960.0 4552.0 396.0 96.0 return
13440.0 4548.0 116.0 96.0 to
13640.0 4544.0 644.0 104.0 Cincinnati
14368.0 4548.0 172.0 104.0 for
14624.0 4548.0 472.0 104.0 another
15176.0 4552.0 488.0 108.0 meeting
15720.0 4612.0 36.0 40.0 ,

12108.0 10160.0 412.0 96.0 TRICK
12572.0 10160.0 200.0 92.0 OR
12828.0 10156.0 452.0 100.0 SHOOT
13408.0 10156.0 212.0 100.0 Jon
13676.0 10156.0 560.0 100.0 Clncebox
14284.0 10152.0 120.0 100.0 of
14452.0 10156.0 180.0 96.0 the
14688.0 10152.0 636.0 116.0 Pittsburgh
15376.0 10152.0 304.0 100.0 Rons

12108.0 10316.0 120.0 76.0 oi
12296.0 10316.0 184.0 72.0 we
12548.0 10316.0 596.0 72.0 American
13212.0 10316.0 652.0 72.0 Basxeioau
13932.0 10316.0 432.0 88.0 League
14432.0 10316.0 476.0 92.0 appears
14968.0 10316.0 108.0 72.0 10
15144.0 10316.0 128.0 72.0 oc
15348.0 10316.0 280.0 68.0 wear-

12112.0 10424.0 196.0 120.0 ing
12364.0 10444.0 68.0 76.0 a
12496.0 10424.0 632.0 96.0 Holloween
13200.0 10424.0 332.0 96.0 mask
13604.0 10440.0 124.0 80.0 as
13800.0 10424.0 144.0 96.0 he
14012.0 10440.0 512.0 100.0 prepares
14588.0 10424.0 120.0 96.0 to
14776.0 10420.0 256.0 104.0 take
15096.0 10440.0 64.0 80.0 a
15228.0 10424.0 264.0 96.0 shot
15548.0 10416.0 120.0 104.0 at

12088.0 10560.0 204.0 96.0 the
12340.0 10556.0 392.0 100.0 basket
12784.0 10560.0 400.0 112.0 during
13236.0 10556.0 492.0 120.0 practice
13780.0 10572.0 148.0 80.0 on
13984.0 10552.0 712.0 116.0 Pittsburgh's
14752.0 10556.0 304.0 96.0 floor.
15108.0 10556.0 544.0 108.0 However,

12092.0 10692.0 204.0 96.0 the
12356.0 10688.0 324.0 100.0 mask
12748.0 10688.0 104.0 100.0 is
12920.0 10688.0 112.0 96.0 to
13096.0 10692.0 448.0 112.0 protect
13604.0 10684.0 184.0 104.0 his
13856.0 10684.0 420.0 100.0 broken
14344.0 10700.0 260.0 84.0 nose
14772.0 10688.0 172.0 96.0 AP
15012.0 10684.0 688.0 124.0 Wirephoto.-

12132.0 11084.0 1204.0 328.0 Kerner
13488.0 11080.0 1668.0 332.0 Threatens

12124.0 11608.0 1624.0 412.0 Shake-Up
13864.0 11608.0 900.0 332.0 After

12124.0 12132.0 1152.0 336.0 Hawks
13400.0 12136.0 780.0 328.0 Lose
14296.0 12128.0 536.0 332.0 4th

12332.0 12704.0 184.0 100.0 ST.
12576.0 12704.0 436.0 112.0 LOUIS,
13072.0 12704.0 264.0 96.0 Nov.
13408.0 12696.0 48.0 100.0 1
13520.0 12712.0 140.0 84.0 up

12084.0 12880.0 264.0 84.0 over
12408.0 12864.0 188.0 100.0 the
12668.0 12860.0 612.0 104.0 lacklustre
13356.0 12860.0 256.0 120.0 play
13676.0 12860.0 124.0 100.0 of

12084.0 13020.0 340.0 100.0 coach
12504.0 13020.0 284.0 100.0 Paul
12872.0 13020.0 544.0 120.0 Seymour
13500.0 13020.0 224.0 96.0 and

12076.0 13200.0 312.0 84.0 some
12440.0 13184.0 504.0 116.0 changes
13000.0 13180.0 336.0 100.0 made
13396.0 13176.0 388.0 104.0 unless

12220.0 13344.0 396.0 100.0 "We've
12748.0 13340.0 188.0 116.0 got
13048.0 13340.0 112.0 100.0 to
13288.0 13340.0 188.0 116.0 get
13584.0 13356.0 212.0 80.0 our

12064.0 13500.0 344.0 100.0 house
12448.0 13500.0 116.0 104.0 in
12608.0 13496.0 424.0 116.0 order,"
13068.0 13500.0 448.0 96.0 Kerner
13552.0 13496.0 248.0 104.0 said

12080.0 13660.0 680.0 100.0 afterwards.
12816.0 13656.0 164.0 100.0 "If
13032.0 13676.0 160.0 80.0 we
13252.0 13656.0 300.0 100.0 can't
13604.0 13656.0 192.0 116.0 get

12072.0 13820.0 88.0 100.0 it
12228.0 13820.0 108.0 100.0 in
12404.0 13820.0 328.0 96.0 order
12804.0 13816.0 264.0 100.0 then
13136.0 13812.0 660.0 124.0 something

12068.0 13976.0 220.0 96.0 will
12352.0 13976.0 276.0 96.0 have
12700.0 13976.0 124.0 96.0 to
12888.0 13972.0 128.0 100.0 be
13080.0 13972.0 400.0 96.0 done."

12200.0 14108.0 420.0 96.0 Kerner
12688.0 14104.0 272.0 100.0 read
13024.0 14104.0 312.0 96.0 what
13400.0 14104.0 144.0 96.0 he
13612.0 14100.0 140.0 100.0 de-

12068.0 14240.0 424.0 96.0 scribed
12580.0 14256.0 128.0 80.0 as
12804.0 14256.0 64.0 76.0 a
12948.0 14232.0 544.0 100.0 modified
13572.0 14232.0 224.0 100.0 riot

12072.0 14372.0 184.0 100.0 act
12328.0 14368.0 112.0 96.0 at
12516.0 14384.0 64.0 80.0 a
12660.0 14364.0 708.0 100.0 closed-door
13444.0 14368.0 308.0 92.0 meet-

12068.0 14496.0 196.0 120.0 ing
12316.0 14496.0 296.0 120.0 prior
12668.0 14504.0 124.0 88.0 to
12856.0 14516.0 64.0 80.0 a
12976.0 14496.0 440.0 96.0 Hawks'
13476.0 14512.0 268.0 100.0 prac-

12068.0 14628.0 216.0 96.0 tice
12348.0 14624.0 468.0 104.0 session.

12192.0 14760.0 220.0 96.0 The
12504.0 14752.0 560.0 116.0 Hawks,
13160.0 14756.0 628.0 112.0 defending

12060.0 14888.0 668.0 116.0 champions
12800.0 14888.0 120.0 96.0 In
12992.0 14888.0 188.0 100.0 the
13256.0 14884.0 528.0 100.0 National

12060.0 15016.0 564.0 104.0 Basket
12660.0 15016.0 236.0 100.0 ball
12988.0 15012.0 800.0 108.0 Association's

12060.0 15152.0 492.0 96.0 Western
12616.0 15148.0 528.0 116.0 Division,
13208.0 15144.0 292.0 100.0 have
13564.0 15148.0 220.0 100.0 lost

12060.0 15280.0 260.0 96.0 four
12356.0 15280.0 112.0 96.0 of
12508.0 15280.0 304.0 96.0 their
12856.0 15280.0 244.0 96.0 first
13136.0 15280.0 184.0 96.0 six
13364.0 15296.0 412.0 96.0 games.

12056.0 15412.0 256.0 96.0 Two
12376.0 15408.0 120.0 96.0 of
12572.0 15412.0 328.0 92.0 those
12972.0 15408.0 444.0 100.0 defeats
13492.0 15408.0 288.0 100.0 have

12060.0 15556.0 312.0 80.0 come
12504.0 15536.0 312.0 112.0 here,
12948.0 15536.0 496.0 104.0 where
13580.0 15540.0 196.0 96.0 the

12064.0 15668.0 396.0 104.0 Hawks
12572.0 15668.0 128.0 104.0 In
12816.0 15668.0 188.0 100.0 the
13116.0 15672.0 268.0 112.0 past
13492.0 15668.0 288.0 100.0 have

12060.0 15804.0 284.0 100.0 have
12392.0 15804.0 284.0 96.0 been
12732.0 15800.0 636.0 100.0 invincible.

12192.0 16016.0 108.0 96.0 "I
12340.0 16016.0 280.0 100.0 tried
12668.0 16020.0 120.0 92.0 to
12836.0 16020.0 236.0 112.0 stay
13116.0 16036.0 352.0 92.0 away,
13508.0 16016.0 228.0 112.0 hop-

12056.0 16144.0 192.0 120.0 ing
12288.0 16148.0 180.0 96.0 the
12516.0 16148.0 504.0 116.0 problem
13064.0 16148.0 368.0 92.0 would
13476.0 16144.0 304.0 100.0 solve

12064.0 16276.0 392.0 112.0 itself,"
12496.0 16284.0 444.0 92.0 Kerner
12976.0 16276.0 276.0 100.0 said.
13296.0 16276.0 440.0 116.0 "Appar-

12048.0 16412.0 304.0 112.0 ently
12396.0 16408.0 84.0 96.0 it
12520.0 16412.0 384.0 92.0 hasn't
12944.0 16412.0 472.0 96.0 because
13464.0 16408.0 316.0 92.0 we're

12052.0 16548.0 208.0 92.0 not
12316.0 16540.0 592.0 120.0 winning."

12180.0 16728.0 420.0 96.0 Kerner
12680.0 16720.0 248.0 104.0 said
13000.0 16724.0 140.0 100.0 he
13220.0 16724.0 272.0 100.0 does
13564.0 16724.0 208.0 96.0 not

12048.0 16860.0 768.0 116.0 contemplate
12984.0 16876.0 64.0 80.0 a
13216.0 16852.0 556.0 116.0 coachtng

12048.0 16992.0 432.0 112.0 change
12576.0 16992.0 128.0 96.0 at
12800.0 16988.0 220.0 100.0 this
13108.0 16984.0 312.0 100.0 time.
13516.0 16988.0 208.0 112.0 Sey-

12048.0 17140.0 328.0 80.0 mour
12424.0 17124.0 92.0 92.0 is
12572.0 17120.0 524.0 96.0 Kerner's
13160.0 17120.0 252.0 92.0 16th
13472.0 17112.0 296.0 100.0 head

12048.0 17252.0 348.0 96.0 coach
12492.0 17252.0 116.0 96.0 in
12720.0 17248.0 180.0 100.0 his
13004.0 17248.0 112.0 100.0 15
13216.0 17264.0 324.0 100.0 years
13644.0 17244.0 116.0 100.0 In

12044.0 17400.0 208.0 104.0 pro
12304.0 17380.0 656.0 100.0 basketball.

12172.0 17516.0 424.0 92.0 Kerner
12740.0 17508.0 240.0 100.0 said
13116.0 17508.0 148.0 96.0 he
13408.0 17504.0 356.0 100.0 didn't

12044.0 17644.0 328.0 96.0 think
12448.0 17660.0 224.0 96.0 any
12752.0 17660.0 216.0 76.0 one
13040.0 17656.0 412.0 100.0 person
13532.0 17656.0 228.0 76.0 was

12044.0 17776.0 120.0 96.0 to
12216.0 17776.0 352.0 96.0 blame
12620.0 17772.0 184.0 96.0 for
12852.0 17772.0 184.0 96.0 the
13080.0 17768.0 360.0 104.0 club's
13484.0 17784.0 276.0 100.0 poor

12044.0 17908.0 780.0 112.0 performance
12916.0 17908.0 108.0 88.0 to
13116.0 17900.0 296.0 96.0 date.
13504.0 17900.0 212.0 96.0 Sur-

12044.0 18032.0 556.0 120.0 prisingly,
12692.0 18032.0 144.0 100.0 he
12920.0 18024.0 548.0 120.0 signalled
13556.0 18028.0 200.0 100.0 out

12040.0 18164.0 184.0 116.0 big
12308.0 18164.0 332.0 116.0 Clyde
12736.0 18164.0 596.0 96.0 Lovellette
13424.0 18156.0 176.0 100.0 for
13688.0 18180.0 60.0 76.0 a

12040.0 18300.0 204.0 116.0 pat
12296.0 18312.0 140.0 80.0 on
12500.0 18296.0 200.0 96.0 the
12768.0 18292.0 300.0 96.0 back.

12172.0 18428.0 300.0 96.0 "He's
12576.0 18416.0 360.0 104.0 stiood
13028.0 18428.0 212.0 88.0 out
13344.0 18416.0 216.0 100.0 like
13660.0 18432.0 88.0 88.0 B

12040.0 18556.0 448.0 108.0 beacon,
12584.0 18556.0 236.0 96.0 and
12916.0 18552.0 228.0 100.0 he's
13244.0 18552.0 196.0 96.0 the
13532.0 18564.0 216.0 84.0 one

12036.0 18688.0 256.0 96.0 who
12376.0 18688.0 204.0 96.0 has
12680.0 18684.0 276.0 92.0 been
13052.0 18680.0 484.0 100.0 accused
13632.0 18676.0 120.0 100.0 of

12036.0 18816.0 332.0 112.0 being
12476.0 18812.0 896.0 108.0 lickadalslcal,"
13484.0 18808.0 224.0 96.0 Ker-

12032.0 18964.0 216.0 80.0 ner
12300.0 18944.0 264.0 100.0 said.

12168.0 19076.0 624.0 108.0 Lovellette,
12888.0 19072.0 544.0 116.0 Seymour
13524.0 19064.0 224.0 100.0 and

12040.0 19204.0 272.0 96.0 Cliff
12404.0 19208.0 400.0 108.0 Hagan
12908.0 19200.0 440.0 116.0 figured
13456.0 19196.0 112.0 100.0 In
13680.0 19220.0 68.0 76.0 a

12036.0 19340.0 436.0 112.0 blowup
12564.0 19340.0 120.0 96.0 in
12784.0 19332.0 248.0 100.0 New
13128.0 19332.0 304.0 96.0 York
13528.0 19328.0 224.0 100.0 last

12036.0 19468.0 332.0 96.0 week.
12444.0 19468.0 548.0 116.0 Seymour
13064.0 19460.0 684.0 100.0 threatened

12036.0 19600.0 120.0 96.0 to
12276.0 19596.0 272.0 100.0 send
12676.0 19592.0 604.0 100.0 Lovellette
13404.0 19592.0 344.0 100.0 home

12040.0 19728.0 320.0 100.0 when
12420.0 19728.0 140.0 96.0 he
12620.0 19724.0 348.0 100.0 asked
13024.0 19732.0 112.0 92.0 to
13200.0 19728.0 140.0 92.0 be
13396.0 19724.0 348.0 96.0 taken

12036.0 19864.0 204.0 92.0 out
12336.0 19856.0 116.0 96.0 of
12556.0 19876.0 60.0 80.0 a
12736.0 19872.0 316.0 100.0 game
13164.0 19852.0 276.0 96.0 with
13548.0 19852.0 196.0 96.0 the

12032.0 19988.0 448.0 108.0 Knicks,
12540.0 19984.0 532.0 116.0 claiming
13132.0 19980.0 156.0 100.0 he
13352.0 19980.0 396.0 100.0 wasn't

12036.0 20128.0 420.0 108.0 getting
12576.0 20120.0 204.0 96.0 the
12908.0 20116.0 212.0 96.0 ball
13256.0 20116.0 484.0 112.0 enough.

12032.0 20256.0 312.0 92.0 Then
12452.0 20268.0 328.0 80.0 came
12892.0 20252.0 436.0 112.0 reports
13436.0 20248.0 120.0 92.0 of
13672.0 20264.0 68.0 80.0 a

12028.0 20380.0 268.0 100.0 feud
12340.0 20380.0 496.0 100.0 between
12876.0 20376.0 600.0 96.0 Lovellette
13512.0 20372.0 224.0 104.0 and

12032.0 20516.0 412.0 108.0 Hagan.
13072.0 20536.0 12.0 24.0 '

12156.0 20692.0 416.0 96.0 rrner
12688.0 20692.0 596.0 112.0 suggested
13400.0 20692.0 296.0 92.0 after-

12028.0 20828.0 356.0 96.0 wards
12452.0 20828.0 260.0 92.0 that
12788.0 20824.0 172.0 92.0 his
13028.0 20820.0 324.0 116.0 great
13424.0 20820.0 312.0 96.0 front

12024.0 20960.0 160.0 92.0 lin
12292.0 20960.0 112.0 88.0 of
12448.0 20960.0 232.0 92.0 Bob
12732.0 20956.0 356.0 100.0 Pettit.
13128.0 20952.0 608.0 96.0 Lovellette

12024.0 21088.0 232.0 96.0 and
12308.0 21088.0 392.0 112.0 Hagan
12760.0 21084.0 356.0 112.0 might
13176.0 21088.0 144.0 88.0 be
13376.0 21080.0 364.0 100.0 called

12028.0 21216.0 260.0 96.0 "the
12392.0 21208.0 928.0 100.0 uncoachables."

12148.0 21380.0 340.0 104.0 While
12536.0 21384.0 700.0 124.0 personality
13288.0 21384.0 448.0 100.0 clashes

12080.0 21756.0 516.0 204.0 NBA
12704.0 21752.0 984.0 252.0 Roundup

12092.0 22052.0 396.0 76.0 MTI0NU
12540.0 22052.0 504.0 76.0 ItMITMU
13092.0 22048.0 488.0 76.0 UMCMTM

12476.0 22188.0 776.0 96.0 STANDINGS

12524.0 22344.0 312.0 76.0 trnta
12888.0 22344.0 376.0 72.0 smsiM

12092.0 22452.0 124.0 72.0 (la

12044.0 22536.0 140.0 76.0 ioi
12236.0 22536.0 340.0 76.0 ancfttt

12024.0 22620.0 460.0 76.0 cmcin
12548.0 22676.0 12.0 12.0 .
12596.0 22676.0 20.0 12.0 .

11992.0 22696.0 88.0 72.0 II
12168.0 22700.0 220.0 68.0 IcHltl
12452.0 22752.0 164.0 24.0 ....

11984.0 22780.0 348.0 68.0 CXtClM

11968.0 22860.0 336.0 72.0 Mrtotf

12868.0 22472.0 84.0 48.0 aa
13004.0 22456.0 160.0 72.0 laaf

12876.0 22536.0 48.0 152.0 I
13068.0 22536.0 48.0 152.0 1

12756.0 22752.0 16.0 16.0 .
12876.0 22692.0 44.0 76.0 1
13064.0 22696.0 52.0 64.0 4

12796.0 22772.0 116.0 156.0 .1
13064.0 22772.0 52.0 152.0 i

13576.0 22448.0 164.0 80.0 SS.

13592.0 22612.0 148.0 236.0 r

13292.0 22536.0 148.0 68.0 a?j

13300.0 22616.0 148.0 64.0 aoe

13280.0 22696.0 160.0 68.0 JJI

13276.0 22776.0 168.0 72.0 .54

13276.0 22856.0 172.0 72.0 .MS

12452.0 23096.0 368.0 76.0 lASTItN
12868.0 23096.0 376.0 76.0 tlVUIOtl

12076.0 23204.0 172.0 72.0 Oa
12776.0 23204.0 168.0 72.0 Waa
12992.0 23208.0 160.0 72.0 lata
13308.0 23208.0 76.0 64.0 tt

12028.0 23288.0 256.0 64.0 OUCH
12872.0 23284.0 40.0 68.0 1
13212.0 23288.0 40.0 64.0 1
13292.0 23284.0 148.0 68.0 000

11972.0 23368.0 580.0 72.0 amUOfiatlln
12872.0 23368.0 48.0 72.0 S
13056.0 23364.0 44.0 76.0 1
13268.0 23372.0 132.0 64.0 M

11976.0 23452.0 184.0 64.0 Dim
12216.0 23452.0 196.0 68.0 TOM
12864.0 23444.0 48.0 72.0 4
13056.0 23444.0 44.0 76.0 S
13292.0 23452.0 132.0 68.0 S'l
13636.0 23448.0 68.0 80.0 V

11972.0 23532.0 392.0 72.0 STMCUM
12864.0 23528.0 48.0 76.0 I
13052.0 23528.0 48.0 76.0 t
13264.0 23532.0 172.0 72.0 JOS
13584.0 23524.0 36.0 76.0 I

12052.0 23660.0 912.0 100.0 YESTERDAY'S
13036.0 23664.0 604.0 96.0 RESULTS

11972.0 23820.0 472.0 76.0 CINCtMMTI
12508.0 23820.0 104.0 68.0 4T
12676.0 23824.0 148.0 68.0 101
12892.0 23820.0 388.0 80.0 awtfLIS.
13348.0 23820.0 80.0 72.0 II
13492.0 23844.0 72.0 52.0 m.
13624.0 23840.0 76.0 56.0 m

12100.0 23904.0 288.0 68.0 Mn
12436.0 23904.0 356.0 72.0 Ittpii.a
12844.0 23900.0 232.0 76.0 final.

11976.0 24008.0 340.0 76.0 SfTtOI?
12368.0 24012.0 164.0 76.0 111.
12652.0 24012.0 44.0 68.0 (
12832.0 24008.0 204.0 72.0 TOM
13148.0 24012.0 76.0 72.0 S.

12284.0 24252.0 584.0 96.0 TODAY'S
12924.0 24252.0 480.0 96.0 GAMES

13488.0 24552.0 260.0 80.0 HI

13932.0 3280.0 68.0 76.0 a
14068.0 3280.0 208.0 76.0 not
14344.0 3280.0 336.0 80.0 oacue
14752.0 3280.0 184.0 80.0 lor
15000.0 3280.0 668.0 80.0 attendance

13956.0 3388.0 240.0 104.0 Jets
14280.0 3392.0 120.0 96.0 of
14480.0 3392.0 184.0 96.0 the
14752.0 3408.0 252.0 76.0 new
15080.0 3384.0 588.0 100.0 American
15712.0 3404.0 24.0 44.0 '

13904.0 4420.0 260.0 116.0 play
14212.0 4424.0 192.0 96.0 the
14452.0 4420.0 408.0 100.0 Lakers
14912.0 4416.0 320.0 120.0 again
15280.0 4416.0 392.0 120.0 Friday
15716.0 4512.0 20.0 24.0 .

13816.0 12704.0 404.0 96.0 Owner
14280.0 12700.0 224.0 96.0 Ben
14568.0 12696.0 460.0 112.0 Kerner,
15088.0 12692.0 560.0 108.0 disturbed

13868.0 12860.0 176.0 100.0 his
14112.0 12856.0 156.0 100.0 St.
14336.0 12856.0 312.0 104.0 Louis
14716.0 12852.0 424.0 116.0 Hawks,
15212.0 12856.0 440.0 104.0 warned

13808.0 13020.0 200.0 100.0 the
14088.0 13016.0 428.0 124.0 players
14600.0 13016.0 344.0 116.0 today
15020.0 13012.0 428.0 104.0 there'll
15528.0 13016.0 124.0 100.0 be

13844.0 13176.0 188.0 100.0 the
14092.0 13176.0 256.0 100.0 club
14404.0 13176.0 256.0 100.0 does
14724.0 13192.0 156.0 80.0 an
14940.0 13176.0 328.0 96.0 about
15328.0 13172.0 232.0 100.0 face

13868.0 13444.0 12.0 20.0 ,

13968.0 13616.0 268.0 96.0 may
14308.0 13600.0 132.0 96.0 be
14516.0 13600.0 116.0 96.0 at
14708.0 13596.0 292.0 96.0 least
15068.0 13592.0 364.0 120.0 partly
15500.0 13612.0 120.0 84.0 re-

13976.0 13728.0 560.0 116.0 sponsible
14644.0 13724.0 188.0 100.0 for
14940.0 13728.0 184.0 96.0 the
15236.0 13728.0 420.0 96.0 Hawks'

13976.0 13860.0 392.0 120.0 plight,
14416.0 13856.0 428.0 104.0 several
14892.0 13860.0 312.0 96.0 other
15244.0 13856.0 416.0 100.0 factors

13980.0 14012.0 196.0 76.0 are
14224.0 13992.0 576.0 116.0 apparent.

14100.0 14120.0 424.0 100.0 Korner
14564.0 14120.0 212.0 100.0 has
14820.0 14116.0 232.0 104.0 said
15092.0 14116.0 144.0 104.0 he
15280.0 14116.0 380.0 104.0 thinks
15708.0 14104.0 20.0 20.0 '

13976.0 14252.0 788.0 116.0 complacency
14820.0 14268.0 248.0 100.0 may
15112.0 14252.0 140.0 96.0 be
15308.0 14252.0 120.0 96.0 at
15476.0 14252.0 184.0 96.0 the

13976.0 14380.0 428.0 100.0 bottom
14452.0 14384.0 112.0 96.0 of
14608.0 14384.0 112.0 96.0 It.
14776.0 14380.0 368.0 100.0 "After
15184.0 14400.0 224.0 96.0 you
15452.0 14384.0 204.0 96.0 win
15704.0 14424.0 24.0 52.0 i

13972.0 14512.0 180.0 96.0 for
14232.0 14532.0 124.0 80.0 so
14440.0 14508.0 360.0 124.0 long,"
14880.0 14512.0 140.0 100.0 he
15096.0 14508.0 212.0 108.0 has
15396.0 14508.0 264.0 112.0 said,
15712.0 14592.0 12.0 20.0 ,

13968.0 14648.0 284.0 112.0 "you
14380.0 14640.0 216.0 104.0 lose
14720.0 14660.0 316.0 84.0 some
15144.0 14644.0 128.0 100.0 of
15396.0 14660.0 264.0 100.0 your

13972.0 14772.0 340.0 112.0 drive,
14360.0 14792.0 268.0 100.0 your
14680.0 14772.0 408.0 120.0 pride."

14092.0 14908.0 240.0 96.0 The
14404.0 14904.0 212.0 100.0 loss
14696.0 14908.0 124.0 96.0 to
14892.0 14904.0 188.0 100.0 the
15156.0 14920.0 320.0 100.0 army
15544.0 14900.0 116.0 104.0 of
15708.0 15004.0 20.0 20.0 .

13968.0 15036.0 384.0 112.0 Lenny
14396.0 15036.0 516.0 108.0 Wllkens,
14956.0 15056.0 60.0 80.0 a
15060.0 15036.0 272.0 112.0 high
15380.0 15052.0 236.0 80.0 scor-

13968.0 15168.0 196.0 116.0 ing
14216.0 15164.0 608.0 112.0 backllner,
14884.0 15164.0 196.0 100.0 has
15132.0 15164.0 300.0 104.0 hurt
15492.0 15168.0 168.0 112.0 So,

13960.0 15304.0 224.0 100.0 too,
14276.0 15300.0 200.0 96.0 has
14556.0 15300.0 204.0 92.0 the
14800.0 15360.0 20.0 12.0 -
14852.0 15296.0 424.0 116.0 change
15376.0 15296.0 280.0 96.0 from
15700.0 15404.0 24.0 28.0 ,

13968.0 15448.0 60.0 80.0 a
14112.0 15424.0 300.0 108.0 slow,
14488.0 15424.0 604.0 100.0 deliberate
15176.0 15424.0 288.0 116.0 style
15540.0 15424.0 180.0 100.0 of;

13964.0 15556.0 292.0 116.0 play,
14368.0 15556.0 492.0 100.0 directed
14968.0 15556.0 136.0 116.0 by
15216.0 15580.0 148.0 76.0 an
15476.0 15556.0 176.0 96.0 old

13964.0 15688.0 312.0 96.0 hand
14328.0 15688.0 268.0 100.0 such
14652.0 15708.0 136.0 76.0 as
14840.0 15688.0 352.0 100.0 Slater
15240.0 15688.0 412.0 100.0 Martin

13968.0 15820.0 116.0 96.0 In
14144.0 15824.0 256.0 92.0 oast
14452.0 15836.0 360.0 100.0 years,
14872.0 15824.0 112.0 92.0 to
15036.0 15836.0 64.0 80.0 a
15160.0 15820.0 496.0 108.0 running

13960.0 15964.0 360.0 100.0 game.

14080.0 16076.0 288.0 100.0 And.
14464.0 16100.0 116.0 80.0 as
14680.0 16080.0 204.0 96.0 the
14976.0 16076.0 400.0 104.0 Hawks
15468.0 16096.0 180.0 88.0 are

13956.0 16208.0 336.0 120.0 quick
14348.0 16212.0 116.0 96.0 to
14524.0 16208.0 396.0 112.0 admit,
14976.0 16208.0 184.0 104.0 the
15224.0 16212.0 504.0 120.0 opposl-,,

13960.0 16344.0 240.0 96.0 tion
14256.0 16340.0 92.0 100.0 is
14400.0 16344.0 508.0 116.0 tougher.

13936.0 16692.0 456.0 204.0 Ellis
14488.0 16696.0 772.0 204.0 Winner

13932.0 17004.0 532.0 204.0 Over
14556.0 17004.0 904.0 208.0 Williams
15680.0 17128.0 40.0 120.0 :

13932.0 17316.0 280.0 200.0 At
14308.0 17312.0 924.0 256.0 Newport

14064.0 17652.0 588.0 116.0 Kentucky
14696.0 17652.0 288.0 100.0 AAU
15020.0 17652.0 216.0 100.0 and
15276.0 17648.0 452.0 124.0 Louis-.

13936.0 17808.0 256.0 100.0 vllle
14292.0 17812.0 432.0 100.0 Golden
14828.0 17816.0 332.0 96.0 Glove
15260.0 17816.0 328.0 96.0 cham-

13932.0 17968.0 272.0 120.0 plon
14304.0 17968.0 480.0 120.0 Charley
14880.0 17972.0 248.0 100.0 Ellis
15224.0 17992.0 244.0 84.0 won
15564.0 17988.0 64.0 84.0 a

13928.0 18128.0 276.0 120.0 split
14268.0 18128.0 488.0 104.0 decision
14832.0 18148.0 248.0 80.0 over
15140.0 18128.0 188.0 104.0 his
15388.0 18128.0 192.0 104.0 Cin-

13928.0 18288.0 436.0 100.0 cinnati
14480.0 18292.0 756.0 116.0 counterpart,
15352.0 18284.0 320.0 120.0 Ohlo.

13928.0 18448.0 288.0 96.0 AAU
14256.0 18448.0 608.0 120.0 champion
14912.0 18448.0 432.0 104.0 Donald
15396.0 18448.0 188.0 100.0 Wil-

13932.0 18604.0 364.0 112.0 liams,
14348.0 18604.0 108.0 104.0 In
14512.0 18608.0 200.0 96.0 the
14768.0 18608.0 424.0 100.0 feature
15244.0 18612.0 380.0 96.0 match

13924.0 18744.0 124.0 92.0 of
14148.0 18760.0 156.0 80.0 an
14400.0 18728.0 624.0 132.0 eight-bout
15116.0 18748.0 512.0 92.0 amateur

13924.0 18872.0 276.0 96.0 card
14264.0 18872.0 216.0 96.0 last
14536.0 18872.0 340.0 116.0 night
14936.0 18876.0 112.0 92.0 at
15104.0 18876.0 200.0 96.0 the
15368.0 18876.0 212.0 92.0 Jun-

13928.0 19000.0 172.0 100.0 ior
14168.0 19004.0 560.0 96.0 Chamber
14800.0 19004.0 124.0 96.0 of
14988.0 19008.0 636.0 96.0 Commerce

13924.0 19140.0 360.0 112.0 youth
14372.0 19136.0 212.0 100.0 and
14676.0 19132.0 284.0 100.0 civic
15040.0 19140.0 392.0 92.0 center
15512.0 19136.0 112.0 96.0 In

13920.0 19272.0 544.0 112.0 Newport,
14532.0 19272.0 208.0 112.0 Ky.

14048.0 19400.0 644.0 100.0 Cincinnati
14764.0 19396.0 228.0 104.0 and
15044.0 19400.0 576.0 100.0 Louisville

13924.0 19540.0 572.0 96.0 amateurs
14604.0 19536.0 284.0 116.0 split
14988.0 19536.0 168.0 96.0 six
15272.0 19532.0 348.0 112.0 bouts,

13920.0 19664.0 276.0 96.0 with
14288.0 19660.0 344.0 104.0 Willie
14736.0 19664.0 496.0 112.0 Sinclair,
15332.0 19664.0 288.0 100.0 John

13920.0 19796.0 516.0 116.0 Rushing
14484.0 19796.0 224.0 96.0 and
14764.0 19796.0 228.0 100.0 Jim
15036.0 19796.0 580.0 120.0 Chapman

13920.0 19932.0 412.0 96.0 victors
14400.0 19932.0 172.0 96.0 for
14636.0 19932.0 204.0 96.0 the
14904.0 19932.0 384.0 112.0 Queen
15356.0 19928.0 260.0 116.0 City.

14044.0 20060.0 476.0 100.0 Results:
15580.0 20040.0 88.0 152.0 J,"
15712.0 20164.0 20.0 40.0 (

14004.0 20248.0 140.0 72.0 1S
14288.0 20248.0 500.0 72.0 m-(Srl
14968.0 20248.0 180.0 76.0 tH'i.
15244.0 20220.0 464.0 116.0 louiwillt;''-

13900.0 20348.0 160.0 52.0 wn
14128.0 20332.0 164.0 72.0 tit
14352.0 20340.0 312.0 68.0 tetiwn
14720.0 20348.0 180.0 56.0 over
14960.0 20332.0 256.0 72.0 Doniid
15280.0 20332.0 384.0 80.0 Witliiwk..-

13900.0 20416.0 428.0 76.0 CuKinntti.
14004.0 20528.0 88.0 68.0 It
14256.0 20524.0 480.0 72.0 n-Willi
14852.0 20524.0 304.0 80.0 Sivlli',
15220.0 20520.0 416.0 84.0 CiocimoH.

13900.0 20696.0 392.0 76.0 AAdrrKVt.
14368.0 20696.0 400.0 72.0 UiiiH.

14000.0 20800.0 140.0 72.0 139
14220.0 20824.0 136.0 56.0 wm
14360.0 20804.0 360.0 72.0 wll-jolw
14824.0 20800.0 316.0 76.0 RuthH.
15216.0 20800.0 420.0 76.0 Cncinnitt.
15660.0 20860.0 32.0 28.0 t

13892.0 20892.0 248.0 68.0 Kortd
14232.0 20884.0 148.0 72.0 TkO
14456.0 20904.0 60.0 56.0 ill
14600.0 20908.0 112.0 52.0 we
14944.0 20880.0 208.0 80.0 rwn4
15228.0 20904.0 172.0 56.0 aver
15480.0 20892.0 112.0 64.0 Htf-

13896.0 20972.0 164.0 68.0 fctrt
14132.0 20964.0 312.0 80.0 ThamM.
14516.0 20968.0 404.0 72.0 lotmviiit.

14000.0 21076.0 136.0 68.0 147
14280.0 21076.0 536.0 72.0 Mredt-Jamtf
14908.0 21076.0 372.0 76.0 CHoiw.
15380.0 21072.0 256.0 76.0 Cincift.
15692.0 21120.0 28.0 28.0 .

13896.0 21172.0 184.0 60.0 Mtt.
14148.0 21164.0 396.0 68.0 dc.ion4
14612.0 21160.0 160.0 72.0 KuO
14880.0 21156.0 240.0 80.0 SftM.
15188.0 21160.0 392.0 68.0 Loutivill.

13996.0 21268.0 140.0 68.0 147
14456.0 21288.0 28.0 52.0 !
14564.0 21272.0 84.0 68.0 Jo
14832.0 21284.0 268.0 56.0 nffmw
15236.0 21272.0 404.0 76.0 teuiiviltv
15664.0 21296.0 80.0 36.0 -v

13892.0 21356.0 368.0 72.0 fetiom
14368.0 21352.0 292.0 72.0 CliHo'4
14724.0 21356.0 224.0 80.0 Willi,
15008.0 21352.0 420.0 76.0 Cincinnati.
15648.0 21380.0 52.0 40.0 -.

13996.0 21464.0 140.0 68.0 IM
14572.0 21464.0 284.0 76.0 Tommy
14944.0 21464.0 188.0 76.0 Halt.
15236.0 21464.0 396.0 72.0 touiivlMtJ

13892.0 21548.0 248.0 72.0 acaad
14192.0 21544.0 152.0 76.0 TKO
14396.0 21564.0 64.0 52.0 ta
14508.0 21564.0 268.0 56.0 Mcana
14832.0 21564.0 212.0 60.0 ravna
15092.0 21564.0 168.0 56.0 avar
15316.0 21548.0 312.0 72.0 HtrKhal

13892.0 21628.0 276.0 76.0 Cowrt.

13996.0 21740.0 140.0 68.0 146
14236.0 21740.0 584.0 76.0 taaatt-Jama!
15208.0 21732.0 504.0 88.0 Ciftcfftnatf,-,

13888.0 21824.0 416.0 72.0 4Kiton4
14368.0 21828.0 188.0 68.0 lauil
14624.0 21824.0 268.0 76.0 Sankt.
14948.0 21824.0 424.0 72.0 Cincinnati.

13992.0 21932.0 136.0 68.0 Ia4
14204.0 21932.0 636.0 80.0 aaaaai-Hicha'q1
14908.0 21928.0 236.0 84.0 Smitto.
15204.0 21928.0 424.0 88.0 Cincinnati,

13888.0 22032.0 412.0 56.0 oacmoAva
14368.0 22016.0 200.0 72.0 Otcar
14640.0 22016.0 296.0 80.0 Caraan,
14996.0 22016.0 424.0 76.0 Cincinnati.

13880.0 22304.0 852.0 164.0 Davidson
14772.0 22300.0 884.0 172.0 Promoted

14032.0 22560.0 872.0 112.0 MILWAUKEE,
14972.0 22560.0 260.0 100.0 Nov.
15320.0 22560.0 52.0 100.0 1

14020.0 22696.0 444.0 96.0 Donald
14548.0 22696.0 600.0 112.0 Davidson,
15232.0 22696.0 372.0 120.0 public

13884.0 22836.0 540.0 96.0 relations
14460.0 22832.0 488.0 100.0 director
14976.0 22836.0 120.0 96.0 of
15132.0 22836.0 204.0 96.0 the
15376.0 22832.0 180.0 96.0 Mil-

13904.0 22968.0 460.0 96.0 waukee
14444.0 22972.0 420.0 96.0 Braves
14940.0 22968.0 308.0 100.0 since
15340.0 22968.0 268.0 112.0 1953,

13904.0 23124.0 228.0 76.0 was
14248.0 23104.0 312.0 116.0 given
14676.0 23104.0 208.0 96.0 the
14988.0 23104.0 608.0 96.0 additional

13896.0 23240.0 380.0 96.0 duties
14376.0 23240.0 112.0 96.0 of
14592.0 23232.0 552.0 120.0 traveling
15256.0 23248.0 300.0 88.0 secre-

13892.0 23372.0 252.0 112.0 tary
14180.0 23372.0 328.0 112.0 today
14548.0 23368.0 148.0 116.0 by
14736.0 23372.0 256.0 92.0 club
15028.0 23372.0 572.0 120.0 president

13896.0 23508.0 304.0 96.0 John
14268.0 23504.0 480.0 96.0 McHale.

14048.0 23848.0 704.0 192.0 Hockey
14804.0 23848.0 656.0 168.0 Results

14356.0 24060.0 296.0 72.0 NATION
14660.0 24060.0 104.0 72.0 At
14832.0 24056.0 300.0 80.0 UUH

13876.0 24160.0 324.0 76.0 T0MNT
14328.0 24164.0 68.0 80.0 S.
14468.0 24164.0 440.0 72.0 MONTIIAl
14976.0 24164.0 48.0 72.0 t

14268.0 24244.0 200.0 88.0 (0!r
14532.0 24260.0 216.0 64.0 oaaaa
14820.0 24240.0 404.0 92.0 acaaaaM)

14352.0 24368.0 424.0 72.0 AMIilCAN
14836.0 24368.0 296.0 80.0 UASH
15252.0 24440.0 12.0 8.0 .

13876.0 24472.0 368.0 68.0 NtrtNTT
14312.0 24472.0 72.0 80.0 I.
14452.0 24472.0 464.0 72.0 ClIVItANS
14980.0 24468.0 72.0 76.0 1.

13876.0 24552.0 492.0 80.0 MTTSSUKN
14428.0 24556.0 72.0 84.0 4,
14564.0 24552.0 524.0 80.0 irtlMFIIlt
15148.0 24556.0 60.0 80.0 4
15268.0 24552.0 184.0 88.0 ffia).

15516.0 24444.0 216.0 244.0 -J
