15756 25484
872.0 928.0 304.0 116.0 rare
1232.0 924.0 56.0 104.0 I

1800.0 916.0 324.0 100.0 THE
2248.0 900.0 1020.0 116.0 CINCINNATI
3400.0 892.0 752.0 120.0 ENQUIRE

4740.0 880.0 732.0 120.0 Wednesday,
5524.0 880.0 264.0 96.0 Nm.
5844.0 872.0 92.0 112.0 1
5996.0 872.0 236.0 100.0 1M1

864.0 1188.0 1536.0 404.0 Augustus
2540.0 1164.0 864.0 340.0 John.
3524.0 1152.0 1260.0 384.0 Painter,
4912.0 1148.0 1156.0 388.0 Passes;

820.0 1704.0 1040.0 336.0 Briton
1960.0 1676.0 1648.0 416.0 Portrayed
3704.0 1676.0 1048.0 404.0 Gypsy
4860.0 1664.0 660.0 336.0 Life

7392.0 1032.0 3600.0 416.0 OPINIONNAIRE

11984.0 1040.0 948.0 212.0 Avalon's
13016.0 1036.0 968.0 260.0 Earnings
14068.0 1036.0 580.0 212.0 Total
14720.0 1040.0 828.0 244.0 $660,763

6388.0 1552.0 1204.0 200.0 QUESTION:
7696.0 1556.0 500.0 168.0 What
8256.0 1564.0 128.0 156.0 ia
8448.0 1616.0 416.0 128.0 your
8924.0 1560.0 752.0 168.0 reaction
9768.0 1592.0 168.0 132.0 to
10012.0 1560.0 288.0 164.0 the
10384.0 1560.0 840.0 196.0 explosion
11296.0 1556.0 200.0 168.0 of
11572.0 1556.0 268.0 172.0 the

7656.0 1760.0 696.0 168.0 Russian
8424.0 1760.0 1084.0 196.0 50-Megaton
9568.0 1764.0 608.0 164.0 bomb?

960.0 2224.0 552.0 116.0 Augustus
1604.0 2224.0 332.0 104.0 John,
2032.0 2212.0 484.0 104.0 bearded

832.0 2360.0 448.0 116.0 painter
1320.0 2360.0 364.0 96.0 whose
1728.0 2348.0 736.0 104.0 nonconform-

836.0 2488.0 156.0 104.0 ist
1056.0 2492.0 312.0 100.0 Tiewi
1424.0 2484.0 324.0 100.0 often
1816.0 2484.0 208.0 112.0 put
2084.0 2480.0 236.0 96.0 him
2388.0 2476.0 120.0 100.0 In

1268.0 2644.0 100.0 76.0 ii-
1656.0 2624.0 192.0 92.0 the
1892.0 2628.0 324.0 92.0 newg,
2256.0 2624.0 256.0 80.0 cuea

1652.0 2744.0 572.0 128.0 yesterday
2396.0 2744.0 124.0 88.0 at

1660.0 2888.0 188.0 92.0 the
1912.0 2896.0 204.0 96.0 age
2176.0 2864.0 120.0 104.0 of
2360.0 2864.0 148.0 96.0 83.

1644.0 3016.0 360.0 96.0 Beit
2108.0 3004.0 400.0 96.0 known

1652.0 3148.0 176.0 100.0 for
1964.0 3140.0 112.0 96.0 hl
2264.0 3148.0 208.0 96.0 por-

1648.0 3276.0 264.0 100.0 trait
2052.0 3268.0 116.0 96.0 of
2256.0 3276.0 216.0 96.0 gyp-

1644.0 3424.0 124.0 96.0 sy
1804.0 3400.0 220.0 104.0 life,
2064.0 3396.0 136.0 96.0 he
2252.0 3384.0 260.0 104.0 died

1648.0 3540.0 120.0 96.0 at
1880.0 3528.0 180.0 104.0 his
2168.0 3524.0 336.0 96.0 home

1640.0 3664.0 116.0 100.0 In
1992.0 3652.0 472.0 108.0 rordlng-

1636.0 3792.0 416.0 112.0 bridge,
2100.0 3784.0 404.0 112.0 Harr.p-

1724.0 3924.0 356.0 84.0 hire.
2224.0 3912.0 280.0 96.0 Eng-

1004.0 4008.0 68.0 144.0 )
1532.0 4008.0 48.0 148.0 I
1636.0 4052.0 300.0 104.0 land.
2028.0 4048.0 152.0 100.0 He
2272.0 4056.0 224.0 80.0 was

912.0 4136.0 136.0 164.0 J
1528.0 4136.0 48.0 152.0 I
1632.0 4204.0 220.0 80.0 one
1976.0 4180.0 116.0 96.0 of
2216.0 4172.0 284.0 96.0 Brit-

1392.0 4376.0 32.0 48.0 ii
1512.0 4308.0 64.0 116.0 f
1628.0 4312.0 332.0 104.0 tain's
2076.0 4300.0 424.0 104.0 busiest

1012.0 4452.0 284.0 96.0 John
1620.0 4448.0 496.0 112.0 painters
2256.0 4432.0 228.0 100.0 and

812.0 4576.0 200.0 100.0 did
1088.0 4596.0 324.0 96.0 many
1484.0 4572.0 536.0 120.0 portraits
2096.0 4568.0 116.0 96.0 of
2292.0 4568.0 192.0 92.0 the

808.0 4708.0 428.0 100.0 world's
1328.0 4708.0 476.0 108.0 famous,
1916.0 4696.0 572.0 112.0 Including

968.0 3588.0 512.0 204.0 NTv

2672.0 2432.0 1480.0 272.0 PHWPLI

2856.0 3328.0 1280.0 256.0 NEWS

2668.0 3908.0 200.0 100.0 the
2956.0 3920.0 688.0 96.0 emperor
3724.0 3892.0 124.0 96.0 of
3944.0 3892.0 400.0 112.0 Japan,

2672.0 4040.0 372.0 108.0 Queen
3176.0 4032.0 444.0 96.0 Mother
3744.0 4020.0 596.0 116.0 Elisabeth,

2672.0 4172.0 272.0 92.0 Lord
3008.0 4164.0 784.0 116.0 Montgomery,
3852.0 4156.0 280.0 100.0 Poet
4192.0 4152.0 148.0 96.0 W.

2668.0 4304.0 124.0 92.0 B.
2880.0 4296.0 344.0 112.0 Yeats,
3316.0 4292.0 556.0 100.0 author
3960.0 4288.0 376.0 96.0 James

2664.0 4432.0 352.0 112.0 Joyce,
3120.0 4428.0 592.0 100.0 actress
3816.0 4412.0 516.0 104.0 Tallulah

2664.0 4556.0 624.0 112.0 Bankbead,
3344.0 4556.0 612.0 96.0 statesman
4016.0 4548.0 272.0 96.0 Ram-

2664.0 4712.0 196.0 92.0 say
2920.0 4688.0 668.0 96.0 MscDonald
3648.0 4680.0 216.0 100.0 and
3928.0 4680.0 404.0 96.0 adven-

3648.0 5104.0 672.0 88.0 isBBasaEaci"

1368.0 7512.0 2256.0 328.0 NOVEMBER

1376.0 9020.0 816.0 192.0 STARTS
2336.0 9020.0 1232.0 196.0 THURSDAY

1168.0 9352.0 1076.0 152.0 DOWNTOWN
2376.0 9364.0 384.0 132.0 AND
2876.0 9360.0 896.0 144.0 SHILLITO'S

1928.0 9540.0 1064.0 140.0 TRI-COUNTY

4524.0 2192.0 320.0 104.0 turer
4956.0 2188.0 116.0 100.0 T.
5176.0 2184.0 116.0 100.0 E.
5408.0 2180.0 592.0 104.0 LatTcnce
6108.0 2180.0 124.0 100.0 of

4520.0 2344.0 420.0 104.0 Arabia
5044.0 2412.0 292.0 36.0 ...
5444.0 2336.0 176.0 104.0 Sir
5720.0 2336.0 500.0 100.0 Winston

4520.0 2500.0 608.0 116.0 Churchill,
5172.0 2496.0 124.0 100.0 87
5348.0 2516.0 324.0 100.0 years
5712.0 2496.0 192.0 100.0 old
5948.0 2492.0 276.0 104.0 next

4516.0 2636.0 448.0 112.0 month.
5028.0 2636.0 96.0 100.0 Is
5184.0 2628.0 512.0 112.0 drawing
5760.0 2628.0 184.0 96.0 his
6012.0 2624.0 200.0 104.0 full

4520.0 2764.0 480.0 120.0 pension
5064.0 2760.0 348.0 108.0 ((5600
5476.0 2756.0 416.0 116.0 yearly)
5960.0 2772.0 128.0 88.0 as
6152.0 2772.0 64.0 76.0 a

4520.0 2892.0 416.0 100.0 retired
5016.0 2888.0 352.0 124.0 prime
5448.0 2884.0 520.0 100.0 minister
6044.0 2888.0 176.0 96.0 for

4516.0 3028.0 196.0 92.0 the
4768.0 3024.0 264.0 104.0 first
5080.0 3020.0 272.0 100.0 time
5412.0 3020.0 308.0 104.0 since
5772.0 3012.0 444.0 120.0 leaving

4512.0 3156.0 192.0 100.0 the
4764.0 3152.0 340.0 100.0 office
5156.0 3148.0 120.0 100.0 in
5332.0 3148.0 340.0 112.0 April,
5732.0 3144.0 240.0 100.0 1854
6024.0 3212.0 32.0 36.0 .
6108.0 3216.0 24.0 24.0 .
6184.0 3212.0 28.0 32.0 .

4512.0 3280.0 616.0 100.0 Katherine
5192.0 3272.0 800.0 116.0 Thalberg,
6064.0 3272.0 148.0 112.0 28,

4512.0 3416.0 560.0 112.0 daughter
5128.0 3408.0 120.0 104.0 of
5312.0 3412.0 424.0 96.0 actress
5796.0 3408.0 412.0 92.0 Norma

4512.0 3548.0 484.0 96.0 Shearer
5044.0 3540.0 220.0 100.0 and
5320.0 3540.0 200.0 96.0 the
5568.0 3540.0 224.0 100.0 late
5844.0 3532.0 364.0 100.0 movie

4512.0 3676.0 552.0 120.0 producer
5168.0 3664.0 376.0 116.0 Irving
5656.0 3664.0 116.0 100.0 C.
5884.0 3660.0 332.0 96.0 Thai,

4508.0 3804.0 296.0 116.0 berg,
4880.0 3820.0 224.0 84.0 was
5164.0 3792.0 488.0 104.0 married
5720.0 3792.0 480.0 112.0 Monday

4508.0 3940.0 180.0 96.0 for
4784.0 3932.0 204.0 100.0 the
5076.0 3928.0 416.0 100.0 second
5584.0 3924.0 300.0 100.0 time.
5988.0 3924.0 220.0 100.0 Her

4500.0 4080.0 252.0 88.0 new
4804.0 4060.0 524.0 104.0 husband
5372.0 4056.0 104.0 100.0 is
5524.0 4056.0 312.0 100.0 actor
5884.0 4052.0 276.0 96.0 Rich-

4504.0 4192.0 204.0 104.0 ard
4760.0 4196.0 132.0 96.0 N.
4944.0 4188.0 608.0 112.0 Anderson,
5604.0 4184.0 152.0 96.0 IS.
5808.0 4184.0 108.0 100.0 It
5964.0 4184.0 236.0 96.0 also

4504.0 4344.0 224.0 84.0 was
4828.0 4320.0 184.0 100.0 his
5100.0 4316.0 420.0 104.0 second
5612.0 4312.0 584.0 116.0 marriage.

4500.0 4456.0 256.0 96.0 Mrs.
4840.0 4448.0 580.0 100.0 Anderson
5500.0 4444.0 100.0 100.0 is
5676.0 4464.0 68.0 76.0 a
5824.0 4440.0 332.0 100.0 televi-

4496.0 4588.0 244.0 96.0 sion
4836.0 4580.0 384.0 100.0 writer.
5320.0 4572.0 200.0 100.0 Mr.
5608.0 4572.0 584.0 100.0 Anderson

4496.0 4716.0 100.0 100.0 is
4672.0 4716.0 204.0 96.0 the
4960.0 4708.0 432.0 100.0 district
5476.0 4704.0 516.0 116.0 attorney
6076.0 4700.0 112.0 100.0 in

4492.0 4848.0 192.0 96.0 the
4788.0 4840.0 456.0 100.0 current
5352.0 4836.0 576.0 96.0 television
6032.0 4848.0 116.0 84.0 se-

4492.0 4976.0 248.0 100.0 ries,
4824.0 4972.0 284.0 96.0 "Bus
5180.0 4964.0 372.0 112.0 Stop."
5620.0 4960.0 240.0 108.0 The
5940.0 4976.0 204.0 84.0 cou-

4492.0 5104.0 180.0 116.0 ple
4732.0 5096.0 228.0 104.0 will
5016.0 5100.0 704.0 112.0 honeymoon
5780.0 5096.0 124.0 100.0 in
5960.0 5092.0 224.0 100.0 San

4492.0 5228.0 612.0 108.0 Francisco.

4480.0 5448.0 732.0 196.0 Pegler.
5272.0 5444.0 448.0 168.0 Wife

4476.0 5664.0 412.0 160.0 Gets
4952.0 5656.0 700.0 164.0 Divorce

4592.0 5868.0 672.0 116.0 Newspaper
5316.0 5860.0 860.0 104.0 columnist

4468.0 6020.0 640.0 108.0 Westbrook
5204.0 6024.0 396.0 112.0 regler
5688.0 6040.0 232.0 80.0 was
6012.0 6020.0 112.0 100.0 di-

4464.0 6180.0 404.0 104.0 vorced
5000.0 6176.0 492.0 120.0 Monday
5620.0 6176.0 148.0 124.0 by
5900.0 6176.0 264.0 96.0 Mrs.

4460.0 6340.0 320.0 100.0 rearl
4916.0 6340.0 312.0 96.0 Doan
5360.0 6332.0 420.0 120.0 regler,
5912.0 6336.0 252.0 96.0 who

4480.0 6496.0 504.0 104.0 testified
5016.0 6496.0 256.0 100.0 that
5300.0 6492.0 148.0 104.0 he
5480.0 6492.0 228.0 104.0 had
5744.0 6488.0 436.0 104.0 treated

4472.0 6656.0 208.0 100.0 her
4788.0 6648.0 440.0 120.0 cruelly.
5404.0 6652.0 256.0 96.0 Mrs.
5768.0 6644.0 416.0 124.0 Pegler,

4460.0 6812.0 156.0 104.0 48,
4736.0 6808.0 504.0 100.0 received
5364.0 6804.0 404.0 108.0 $25,000
5888.0 6800.0 272.0 100.0 cash

4464.0 6936.0 224.0 104.0 and
4736.0 6936.0 428.0 124.0 parcels
5208.0 6932.0 124.0 100.0 of
5368.0 6932.0 272.0 100.0 land
5680.0 6932.0 480.0 116.0 totaling

4460.0 7076.0 120.0 96.0 35
4720.0 7088.0 312.0 80.0 acres
5164.0 7064.0 124.0 100.0 in
5432.0 7084.0 68.0 80.0 a
5636.0 7068.0 520.0 116.0 property

4464.0 7196.0 672.0 108.0 settlement
5208.0 7196.0 424.0 116.0 Pegler,
5704.0 7196.0 156.0 108.0 68,
5936.0 7212.0 224.0 80.0 was

4464.0 7332.0 204.0 100.0 not
4784.0 7328.0 120.0 100.0 in
5020.0 7324.0 320.0 104.0 court
5460.0 7328.0 120.0 96.0 at
5684.0 7328.0 476.0 108.0 Tucson,

4472.0 7460.0 312.0 116.0 Ariz.,
4896.0 7460.0 168.0 96.0 for
5168.0 7460.0 212.0 96.0 the
5480.0 7448.0 284.0 108.0 brief
5872.0 7452.0 288.0 100.0 trial.

4468.0 7596.0 312.0 112.0 They
4832.0 7604.0 272.0 84.0 were
5152.0 7584.0 496.0 104.0 married
5696.0 7588.0 264.0 112.0 May
6020.0 7584.0 140.0 112.0 11,

4476.0 7724.0 268.0 100.0 1959.
4812.0 7792.0 28.0 32.0 .
4900.0 7792.0 28.0 28.0 .
4984.0 7788.0 28.0 32.0 .
5064.0 7716.0 676.0 104.0 Nationalist
5796.0 7716.0 364.0 96.0 China

4464.0 7856.0 212.0 120.0 put
4736.0 7852.0 208.0 100.0 out
5004.0 7848.0 140.0 100.0 its
5212.0 7848.0 300.0 116.0 flags
5576.0 7848.0 588.0 112.0 yesterday

4464.0 7988.0 180.0 96.0 for
4724.0 7976.0 580.0 104.0 President
5388.0 7972.0 436.0 124.0 Chiang
5908.0 7972.0 208.0 104.0 Kai-

4472.0 8112.0 380.0 100.0 shek's
4904.0 8108.0 544.0 116.0 birthday,
5500.0 8108.0 176.0 100.0 his
5728.0 8108.0 260.0 100.0 74th
6040.0 8108.0 136.0 112.0 by

4468.0 8248.0 196.0 96.0 the
4748.0 8244.0 496.0 96.0 Western
5324.0 8240.0 540.0 96.0 calendar
5940.0 8232.0 220.0 104.0 and

4460.0 8376.0 196.0 100.0 the
4764.0 8372.0 252.0 100.0 75th
5112.0 8372.0 152.0 116.0 by
5372.0 8372.0 192.0 96.0 the
5668.0 8364.0 480.0 104.0 Chinese

4460.0 8504.0 540.0 100.0 calendar
5040.0 8496.0 144.0 104.0 he
5236.0 8516.0 288.0 84.0 uses.
5576.0 8496.0 576.0 100.0 President

6364.0 3232.0 148.0 284.0 f(
7040.0 3216.0 276.0 188.0 &
8304.0 3124.0 676.0 336.0 Mk
9060.0 3212.0 396.0 304.0 P:
9708.0 3204.0 248.0 312.0 (J!

11240.0 3872.0 52.0 64.0 r.
11432.0 3916.0 4.0 8.0 .

12128.0 1356.0 1020.0 112.0 PHILADELPHIA,
13240.0 1348.0 248.0 108.0 Oct
13584.0 1352.0 124.0 104.0 31

11996.0 1528.0 176.0 84.0 Mt
12292.0 1512.0 392.0 120.0 Singer
12736.0 1508.0 480.0 108.0 rranlde
13276.0 1512.0 432.0 96.0 Avalon

11992.0 1668.0 424.0 100.0 earned
12512.0 1668.0 468.0 116.0 $880,763
13076.0 1664.0 392.0 104.0 before
13560.0 1664.0 152.0 100.0 he

12000.0 1828.0 468.0 100.0 became
12592.0 1824.0 120.0 104.0 21
12856.0 1824.0 220.0 104.0 last
13208.0 1824.0 460.0 120.0 Septem-

12000.0 1988.0 208.0 100.0 ber
12276.0 1984.0 144.0 96.0 18.

12120.0 2168.0 236.0 100.0 The
12420.0 2168.0 364.0 120.0 figure
12856.0 2184.0 224.0 84.0 was
13140.0 2164.0 564.0 104.0 disclosed

11996.0 2324.0 124.0 100.0 In
12236.0 2344.0 144.0 80.0 an
12496.0 2324.0 672.0 120.0 accounting
13280.0 2320.0 132.0 104.0 of
13516.0 2324.0 184.0 104.0 his

11992.0 2480.0 360.0 100.0 estate
12436.0 2476.0 268.0 104.0 filed
12792.0 2484.0 272.0 96.0 here
13140.0 2480.0 284.0 96.0 with
13504.0 2484.0 160.0 96.0 Or-

11984.0 2632.0 408.0 124.0 phan's
12496.0 2640.0 376.0 96.0 Court
13008.0 2636.0 100.0 100.0 It
13220.0 2632.0 232.0 104.0 will
13556.0 2632.0 140.0 104.0 be

11992.0 2788.0 456.0 112.0 audited
12524.0 2788.0 140.0 124.0 by
12744.0 2792.0 208.0 100.0 the
13020.0 2796.0 328.0 96.0 court
13424.0 2788.0 272.0 104.0 next

11984.0 2944.0 436.0 100.0 month.

12112.0 3100.0 416.0 100.0 Avalon
12648.0 3100.0 104.0 104.0 is
12876.0 3108.0 192.0 104.0 the
13180.0 3108.0 272.0 100.0 first
13568.0 3112.0 124.0 100.0 of

11980.0 3256.0 868.0 120.0 Philadelphia's
12884.0 3264.0 420.0 100.0 several
13348.0 3268.0 344.0 96.0 noted

11980.0 3416.0 696.0 100.0 rock-"n'-roll
12716.0 3420.0 432.0 116.0 singers
13188.0 3420.0 120.0 100.0 to
13352.0 3424.0 336.0 100.0 reach

11980.0 3572.0 124.0 96.0 21
12208.0 3568.0 232.0 100.0 and
12544.0 3568.0 320.0 104.0 leave
12968.0 3576.0 192.0 100.0 the
13212.0 3640.0 24.0 16.0 -
13272.0 3576.0 416.0 104.0 court's

10084.0 4352.0 56.0 100.0 t'

6496.0 4628.0 536.0 100.0 SANDRA
7228.0 4624.0 852.0 108.0 DOLWICK,

6360.0 4760.0 560.0 112.0 Florence,
6976.0 4768.0 600.0 112.0 secretary:
7636.0 4760.0 52.0 100.0 I
7748.0 4756.0 328.0 100.0 think

6356.0 4896.0 100.0 96.0 it
6508.0 4896.0 400.0 100.0 should
6968.0 4896.0 208.0 100.0 stir
7228.0 4900.0 200.0 92.0 the
7476.0 4892.0 596.0 100.0 American

6356.0 5028.0 400.0 120.0 people
6848.0 5032.0 128.0 96.0 to
7072.0 5028.0 372.0 96.0 action
7544.0 5028.0 128.0 92.0 of
7760.0 5044.0 316.0 84.0 some

6352.0 5164.0 272.0 96.0 sort
6724.0 5164.0 100.0 96.0 It
6928.0 5164.0 412.0 96.0 should
7444.0 5176.0 628.0 96.0 encourage

6352.0 5312.0 144.0 84.0 us
6552.0 5296.0 116.0 96.0 to
6732.0 5296.0 284.0 96.0 back
7072.0 5312.0 216.0 80.0 our
7340.0 5296.0 732.0 112.0 government

6352.0 5428.0 236.0 96.0 and
6640.0 5428.0 196.0 96.0 the
6888.0 5428.0 336.0 96.0 other
7280.0 5428.0 788.0 116.0 governments

6352.0 5560.0 128.0 96.0 of
6568.0 5556.0 188.0 100.0 the
6844.0 5556.0 244.0 100.0 free
7176.0 5556.0 344.0 100.0 world
7608.0 5556.0 120.0 100.0 in
7824.0 5576.0 208.0 100.0 pro-

6352.0 5692.0 288.0 100.0 tests
6716.0 5692.0 116.0 96.0 to
6908.0 5692.0 432.0 96.0 Russia.

8360.0 4624.0 272.0 100.0 PAT
8732.0 4624.0 640.0 108.0 KRONESS,
9472.0 4628.0 428.0 112.0 Coving-

8244.0 4760.0 236.0 108.0 ton,
8604.0 4760.0 432.0 96.0 fall-out
9152.0 4756.0 412.0 100.0 shelter
9692.0 4776.0 208.0 80.0 con-

8232.0 4892.0 520.0 96.0 structor:
8832.0 4888.0 52.0 96.0 I
8960.0 4884.0 340.0 104.0 think
9372.0 4888.0 84.0 100.0 it
9532.0 4892.0 408.0 96.0 makes

8240.0 5020.0 452.0 96.0 fall-out
8788.0 5020.0 488.0 100.0 shelters
9376.0 5036.0 64.0 80.0 a
9548.0 5040.0 360.0 76.0 neces-

8232.0 5152.0 240.0 116.0 sity.
8536.0 5152.0 216.0 100.0 But
8796.0 5152.0 196.0 100.0 the
9048.0 5148.0 412.0 116.0 testing
9516.0 5148.0 416.0 100.0 should

8232.0 5288.0 132.0 96.0 be
8460.0 5280.0 488.0 120.0 stopped.
9052.0 5284.0 252.0 100.0 One
9388.0 5284.0 116.0 96.0 of
9608.0 5284.0 324.0 96.0 these

8228.0 5420.0 276.0 112.0 days
8596.0 5436.0 520.0 80.0 someone
9208.0 5420.0 96.0 96.0 is
9384.0 5416.0 356.0 120.0 going
9820.0 5420.0 112.0 92.0 to

8228.0 5552.0 184.0 116.0 get
8492.0 5568.0 472.0 80.0 nervous
9048.0 5552.0 236.0 96.0 and
9356.0 5552.0 304.0 116.0 push
9744.0 5552.0 184.0 100.0 the

8228.0 5700.0 384.0 100.0 wrong
8692.0 5680.0 432.0 100.0 button.

10112.0 4708.0 16.0 16.0 .
10236.0 4628.0 492.0 100.0 JOSEPH
10864.0 4628.0 668.0 116.0 MARTENS,
11652.0 4632.0 148.0 100.0 Ft.

10164.0 4788.0 516.0 112.0 Thomas,
10804.0 4788.0 396.0 108.0 Civil
11324.0 4788.0 476.0 104.0 Defense

10100.0 4948.0 472.0 96.0 worker:
10624.0 4948.0 56.0 96.0 I
10728.0 4948.0 320.0 104.0 dont
11096.0 4948.0 416.0 104.0 believe
11564.0 4952.0 240.0 100.0 that

10096.0 5104.0 336.0 100.0 there
10536.0 5104.0 92.0 104.0 Is
10732.0 5124.0 348.0 84.0 cause
11184.0 5112.0 180.0 100.0 for
11472.0 5116.0 324.0 116.0 panic

10100.0 5264.0 360.0 96.0 about
10516.0 5260.0 452.0 108.0 fall-out
11028.0 5268.0 204.0 120.0 yet
11360.0 5272.0 60.0 100.0 I
11480.0 5272.0 320.0 100.0 think

10092.0 5424.0 272.0 96.0 that
10476.0 5424.0 400.0 100.0 Russia
10992.0 5428.0 96.0 104.0 is
11196.0 5432.0 380.0 120.0 trying
11684.0 5440.0 112.0 96.0 to

10088.0 5556.0 508.0 112.0 frighten
10728.0 5564.0 212.0 96.0 the
11064.0 5568.0 468.0 100.0 world
11660.0 5568.0 136.0 120.0 by

10084.0 5688.0 512.0 120.0 showing
10656.0 5692.0 316.0 104.0 their
11028.0 5712.0 396.0 104.0 power.

13872.0 1348.0 732.0 124.0 Jurisdiction.
14712.0 1344.0 236.0 108.0 The
15040.0 1340.0 492.0 104.0 account-

13872.0 1504.0 196.0 120.0 ing
14184.0 1500.0 464.0 104.0 showed
14768.0 1500.0 432.0 104.0 Avalon
15328.0 1492.0 236.0 104.0 had

13876.0 1660.0 444.0 112.0 $147,033
14376.0 1656.0 128.0 104.0 in
14556.0 1656.0 176.0 104.0 his
14772.0 1656.0 364.0 100.0 estate
15188.0 1648.0 116.0 104.0 at
15352.0 1668.0 212.0 100.0 age

13876.0 1816.0 156.0 100.0 21.
14092.0 1812.0 188.0 104.0 His
14320.0 1812.0 532.0 120.0 earnings
14896.0 1828.0 132.0 84.0 as
15072.0 1824.0 72.0 84.0 a
15188.0 1804.0 376.0 120.0 finger

13876.0 1968.0 340.0 100.0 under
14256.0 1968.0 340.0 100.0 court
14632.0 1960.0 700.0 124.0 Jurisdiction
15376.0 1956.0 140.0 100.0 be-

13876.0 2116.0 212.0 100.0 gan
14144.0 2100.0 504.0 112.0 January
14708.0 2096.0 84.0 108.0 1,
14852.0 2092.0 276.0 96.0 1958.

13992.0 2224.0 336.0 100.0 Other
14480.0 2220.0 640.0 120.0 prominent
15264.0 2212.0 292.0 104.0 local

13864.0 2356.0 260.0 96.0 rock
14208.0 2352.0 116.0 96.0 n'
14388.0 2352.0 392.0 96.0 rollers
14840.0 2336.0 452.0 108.0 include
15352.0 2340.0 152.0 100.0 Fa-

13872.0 2480.0 248.0 96.0 bian
14172.0 2476.0 224.0 100.0 and
14452.0 2476.0 460.0 112.0 Chubby
14960.0 2472.0 588.0 100.0 Checkers.

13872.0 2648.0 748.0 284.0 Instant
14680.0 2652.0 372.0 336.0 Eyo
15104.0 2648.0 464.0 340.0 Help

13956.0 3008.0 256.0 88.0 tooth
14308.0 3008.0 256.0 100.0 tired,
14612.0 3008.0 344.0 88.0 kdunc.
15012.0 3008.0 312.0 88.0 echini
15368.0 3024.0 208.0 72.0 me

13860.0 3112.0 92.0 84.0 ia
13980.0 3116.0 344.0 80.0 Mcmdi
14364.0 3116.0 208.0 80.0 with
14612.0 3112.0 264.0 84.0 eeatle
14912.0 3104.0 656.0 92.0 LAV-OP-T1K.

13864.0 3212.0 184.0 96.0 Ere
14092.0 3212.0 396.0 84.0 Lotion.
14560.0 3204.0 424.0 104.0 Kothiag
15036.0 3208.0 132.0 88.0 lik
15272.0 3208.0 76.0 84.0 it
15408.0 3204.0 164.0 88.0 far

13860.0 3324.0 376.0 88.0 prompt,
14284.0 3308.0 568.0 84.0 doMadiblo
14892.0 3304.0 288.0 88.0 relief.
15232.0 3304.0 268.0 88.0 Haad

13844.0 3420.0 164.0 88.0 V
14044.0 3432.0 148.0 72.0 cup
14252.0 3392.0 312.0 104.0 makes
14620.0 3412.0 64.0 80.0 it
14740.0 3404.0 560.0 100.0 wonderfully
15356.0 3424.0 212.0 76.0 eaay

13852.0 3520.0 116.0 72.0 to
14016.0 3528.0 204.0 64.0 ate.
14276.0 3512.0 216.0 80.0 Gel
14552.0 3500.0 736.0 92.0 LAV-OP-TIIC
15360.0 3504.0 208.0 108.0 Eye

13856.0 3604.0 296.0 88.0 Looot
14188.0 3620.0 84.0 72.0 at
14320.0 3628.0 228.0 80.0 your
14588.0 3608.0 120.0 84.0 dn
14828.0 3616.0 236.0 72.0 wore
15112.0 3604.0 292.0 100.0 today.

6340.0 5944.0 552.0 116.0 Kennedy
6952.0 5964.0 232.0 80.0 was
7244.0 5964.0 416.0 100.0 among
7720.0 5948.0 324.0 100.0 those

6356.0 6100.0 480.0 120.0 sending
7012.0 6096.0 528.0 128.0 birthday
7716.0 6104.0 312.0 120.0 greet-

6344.0 6256.0 260.0 120.0 ings
6700.0 6332.0 24.0 28.0 .
6848.0 6336.0 24.0 20.0 .
6996.0 6332.0 24.0 28.0 .
7124.0 6260.0 392.0 96.0 Crown
7668.0 6256.0 392.0 100.0 Prince

6340.0 6412.0 292.0 96.0 Reia
6680.0 6412.0 124.0 100.0 of
6844.0 6412.0 268.0 100.0 Iran
7164.0 6412.0 336.0 100.0 made
7548.0 6412.0 184.0 104.0 his
7784.0 6412.0 256.0 100.0 first

6328.0 6540.0 380.0 120.0 public
6812.0 6560.0 712.0 100.0 appearance
7624.0 6548.0 372.0 112.0 yester-

6336.0 6676.0 228.0 116.0 day
6736.0 6672.0 384.0 100.0 before
7304.0 6676.0 736.0 100.0 Iranians

6340.0 6804.0 540.0 116.0 gathered
7020.0 6800.0 124.0 100.0 at
7276.0 6804.0 196.0 100.0 the
7608.0 6804.0 436.0 100.0 marble

6332.0 6936.0 396.0 112.0 palace
6812.0 6932.0 120.0 100.0 in
7016.0 6936.0 448.0 96.0 Tehran
7552.0 6932.0 120.0 100.0 to
7756.0 6936.0 236.0 96.0 cele-

6336.0 7064.0 320.0 100.0 brate
6704.0 7060.0 180.0 108.0 his
6936.0 7064.0 256.0 96.0 first
7244.0 7064.0 548.0 116.0 birthday.
7844.0 7132.0 28.0 32.0 .
7924.0 7132.0 32.0 32.0 .
8008.0 7132.0 28.0 32.0 .

6328.0 7196.0 384.0 96.0 James
6904.0 7192.0 520.0 116.0 Hagerty,
7612.0 7192.0 428.0 104.0 former

6332.0 7324.0 360.0 100.0 White
6784.0 7320.0 376.0 100.0 House
7264.0 7340.0 320.0 100.0 press
7680.0 7340.0 312.0 84.0 secre-

6328.0 7456.0 284.0 116.0 tary,
6740.0 7472.0 260.0 96.0 says
7124.0 7448.0 916.0 108.0 Americans

6324.0 7584.0 408.0 100.0 should
6844.0 7584.0 460.0 100.0 become
7404.0 7580.0 628.0 104.0 "salesmen

6336.0 7716.0 188.0 100.0 for
6572.0 7716.0 564.0 96.0 freedom"
7192.0 7712.0 232.0 104.0 and
7480.0 7716.0 244.0 116.0 quit
7776.0 7732.0 264.0 80.0 con-
6328.0 7732.0 1796.0 212.0 -centra

6724.0 7844.0 244.0 116.0 ting
7024.0 7864.0 152.0 80.0 on
7240.0 7844.0 360.0 100.0 Issues
7660.0 7844.0 368.0 100.0 raised

6328.0 7976.0 152.0 116.0 by
6608.0 7976.0 192.0 100.0 the
6936.0 7976.0 792.0 100.0 Communists.
7864.0 7976.0 168.0 96.0 He

6332.0 8104.0 344.0 120.0 spoke
6760.0 8104.0 496.0 116.0 Monday
7340.0 8108.0 124.0 96.0 at
7548.0 8104.0 196.0 100.0 the
7836.0 8120.0 148.0 84.0 an-

6320.0 8236.0 276.0 96.0 nual
6736.0 8236.0 680.0 100.0 convention
7560.0 8236.0 124.0 96.0 of
7824.0 8236.0 200.0 100.0 the

6316.0 8364.0 300.0 104.0 Iowa
6712.0 8368.0 512.0 96.0 Bankers
7320.0 8364.0 700.0 100.0 Association

6332.0 8496.0 124.0 100.0 in
6532.0 8500.0 208.0 92.0 Des
6808.0 8496.0 464.0 96.0 Moines.

8232.0 5940.0 1000.0 192.0 Censorship
9288.0 5936.0 608.0 196.0 Expert
9984.0 5944.0 752.0 196.0 Speaker
10784.0 5956.0 248.0 164.0 At
11092.0 5956.0 292.0 168.0 UC

10096.0 6156.0 456.0 112.0 Oxford,
10608.0 6160.0 688.0 124.0 Cambridge,
11348.0 6168.0 400.0 100.0 Univer-

10092.0 6292.0 236.0 108.0 sity
10416.0 6288.0 112.0 96.0 of
10612.0 6292.0 500.0 112.0 London,
11204.0 6300.0 228.0 96.0 and
11528.0 6304.0 252.0 96.0 Yale

10096.0 6420.0 656.0 116.0 University,
10840.0 6428.0 148.0 96.0 he
11064.0 6428.0 204.0 100.0 has
11352.0 6428.0 284.0 100.0 been
11716.0 6452.0 64.0 80.0 a

10080.0 6552.0 328.0 100.0 tutor
10448.0 6556.0 108.0 96.0 at
10592.0 6556.0 444.0 96.0 Merton
11076.0 6556.0 464.0 120.0 College,
11584.0 6564.0 156.0 96.0 Ox-

10084.0 6680.0 300.0 112.0 ford,
10496.0 6684.0 216.0 100.0 and
10832.0 6688.0 376.0 116.0 King's
11312.0 6692.0 460.0 116.0 College,

10084.0 6812.0 492.0 100.0 London.

8344.0 6144.0 640.0 120.0 English
9056.0 6148.0 668.0 124.0 censorship
9768.0 6168.0 120.0 80.0 ex

8224.0 6308.0 256.0 116.0 pert
8548.0 6304.0 172.0 100.0 Dr.
8784.0 6304.0 504.0 100.0 Norman
9348.0 6304.0 148.0 104.0 8t
9568.0 6308.0 308.0 96.0 John-

8228.0 6460.0 392.0 100.0 Stevas
8664.0 6456.0 208.0 104.0 will
8924.0 6460.0 420.0 100.0 deliver
9388.0 6480.0 64.0 80.0 a
9500.0 6464.0 420.0 100.0 Robert

8224.0 6620.0 92.0 100.0 S.
8392.0 6620.0 316.0 100.0 Marx
8772.0 6620.0 428.0 100.0 lecture
9264.0 6640.0 136.0 76.0 on
9468.0 6640.0 408.0 84.0 censor-

8216.0 6776.0 256.0 120.0 ship
8576.0 6780.0 116.0 96.0 at
8772.0 6772.0 196.0 104.0 the
9068.0 6776.0 640.0 116.0 University
9796.0 6776.0 112.0 100.0 of

8212.0 6928.0 628.0 104.0 Cincinnati
8928.0 6940.0 440.0 108.0 College
9444.0 6932.0 132.0 100.0 of
9668.0 6936.0 236.0 100.0 Law

8216.0 7068.0 112.0 96.0 at
8392.0 7068.0 48.0 92.0 1
8508.0 7084.0 100.0 100.0 p.
8664.0 7084.0 128.0 76.0 m.
8848.0 7064.0 348.0 116.0 today
9248.0 7068.0 108.0 96.0 in
9408.0 7064.0 452.0 116.0 Alphon-

8208.0 7212.0 124.0 84.0 so
8396.0 7192.0 264.0 100.0 Taft
8708.0 7192.0 272.0 100.0 Hall.

8324.0 7324.0 192.0 96.0 Dr.
8588.0 7324.0 140.0 96.0 St.
8788.0 7324.0 728.0 100.0 John-Stevas
9592.0 7324.0 108.0 104.0 is
9764.0 7344.0 132.0 80.0 an

8212.0 7460.0 444.0 104.0 author,
8740.0 7456.0 560.0 108.0 barrister,
9392.0 7456.0 240.0 100.0 and
9736.0 7476.0 132.0 96.0 po-

8212.0 7584.0 348.0 100.0 litical
8604.0 7588.0 852.0 116.0 correspondent
9496.0 7588.0 140.0 96.0 of
9684.0 7592.0 216.0 96.0 The

8212.0 7716.0 628.0 100.0 Economist
8960.0 7720.0 236.0 96.0 and
9304.0 7716.0 204.0 100.0 has
9644.0 7720.0 220.0 116.0 pub-

8208.0 7844.0 372.0 100.0 lished
8696.0 7848.0 344.0 100.0 books
9176.0 7864.0 136.0 84.0 on
9432.0 7848.0 468.0 112.0 English

8204.0 7980.0 676.0 108.0 censorship,
8964.0 7972.0 420.0 104.0 birth
9456.0 7976.0 444.0 100.0 control

8208.0 8108.0 228.0 96.0 and
8516.0 8108.0 352.0 116.0 public
8944.0 8108.0 388.0 120.0 policy,
9400.0 8108.0 244.0 100.0 and
9724.0 8108.0 172.0 100.0 the

8204.0 8236.0 476.0 100.0 relation
8780.0 8236.0 504.0 100.0 between
9384.0 8240.0 204.0 92.0 the
9708.0 8240.0 192.0 96.0 law

8204.0 8364.0 232.0 100.0 and
8504.0 8368.0 560.0 100.0 Christian
9140.0 8372.0 440.0 92.0 morals.

8320.0 8496.0 412.0 100.0 Holder
8824.0 8500.0 120.0 96.0 of
9048.0 8496.0 448.0 116.0 degrees
9612.0 8500.0 284.0 96.0 from

12208.0 3880.0 1016.0 344.0 1ADIS0.1
13376.0 3888.0 1176.0 336.0 BUILDING

12456.0 4320.0 1672.0 344.0 ASSOCIATION

13828.0 4752.0 144.0 116.0 BR
14052.0 4756.0 340.0 112.0 1-0241

12084.0 4748.0 264.0 112.0 5717
12424.0 4744.0 476.0 120.0 Maditon
12976.0 4748.0 288.0 120.0 Road

12112.0 5188.0 632.0 136.0 CURRENT
12820.0 5184.0 640.0 136.0 DIVIDEND

12460.0 5532.0 724.0 136.0 .Accounts
13292.0 5528.0 928.0 140.0 Guaranteed

13104.0 5704.0 140.0 136.0 in
13312.0 5704.0 272.0 136.0 Full

14492.0 6204.0 472.0 120.0 MORTGAGE
15028.0 6200.0 284.0 120.0 LOAMS

14832.0 6352.0 120.0 112.0 AT

14476.0 6496.0 504.0 124.0 FAVORABLE
15036.0 6492.0 276.0 120.0 RATES

12452.0 6712.0 456.0 100.0 Deaetltt
12948.0 6716.0 284.0 92.0 atade
13280.0 6740.0 132.0 84.0 ay
13460.0 6712.0 220.0 96.0 10th
13724.0 6736.0 240.0 68.0 eera
14004.0 6708.0 232.0 96.0 (ran
14280.0 6708.0 240.0 96.0 flnt
14560.0 6708.0 108.0 96.0 of
14708.0 6708.0 316.0 96.0 meats

11652.0 7148.0 508.0 132.0 ELECT
12260.0 7148.0 232.0 136.0 TO
12608.0 7156.0 408.0 128.0 CITY
13128.0 7148.0 796.0 140.0 COUNCIL

10512.0 7520.0 416.0 528.0 X

11424.0 7504.0 1200.0 544.0 mil
12864.0 7504.0 2128.0 560.0 mum

10316.0 8256.0 704.0 164.0 OPPOSED
11100.0 8256.0 204.0 164.0 TO
11384.0 8260.0 308.0 164.0 THE
11780.0 8260.0 808.0 164.0 FOUNTAIN
12672.0 8264.0 632.0 200.0 SQUARE
13388.0 8260.0 1168.0 168.0 UNDERGROUND
14636.0 8252.0 620.0 168.0 GARAGE

10316.0 8460.0 144.0 76.0 Pol.
10508.0 8460.0 168.0 76.0 A.
13688.0 8468.0 240.0 76.0 Inutd
13968.0 8468.0 76.0 76.0 by
14088.0 8464.0 216.0 80.0 Grant
14352.0 8472.0 300.0 72.0 Owlnn.
14696.0 8468.0 188.0 72.0 5954
14936.0 8460.0 320.0 76.0 BtKiift

2900.0 13364.0 100.0 140.0 a

4644.0 10000.0 128.0 96.0 ,i

1072.0 14040.0 788.0 148.0 "WAIT'LL
1980.0 14052.0 360.0 140.0 YOU
2472.0 14048.0 260.0 144.0 SEE
2848.0 14048.0 328.0 140.0 THE
3316.0 14048.0 308.0 140.0 BAR-

1056.0 14308.0 528.0 144.0 GAINS
1688.0 14316.0 44.0 136.0 I
1848.0 14308.0 684.0 140.0 HAULED
2644.0 14312.0 172.0 140.0 IN
2912.0 14308.0 240.0 140.0 AT
3256.0 14308.0 368.0 144.0 SHIL-

1064.0 14568.0 580.0 152.0 LITO'S!
1784.0 14572.0 532.0 144.0 DONT
2444.0 14568.0 512.0 168.0 WAIT,
3084.0 14572.0 596.0 144.0 HURRY

1060.0 14832.0 544.0 144.0 DOWN
1720.0 14836.0 312.0 140.0 FOR
2128.0 14836.0 520.0 140.0 THEIR
2744.0 14828.0 928.0 148.0 NOVEMBER

1048.0 15088.0 436.0 148.0 SALE.
1668.0 15100.0 328.0 136.0 THE
2112.0 15092.0 524.0 144.0 STORE
2760.0 15096.0 124.0 140.0 IS
3004.0 15092.0 664.0 140.0 PACKED

1044.0 15352.0 468.0 140.0 WITH
1584.0 15352.0 812.0 144.0 VALUES!"

760.0 16192.0 464.0 280.0 HERE
1408.0 16192.0 168.0 272.0 IS
1744.0 16192.0 504.0 272.0 YOUR
2432.0 16184.0 720.0 280.0 RECORD
3336.0 16176.0 736.0 280.0 COUPON

768.0 16700.0 308.0 120.0 SAVE
1164.0 16700.0 392.0 124.0 SEVEN
1644.0 16700.0 752.0 144.0 consecutively

764.0 16880.0 544.0 124.0 numbered
1400.0 16920.0 460.0 104.0 coupons
1948.0 16920.0 400.0 104.0 appear-

760.0 17056.0 176.0 144.0 ing
992.0 17048.0 256.0 148.0 daily
1304.0 17060.0 100.0 112.0 in
1460.0 17052.0 204.0 120.0 Tho
1724.0 17052.0 460.0 144.0 Enquirer
2216.0 17136.0 32.0 36.0 .
2288.0 17136.0 32.0 36.0 .
2356.0 17132.0 32.0 44.0 ,

808.0 17224.0 204.0 124.0 end
1092.0 17224.0 228.0 116.0 with
1420.0 17224.0 396.0 120.0 Record
1904.0 17224.0 188.0 120.0 Or
2128.0 17224.0 256.0 124.0 dor

760.0 17392.0 280.0 120.0 Blank
1116.0 17396.0 200.0 120.0 and

740.0 17684.0 184.0 84.0 41

944.0 17648.0 272.0 544.0 a

1268.0 17940.0 316.0 120.0 PER
1696.0 17944.0 672.0 116.0 RECORD

1268.0 18272.0 100.0 88.0 Jc
1420.0 18264.0 232.0 96.0 Selei
1708.0 18260.0 148.0 96.0 Tei
1908.0 18268.0 396.0 92.0 Included

680.0 21224.0 264.0 96.0 STir
992.0 21224.0 388.0 100.0 THREIt

692.0 21348.0 332.0 92.0 EiKloie
1100.0 21348.0 92.0 104.0 $1
1376.0 21344.0 116.0 96.0 !fh
1576.0 21352.0 260.0 92.0 order
1912.0 21348.0 252.0 96.0 Wank

680.0 21468.0 176.0 88.0 end
956.0 21468.0 48.0 88.0 7
1088.0 21496.0 420.0 72.0 coupoei.
1608.0 21464.0 224.0 96.0 Send
1928.0 21476.0 236.0 96.0 cash,

672.0 21612.0 312.0 72.0 money
1044.0 21584.0 260.0 88.0 order
1368.0 21612.0 104.0 64.0 Of
1540.0 21580.0 292.0 96.0 cried.

2816.0 18228.0 400.0 96.0 Ceaaea
3284.0 18228.0 80.0 88.0 it
3424.0 18224.0 404.0 92.0 1414

2920.0 18372.0 120.0 64.0 aa
3112.0 18348.0 280.0 88.0 Fraat
3456.0 18344.0 256.0 92.0 Paee

3364.0 18628.0 204.0 116.0 10"
3652.0 18624.0 164.0 120.0 IP

3236.0 18800.0 276.0 116.0 33Vi
3608.0 18800.0 292.0 116.0 RPM

3200.0 18968.0 740.0 128.0 RCA-Victer

3292.0 19144.0 552.0 124.0 Rtcerdtl

3240.0 19556.0 244.0 92.0 STEP
3544.0 19556.0 280.0 96.0 ONI:

3220.0 19684.0 324.0 92.0 Collect
3740.0 19712.0 52.0 60.0 e
3904.0 19704.0 60.0 68.0 e
3992.0 19708.0 48.0 64.0 a

3236.0 19828.0 448.0 64.0 coniecu
3712.0 19796.0 328.0 108.0 lively

3216.0 19912.0 456.0 92.0 numbered
3224.0 19944.0 812.0 192.0 cog-pentl

3228.0 20400.0 244.0 96.0 STEP
3524.0 20400.0 312.0 96.0 TWO:

3228.0 20524.0 120.0 92.0 FIX
3416.0 20552.0 72.0 56.0 in
3560.0 20528.0 152.0 84.0 the
3776.0 20520.0 252.0 92.0 order

3212.0 20640.0 228.0 88.0 blik
3512.0 20640.0 276.0 88.0 below
3852.0 20640.0 172.0 88.0 end

3208.0 20760.0 200.0 88.0 tend
3496.0 20764.0 80.0 80.0 ia
3664.0 20752.0 360.0 92.0 eccord-

3220.0 20876.0 132.0 100.0 iag
3384.0 20884.0 92.0 76.0 to
3504.0 20868.0 500.0 92.0 dtrectiontl

2560.0 21240.0 240.0 92.0 STEP
2864.0 21244.0 348.0 92.0 FOUR:

2544.0 21368.0 252.0 84.0 Allow
2860.0 21380.0 148.0 72.0 ten
3084.0 21372.0 212.0 84.0 dtvt
3360.0 21372.0 92.0 80.0 to
3516.0 21376.0 172.0 76.0 two
3756.0 21356.0 268.0 92.0 weeb

2544.0 21476.0 136.0 92.0 for
2724.0 21480.0 400.0 104.0 delivery.
3176.0 21476.0 276.0 96.0 Order
3500.0 21508.0 168.0 60.0 one
3716.0 21476.0 300.0 92.0 record

2540.0 21608.0 92.0 76.0 et
2708.0 21624.0 48.0 64.0 a
2872.0 21604.0 208.0 84.0 ime.

664.0 21868.0 1428.0 120.0 ...........RECORD
2176.0 21872.0 460.0 116.0 ORDER
2724.0 21876.0 620.0 112.0 ILANK-.

1356.0 22068.0 276.0 116.0 THE
1712.0 22068.0 860.0 116.0 CINCINNATI
2656.0 22072.0 680.0 136.0 ENQUIRER

672.0 22212.0 1508.0 120.0 LEARN-A-LANGUAGE"
2260.0 22216.0 664.0 128.0 RECORDS.
3008.0 22224.0 124.0 112.0 P.
3204.0 22220.0 140.0 120.0 O.
3416.0 22216.0 272.0 120.0 BOX
3764.0 22220.0 324.0 132.0 S037.

1528.0 22368.0 704.0 108.0 CHICAGO
2312.0 22368.0 188.0 124.0 BO,
2584.0 22368.0 592.0 108.0 ILLINOIS

596.0 22560.0 284.0 116.0 Horo
960.0 22600.0 168.0 76.0 aro
1224.0 22560.0 64.0 108.0 7
1376.0 22564.0 756.0 132.0 consecutivoly
2216.0 22568.0 556.0 112.0 numbored
2856.0 22604.0 492.0 92.0 coupons,
3436.0 22568.0 488.0 116.0 enclosed
4008.0 22568.0 76.0 112.0 is

668.0 22736.0 220.0 112.0 1.00
1024.0 22740.0 88.0 104.0 in
1192.0 22728.0 36.0 144.0 (
1300.0 22724.0 32.0 148.0 )
1408.0 22728.0 348.0 116.0 Check
1896.0 22732.0 36.0 144.0 (
2000.0 22740.0 36.0 136.0 )
2108.0 22728.0 284.0 120.0 Cash
2532.0 22744.0 36.0 136.0 (
2632.0 22740.0 32.0 140.0 )
2736.0 22744.0 392.0 140.0 Money
3200.0 22736.0 336.0 116.0 Order

788.0 22920.0 380.0 120.0 Record
1408.0 22928.0 32.0 104.0 1
1536.0 22924.0 40.0 152.0 (
1752.0 22928.0 528.0 120.0 FRENCH
2404.0 22932.0 40.0 152.0 (
2508.0 22932.0 36.0 152.0 )
2612.0 22936.0 556.0 116.0 SPANISH
3288.0 22940.0 36.0 148.0 (
3384.0 22928.0 36.0 156.0 )
3488.0 22936.0 588.0 116.0 GERMAN

796.0 23216.0 380.0 116.0 rWd
1400.0 23072.0 60.0 252.0 1
1532.0 23128.0 40.0 148.0 '
1640.0 23128.0 40.0 148.0 '
1752.0 23128.0 556.0 124.0 RUSS,AN
2404.0 23132.0 40.0 152.0 I
2512.0 23132.0 36.0 148.0 )
2616.0 23136.0 544.0 116.0 HEBREW
3284.0 23136.0 36.0 152.0 (
3376.0 23136.0 40.0 152.0 J
3484.0 23136.0 524.0 120.0 ITALIAN

788.0 23356.0 384.0 120.0 Rerd
1392.0 23364.0 68.0 104.0 4
2400.0 23332.0 40.0 148.0 (
2500.0 23336.0 40.0 148.0 J
2600.0 23336.0 656.0 116.0 JAPANESE

564.0 23604.0 388.0 120.0 NAME

556.0 23804.0 564.0 124.0 ADDRESS

552.0 24000.0 304.0 124.0 CITY

2304.0 24012.0 420.0 124.0 .ZONE
2952.0 24020.0 448.0 120.0 STATE.

656.0 24180.0 40.0 140.0 )
772.0 24180.0 32.0 112.0 I
868.0 24224.0 156.0 76.0 em
1084.0 24228.0 132.0 72.0 an
1292.0 24188.0 472.0 144.0 Enquirer
1820.0 24192.0 580.0 116.0 wbtcriber
2580.0 24228.0 148.0 92.0 'k
2796.0 24224.0 252.0 96.0 S-at.
3128.0 24220.0 224.0 104.0 Stlet
3420.0 24224.0 52.0 96.0 T
3648.0 24224.0 400.0 104.0 (ndeded

652.0 24352.0 40.0 144.0 )
768.0 24352.0 28.0 116.0 I
864.0 24356.0 192.0 144.0 buy
1116.0 24400.0 176.0 104.0 my
1352.0 24360.0 472.0 144.0 Enquirer
1880.0 24364.0 268.0 112.0 from
2208.0 24368.0 188.0 116.0 the
2452.0 24376.0 552.0 108.0 newsstand

768.0 24524.0 324.0 120.0 Please
1212.0 24540.0 208.0 104.0 tart
1472.0 24528.0 452.0 144.0 delivery
1980.0 24536.0 124.0 112.0 of
2160.0 24540.0 180.0 112.0 the
2400.0 24536.0 448.0 136.0 Enquirer
2904.0 24540.0 300.0 140.0 Daily
3256.0 24540.0 200.0 120.0 end
3508.0 24540.0 420.0 140.0 Sunday

6000.0 12144.0 2064.0 752.0 are
8512.0 12160.0 320.0 720.0 i

5936.0 13168.0 3232.0 1216.0 build.

8816.0 12128.0 3248.0 768.0 maae
12560.0 12032.0 1328.0 848.0 to

9504.0 13600.0 1632.0 752.0 on

5616.0 15024.0 1280.0 896.0 to
7440.0 14720.0 3744.0 1184.0 stand

11776.0 13568.0 2128.0 528.0 TUfTM

11160.0 14112.0 212.0 204.0 O
11888.0 14112.0 220.0 200.0 11
12344.0 14112.0 216.0 200.0 Li
13572.0 14112.0 324.0 196.0 W

5860.0 16988.0 200.0 144.0 On
6116.0 16980.0 556.0 144.0 October
6732.0 16984.0 204.0 132.0 1st
6996.0 17020.0 84.0 92.0 a
7144.0 16972.0 716.0 164.0 gentleman
7920.0 16968.0 456.0 132.0 named
8444.0 16968.0 404.0 160.0 Roger
8912.0 16968.0 392.0 136.0 Maris
9352.0 16984.0 220.0 120.0 set
9620.0 17004.0 76.0 96.0 a

5856.0 17212.0 272.0 92.0 new
6188.0 17168.0 408.0 156.0 major
6652.0 17160.0 444.0 160.0 league
7148.0 17156.0 436.0 136.0 record
7648.0 17156.0 200.0 128.0 for
7908.0 17152.0 204.0 132.0 the
8176.0 17152.0 524.0 128.0 number
8760.0 17152.0 152.0 128.0 of
8960.0 17152.0 356.0 128.0 home
9380.0 17188.0 316.0 88.0 rum

5856.0 17352.0 192.0 132.0 hit
6100.0 17352.0 144.0 128.0 in
6300.0 17388.0 236.0 92.0 one
6588.0 17380.0 488.0 92.0 season.
7248.0 17332.0 256.0 132.0 Mr.
7572.0 17332.0 404.0 132.0 Maris
8028.0 17328.0 376.0 136.0 could
8464.0 17328.0 612.0 160.0 probably
9128.0 17328.0 160.0 128.0 sit
9348.0 17324.0 340.0 132.0 back

5852.0 17568.0 280.0 96.0 now
6184.0 17524.0 256.0 132.0 and
6488.0 17536.0 260.0 116.0 rest
6796.0 17560.0 352.0 120.0 upon
7196.0 17512.0 200.0 132.0 his
7444.0 17512.0 488.0 148.0 laurels,
7984.0 17508.0 628.0 132.0 confident
8664.0 17512.0 300.0 124.0 that
9012.0 17508.0 184.0 128.0 his
9240.0 17500.0 448.0 136.0 record

5828.0 17708.0 260.0 132.0 will
6156.0 17704.0 380.0 132.0 stand
6604.0 17704.0 208.0 128.0 for
6872.0 17736.0 80.0 92.0 a
7024.0 17700.0 236.0 128.0 few
7328.0 17732.0 372.0 120.0 years
7768.0 17728.0 572.0 116.0 anyway.
8508.0 17688.0 252.0 128.0 But
8824.0 17688.0 172.0 124.0 he
9064.0 17684.0 388.0 132.0 won't
9524.0 17684.0 164.0 128.0 do

5844.0 17888.0 328.0 132.0 that.
6352.0 17884.0 368.0 132.0 From
6804.0 17876.0 224.0 136.0 the
7116.0 17876.0 272.0 132.0 first
7476.0 17872.0 296.0 128.0 chill
7856.0 17868.0 244.0 160.0 day
8184.0 17880.0 312.0 116.0 next
8572.0 17864.0 364.0 156.0 April
9020.0 17864.0 356.0 128.0 when
9468.0 17864.0 220.0 128.0 the

5844.0 18060.0 560.0 136.0 baseball
6464.0 18100.0 448.0 92.0 season
6972.0 18096.0 400.0 120.0 opens
7436.0 18052.0 328.0 128.0 until
7832.0 18048.0 212.0 128.0 the
8104.0 18044.0 256.0 132.0 last
8432.0 18084.0 348.0 116.0 game
8844.0 18044.0 156.0 124.0 of
9052.0 18040.0 208.0 132.0 the
9324.0 18080.0 356.0 116.0 year,

5840.0 18236.0 160.0 136.0 he
6048.0 18240.0 256.0 132.0 will
6364.0 18236.0 152.0 132.0 be
6568.0 18240.0 432.0 156.0 trying
7056.0 18252.0 140.0 112.0 to
7252.0 18232.0 348.0 128.0 clout
7656.0 18228.0 292.0 128.0 that
8000.0 18224.0 552.0 132.0 baseball
8604.0 18240.0 236.0 116.0 out
8892.0 18224.0 156.0 132.0 of
9088.0 18220.0 208.0 132.0 the
9352.0 18216.0 332.0 164.0 park

5848.0 18420.0 504.0 160.0 enough
6400.0 18416.0 376.0 132.0 timet
6824.0 18428.0 148.0 116.0 to
7024.0 18408.0 392.0 136.0 break
7472.0 18408.0 200.0 128.0 his
7720.0 18444.0 280.0 92.0 own
8044.0 18400.0 480.0 136.0 record.

9992.0 16960.0 464.0 136.0 That's
10544.0 16960.0 300.0 132.0 how
10928.0 16996.0 188.0 92.0 we
11212.0 16952.0 300.0 164.0 play
11604.0 16952.0 228.0 128.0 the
11932.0 16992.0 360.0 116.0 game
12380.0 16964.0 148.0 116.0 at
12632.0 16948.0 212.0 128.0 the
12948.0 16936.0 540.0 140.0 Norfolk
13588.0 16932.0 252.0 140.0 and

10004.0 17148.0 616.0 144.0 Western,
10696.0 17156.0 252.0 112.0 too.
11120.0 17136.0 160.0 128.0 In
11348.0 17136.0 208.0 128.0 the
11628.0 17148.0 300.0 140.0 past
11996.0 17136.0 236.0 124.0 few
12296.0 17168.0 376.0 116.0 years
12736.0 17124.0 392.0 128.0 we've
13200.0 17136.0 188.0 112.0 set
13456.0 17160.0 80.0 88.0 a
13608.0 17120.0 232.0 128.0 few

10004.0 17364.0 280.0 88.0 new
10352.0 17320.0 504.0 132.0 records
10924.0 17316.0 140.0 128.0 of
11136.0 17352.0 240.0 88.0 our
11436.0 17352.0 312.0 88.0 own.
11924.0 17308.0 304.0 128.0 Like
12296.0 17308.0 500.0 152.0 owning
12856.0 17340.0 356.0 88.0 more
13280.0 17340.0 276.0 88.0 cars
13628.0 17332.0 212.0 120.0 per

10000.0 17500.0 300.0 132.0 mile
10352.0 17500.0 140.0 128.0 of
10532.0 17496.0 260.0 128.0 line
10844.0 17496.0 312.0 128.0 than
11212.0 17532.0 252.0 116.0 any
11520.0 17492.0 368.0 124.0 other
11940.0 17488.0 404.0 152.0 major
12392.0 17476.0 540.0 136.0 railroad
12996.0 17576.0 40.0 36.0 .
13124.0 17576.0 40.0 32.0 .
13252.0 17576.0 36.0 32.0 .
13344.0 17488.0 444.0 144.0 export-

10000.0 17680.0 224.0 156.0 ing
10264.0 17716.0 340.0 92.0 more
10648.0 17676.0 268.0 128.0 coal
10960.0 17676.0 328.0 124.0 from
11336.0 17712.0 216.0 84.0 our
11596.0 17668.0 332.0 156.0 piers
11968.0 17668.0 128.0 124.0 in
12144.0 17664.0 540.0 124.0 Norfolk
12728.0 17660.0 316.0 132.0 than
13092.0 17656.0 108.0 128.0 is
13240.0 17648.0 592.0 160.0 exported

10000.0 17860.0 328.0 132.0 from
10388.0 17896.0 256.0 112.0 any
10708.0 17852.0 348.0 128.0 other
11116.0 17864.0 296.0 140.0 port
11468.0 17848.0 120.0 124.0 in
11648.0 17848.0 228.0 124.0 the
11936.0 17844.0 428.0 124.0 nation
12424.0 17936.0 36.0 32.0 .
12556.0 17936.0 36.0 32.0 .
12684.0 17932.0 32.0 36.0 .
12776.0 17836.0 840.0 148.0 maintaining
13676.0 17868.0 160.0 88.0 an

9996.0 18036.0 668.0 160.0 operating
10732.0 18032.0 312.0 128.0 ratio
11104.0 18040.0 136.0 140.0 (a
11316.0 18024.0 392.0 156.0 major
11780.0 18064.0 560.0 84.0 measure
12404.0 18020.0 156.0 128.0 of
12616.0 18016.0 676.0 148.0 efficiency)
13372.0 18012.0 292.0 124.0 that
13736.0 18008.0 100.0 124.0 is

9996.0 18216.0 232.0 128.0 the
10320.0 18252.0 340.0 116.0 envy
10764.0 18208.0 140.0 128.0 of
10980.0 18244.0 388.0 116.0 every
11468.0 18200.0 364.0 132.0 other
11928.0 18196.0 528.0 132.0 railroad
12572.0 18292.0 36.0 36.0 .
12700.0 18292.0 32.0 36.0 .
12816.0 18292.0 36.0 32.0 .
12960.0 18192.0 556.0 152.0 winning
13620.0 18184.0 216.0 136.0 the

9996.0 18392.0 696.0 132.0 Harriman
10748.0 18380.0 592.0 140.0 Railroad
11396.0 18380.0 440.0 156.0 Safety
11892.0 18376.0 452.0 128.0 Award
12404.0 18376.0 212.0 128.0 for
12668.0 18412.0 384.0 92.0 seven
13104.0 18404.0 412.0 124.0 years.

7216.0 18760.0 388.0 140.0 With
7652.0 18764.0 528.0 132.0 records
8232.0 18752.0 272.0 140.0 like
8552.0 18748.0 428.0 160.0 these,
9036.0 18792.0 188.0 96.0 we
9272.0 18744.0 448.0 172.0 might
9768.0 18740.0 180.0 136.0 be
10000.0 18732.0 568.0 144.0 excused
10632.0 18732.0 124.0 136.0 if
10796.0 18772.0 184.0 96.0 we
11032.0 18744.0 224.0 120.0 sat
11308.0 18720.0 336.0 136.0 back
11700.0 18712.0 272.0 140.0 and
12024.0 18712.0 440.0 140.0 rested

7212.0 18932.0 212.0 136.0 for
7468.0 18972.0 80.0 96.0 a
7592.0 18924.0 416.0 140.0 while.
8060.0 18924.0 292.0 136.0 But
8416.0 18940.0 140.0 120.0 at
8620.0 18920.0 240.0 136.0 the
8936.0 18916.0 584.0 140.0 Norfolk
9580.0 18912.0 252.0 144.0 and
9880.0 18912.0 664.0 148.0 Western,
10608.0 18896.0 524.0 140.0 records
11188.0 18936.0 224.0 92.0 are
11468.0 18888.0 392.0 136.0 made
11904.0 18900.0 144.0 120.0 to
12092.0 18880.0 372.0 136.0 build

7212.0 19140.0 224.0 116.0 on,
7488.0 19112.0 248.0 120.0 not
7788.0 19112.0 144.0 120.0 to
7976.0 19088.0 408.0 140.0 stand
8436.0 19132.0 204.0 96.0 on.
8828.0 19088.0 248.0 136.0 We
9120.0 19128.0 220.0 92.0 are
9396.0 19076.0 844.0 144.0 determined
10288.0 19092.0 140.0 120.0 to
10476.0 19116.0 272.0 92.0 run
10796.0 19108.0 164.0 96.0 an
11008.0 19104.0 348.0 92.0 even
11408.0 19056.0 440.0 136.0 better
11892.0 19048.0 568.0 136.0 railroad

7216.0 19264.0 272.0 140.0 and
7536.0 19284.0 156.0 120.0 to
7740.0 19264.0 284.0 168.0 give
8068.0 19260.0 604.0 168.0 shippers
8716.0 19300.0 352.0 96.0 even
9112.0 19248.0 460.0 144.0 better
9612.0 19252.0 548.0 136.0 service.
10324.0 19240.0 212.0 140.0 To
10584.0 19228.0 816.0 172.0 accomplish
11444.0 19224.0 268.0 140.0 this
11760.0 19220.0 232.0 140.0 the
12036.0 19220.0 428.0 136.0 N&W

7212.0 19432.0 252.0 136.0 has
7520.0 19428.0 636.0 168.0 recently:

6636.0 19704.0 624.0 120.0 Purchased
7304.0 19712.0 140.0 108.0 30
7484.0 19740.0 304.0 80.0 more
7828.0 19704.0 724.0 128.0 locomotives,
8592.0 19700.0 600.0 136.0 increasing
9228.0 19704.0 164.0 112.0 its
9432.0 19692.0 276.0 120.0 total

6636.0 19860.0 128.0 96.0 to
6808.0 19848.0 208.0 108.0 578
7064.0 19848.0 332.0 104.0 units.

6636.0 20052.0 672.0 112.0 Authorized
7380.0 20048.0 732.0 112.0 construction
8180.0 20044.0 140.0 112.0 of
8376.0 20044.0 456.0 112.0 another
8904.0 20044.0 300.0 120.0 1,000
9260.0 20036.0 404.0 140.0 jumbo-

6632.0 20188.0 296.0 108.0 sized
6988.0 20192.0 384.0 104.0 85-ton
7428.0 20184.0 420.0 132.0 hopper
7896.0 20196.0 232.0 92.0 cart
8184.0 20192.0 132.0 96.0 to
8360.0 20180.0 224.0 132.0 join
8644.0 20184.0 196.0 104.0 the
8896.0 20180.0 300.0 124.0 2,000
9248.0 20172.0 456.0 132.0 already

6628.0 20320.0 620.0 132.0 completed
7296.0 20344.0 128.0 80.0 or
7468.0 20320.0 116.0 104.0 in
7628.0 20312.0 684.0 136.0 production.

6632.0 20524.0 488.0 116.0 Ordered
7244.0 20528.0 204.0 108.0 100
7568.0 20524.0 520.0 128.0 "damage
8204.0 20520.0 300.0 112.0 free"
8616.0 20520.0 460.0 108.0 boxcars
9176.0 20512.0 524.0 140.0 specially

6628.0 20656.0 524.0 132.0 designed
7224.0 20672.0 124.0 92.0 to
7416.0 20664.0 432.0 120.0 protect
7908.0 20684.0 476.0 96.0 cargoes,
8452.0 20652.0 208.0 108.0 and
8744.0 20656.0 208.0 104.0 100
9020.0 20680.0 220.0 76.0 new
9316.0 20652.0 428.0 104.0 70-ton.

6632.0 20796.0 272.0 148.0 pulp
6908.0 20788.0 308.0 112.0 wood
7284.0 20820.0 276.0 76.0 cars.
7708.0 20788.0 280.0 108.0 Both
8056.0 20800.0 336.0 120.0 types
8448.0 20784.0 204.0 108.0 will
8716.0 20784.0 424.0 128.0 shortly
9196.0 20784.0 260.0 128.0 join
9524.0 20784.0 176.0 104.0 the

6628.0 20924.0 452.0 112.0 N&W's
7140.0 20920.0 748.0 128.0 fast-growing
7940.0 20920.0 256.0 108.0 fleet
8256.0 20916.0 136.0 108.0 of
8436.0 20924.0 128.0 104.0 25
8620.0 20916.0 516.0 108.0 different
9192.0 20928.0 288.0 120.0 type
9588.0 20912.0 120.0 108.0 of

7008.0 21064.0 24.0 104.0 I
7072.0 21084.0 476.0 108.0 purpose
7588.0 21084.0 272.0 76.0 cars.

10328.0 19688.0 452.0 116.0 Started
10824.0 19688.0 724.0 116.0 construction
11592.0 19684.0 136.0 108.0 of
11764.0 19716.0 64.0 76.0 a
11880.0 19712.0 232.0 76.0 new
12160.0 19680.0 200.0 120.0 $25
12408.0 19672.0 420.0 112.0 million
12872.0 19660.0 256.0 120.0 eoal
13172.0 19664.0 236.0 140.0 pier

10332.0 19852.0 112.0 104.0 in
10520.0 19844.0 460.0 112.0 Norfolk
11060.0 19844.0 256.0 108.0 that
11388.0 19836.0 200.0 112.0 will
11664.0 19836.0 148.0 108.0 be
11884.0 19836.0 188.0 104.0 the
12148.0 19832.0 484.0 108.0 nation's
12700.0 19828.0 404.0 124.0 largest
13180.0 19816.0 216.0 112.0 and

10332.0 20000.0 400.0 108.0 fastest
10772.0 19996.0 708.0 128.0 coal-loading
11524.0 19992.0 240.0 132.0 pier
11812.0 20068.0 32.0 28.0 .
11920.0 20064.0 28.0 32.0 .
12020.0 20060.0 32.0 36.0 .
12104.0 19984.0 212.0 108.0 will
12364.0 19980.0 296.0 108.0 lease
12708.0 20012.0 60.0 76.0 a
12820.0 19976.0 296.0 128.0 huge
13164.0 20000.0 236.0 80.0 new

10332.0 20156.0 204.0 112.0 $16
10608.0 20152.0 400.0 104.0 million
11076.0 20144.0 420.0 136.0 general
11556.0 20172.0 332.0 96.0 cargo
11948.0 20140.0 232.0 132.0 pier
12244.0 20148.0 116.0 96.0 to
12428.0 20132.0 144.0 108.0 be
12640.0 20128.0 280.0 112.0 built
12984.0 20128.0 156.0 128.0 by
13208.0 20124.0 192.0 108.0 the

10328.0 20304.0 484.0 132.0 Virginia
10852.0 20300.0 316.0 112.0 State
11216.0 20300.0 308.0 104.0 Ports
11564.0 20296.0 640.0 124.0 Authority.

10320.0 20576.0 364.0 136.0 Spent
10724.0 20580.0 256.0 116.0 $624
11032.0 20572.0 416.0 108.0 million
11488.0 20568.0 296.0 104.0 since
11832.0 20560.0 364.0 112.0 World
12248.0 20560.0 264.0 108.0 War
12564.0 20552.0 112.0 116.0 II
12728.0 20568.0 116.0 96.0 to
12888.0 20548.0 468.0 112.0 modern-

10324.0 20736.0 156.0 104.0 ize
10524.0 20732.0 224.0 108.0 and
10788.0 20732.0 520.0 128.0 improve,
11344.0 20720.0 544.0 124.0 including
11928.0 20748.0 260.0 76.0 over
12224.0 20716.0 192.0 116.0 $41
12468.0 20708.0 412.0 112.0 million
12924.0 20708.0 120.0 108.0 in
13092.0 20704.0 300.0 108.0 I960.

10316.0 20884.0 340.0 112.0 Some
10752.0 20884.0 196.0 120.0 $57
11040.0 20876.0 416.0 108.0 million
11544.0 20868.0 212.0 112.0 has
11844.0 20868.0 272.0 104.0 been
12208.0 20860.0 636.0 116.0 authorized
12940.0 20848.0 456.0 140.0 already

10324.0 21040.0 224.0 108.0 this
10592.0 21064.0 292.0 108.0 year.

7392.0 21340.0 344.0 132.0 Such
7792.0 21336.0 456.0 132.0 refusal
8304.0 21352.0 140.0 116.0 to
8488.0 21336.0 152.0 128.0 be
8696.0 21332.0 552.0 136.0 satisfied
9304.0 21336.0 324.0 128.0 with
9676.0 21332.0 524.0 156.0 today's
10248.0 21328.0 928.0 132.0 achievements
11228.0 21316.0 112.0 132.0 is
11384.0 21300.0 476.0 172.0 typical
11908.0 21304.0 144.0 132.0 of
12088.0 21308.0 224.0 128.0 the

7400.0 21500.0 512.0 128.0 N&W's
8008.0 21500.0 724.0 128.0 dedication
8840.0 21508.0 148.0 116.0 to
9088.0 21492.0 436.0 132.0 better
9616.0 21496.0 484.0 124.0 service
10340.0 21484.0 480.0 156.0 typical
10924.0 21480.0 144.0 128.0 of
11168.0 21480.0 224.0 124.0 the
11484.0 21468.0 824.0 148.0 challenging,

7396.0 21676.0 880.0 108.0 venturesome
8340.0 21656.0 352.0 160.0 spirit
8760.0 21652.0 300.0 132.0 that
9120.0 21652.0 328.0 156.0 keep
9580.0 21652.0 208.0 128.0 the
9856.0 21644.0 420.0 132.0 N&W
10336.0 21648.0 480.0 148.0 always
10876.0 21640.0 376.0 156.0 going
11312.0 21624.0 540.0 140.0 forward
11908.0 21640.0 144.0 116.0 to
12112.0 21644.0 204.0 108.0 set

7404.0 21848.0 280.0 92.0 new
7736.0 21812.0 536.0 136.0 records.
8324.0 21924.0 16.0 32.0 .

5308.0 23028.0 840.0 132.0 NORFOLK
6196.0 23044.0 288.0 116.0 and
6512.0 23044.0 892.0 116.0 WESTERN

5936.0 23216.0 848.0 116.0 RAILWAY

5864.0 23460.0 20.0 40.0 ,
5928.0 23420.0 372.0 80.0 orric
6560.0 23424.0 644.0 84.0 KOANosta,
7220.0 23428.0 200.0 76.0 va.

7496.0 22392.0 496.0 296.0 "K
8568.0 22376.0 440.0 312.0 T
10120.0 22360.0 632.0 328.0 TV
11128.0 22344.0 328.0 344.0 A
11864.0 22344.0 408.0 344.0 T

12212.0 22744.0 800.0 168.0 Nation's

12200.0 22960.0 940.0 188.0 Going-est

12208.0 23172.0 884.0 168.0 Railroad

15660.0 24628.0 92.0 132.0 i

15640.0 24764.0 108.0 132.0 to

15644.0 25268.0 80.0 108.0 r
