15608 25448
9660.0 932.0 708.0 112.0 Wednesday,
10424.0 932.0 256.0 96.0 Nov.
10736.0 932.0 88.0 112.0 1,
10888.0 936.0 244.0 96.0 1961

11612.0 936.0 320.0 100.0 THE
12052.0 936.0 1020.0 104.0 CINCINNATI
13200.0 932.0 872.0 120.0 ENQUIRES

14600.0 932.0 284.0 116.0 Fare
14956.0 928.0 124.0 100.0 11

888.0 1160.0 1640.0 496.0 Testing
2696.0 1160.0 816.0 416.0 The
3720.0 1160.0 1712.0 504.0 'Spirits'

740.0 1772.0 200.0 212.0 A
1040.0 1772.0 888.0 256.0 Reading
2032.0 1768.0 588.0 216.0 From
2724.0 1768.0 428.0 212.0 The
3256.0 1764.0 472.0 212.0 New
3836.0 1760.0 804.0 260.0 English
4748.0 1756.0 548.0 212.0 Bible

5932.0 1160.0 412.0 168.0 Mrs.
6396.0 1148.0 836.0 196.0 Kennedy
7316.0 1148.0 236.0 172.0 To
7604.0 1152.0 464.0 164.0 Start
8124.0 1144.0 512.0 164.0 Drive

2196.0 2728.0 244.0 104.0 and
2496.0 2728.0 260.0 104.0 that
2816.0 2728.0 232.0 108.0 this
3112.0 2728.0 204.0 104.0 life
3368.0 2728.0 108.0 104.0 is
3532.0 2728.0 360.0 108.0 found

2196.0 2864.0 132.0 100.0 In
2416.0 2864.0 188.0 100.0 Hla
2688.0 2864.0 264.0 100.0 Son.
3064.0 2864.0 164.0 100.0 Ha
3312.0 2864.0 252.0 100.0 who
3644.0 2884.0 204.0 100.0 pos-

2192.0 3016.0 372.0 80.0 sesses
2624.0 2996.0 204.0 100.0 the
2896.0 2996.0 220.0 100.0 Bon
3180.0 2996.0 220.0 100.0 has
3464.0 2992.0 192.0 104.0 life
3716.0 2996.0 128.0 100.0 In-

2196.0 3128.0 328.0 116.0 deed;
2572.0 3124.0 156.0 104.0 he
2772.0 3128.0 256.0 100.0 who
3076.0 3124.0 268.0 104.0 does
3392.0 3128.0 204.0 96.0 not
3640.0 3144.0 208.0 104.0 pos-

2192.0 3280.0 252.0 80.0 sess
2528.0 3260.0 200.0 100.0 the
2816.0 3260.0 232.0 104.0 Con
3128.0 3260.0 128.0 100.0 of
3344.0 3256.0 248.0 104.0 God
3668.0 3264.0 220.0 96.0 has

2188.0 3396.0 224.0 96.0 not
2468.0 3396.0 252.0 100.0 that
2784.0 3392.0 232.0 104.0 We.

2324.0 3576.0 312.0 108.0 THIS
2720.0 3576.0 520.0 104.0 LETTER
3324.0 3572.0 104.0 108.0 Is
3512.0 3572.0 120.0 108.0 to
3716.0 3592.0 128.0 88.0 as-

2188.0 3756.0 276.0 84.0 sure
2568.0 3756.0 224.0 100.0 you
2904.0 3736.0 256.0 112.0 that
3264.0 3752.0 228.0 104.0 you
3596.0 3732.0 296.0 104.0 have

2192.0 3896.0 436.0 100.0 eternal
2676.0 3896.0 232.0 104.0 life.
2988.0 3896.0 108.0 104.0 It
3140.0 3892.0 100.0 104.0 is
3288.0 3892.0 604.0 104.0 addressed

2188.0 4056.0 136.0 100.0 to
2384.0 4056.0 320.0 104.0 those
2760.0 4056.0 256.0 100.0 who
3076.0 4052.0 244.0 124.0 give
3376.0 4052.0 296.0 104.0 their
3728.0 4052.0 112.0 100.0 al-

2192.0 4216.0 500.0 116.0 legiance
2748.0 4212.0 120.0 104.0 to
2920.0 4216.0 192.0 100.0 the
3164.0 4212.0 228.0 104.0 Son
3440.0 4208.0 124.0 104.0 of
3608.0 4208.0 276.0 108.0 God.

2324.0 4380.0 188.0 96.0 we
2616.0 4392.0 224.0 80.0 can
2964.0 4372.0 564.0 120.0 approach
3636.0 4368.0 252.0 104.0 God.

2192.0 4504.0 280.0 104.0 with
2580.0 4504.0 660.0 104.0 confidence
3364.0 4508.0 180.0 96.0 for
3652.0 4504.0 232.0 100.0 this

2188.0 4656.0 440.0 84.0 reason:
2756.0 4636.0 112.0 100.0 If
2984.0 4656.0 164.0 80.0 we
3264.0 4636.0 336.0 100.0 make
3712.0 4656.0 128.0 80.0 re-

2188.0 4776.0 384.0 112.0 quests
2656.0 4768.0 380.0 104.0 which
3124.0 4768.0 400.0 104.0 accord
3608.0 4768.0 276.0 100.0 with

2180.0 4904.0 212.0 104.0 His
2472.0 4900.0 216.0 104.0 will
2776.0 4904.0 168.0 104.0 He
3020.0 4904.0 400.0 100.0 listens
3500.0 4900.0 116.0 100.0 to
3696.0 4920.0 176.0 96.0 us;

2188.0 5036.0 240.0 104.0 and
2504.0 5036.0 88.0 100.0 If
2676.0 5052.0 168.0 84.0 we
2928.0 5036.0 324.0 100.0 know
3332.0 5032.0 256.0 104.0 that
3664.0 5048.0 216.0 88.0 our

2184.0 5172.0 508.0 116.0 requests
2804.0 5188.0 196.0 80.0 are
3096.0 5164.0 504.0 108.0 heard,
3708.0 5180.0 172.0 80.0 we

3232.0 6628.0 268.0 212.0 J-

3024.0 8792.0 16.0 92.0 I
3084.0 8800.0 128.0 88.0 ft
3268.0 8820.0 48.0 48.0 t

3088.0 9920.0 124.0 128.0 j

276.0 2192.0 24.0 116.0 i
608.0 2204.0 268.0 112.0 TMm
944.0 2204.0 468.0 124.0 reading
1476.0 2204.0 316.0 124.0 from
1864.0 2204.0 220.0 104.0 The
2160.0 2204.0 280.0 108.0 New
2504.0 2200.0 468.0 108.0 Knalish
3040.0 2200.0 316.0 112.0 Bible
3428.0 2196.0 104.0 108.0 U
3596.0 2200.0 300.0 120.0 from

344.0 2372.0 244.0 108.0 The
664.0 2364.0 296.0 104.0 Tirtt
1016.0 2360.0 408.0 120.0 tpittle
1484.0 2360.0 132.0 120.0 of
1668.0 2356.0 332.0 124.0 John,
2116.0 2360.0 508.0 124.0 Chapter
2680.0 2364.0 100.0 112.0 4,
2840.0 2380.0 312.0 80.0 verse
3216.0 2364.0 96.0 112.0 I,
3372.0 2360.0 120.0 100.0 to
3552.0 2360.0 344.0 120.0 Chap,

356.0 2544.0 184.0 100.0 ter
596.0 2532.0 96.0 120.0 t,
748.0 2540.0 320.0 92.0 vene
1128.0 2524.0 156.0 104.0 21.

324.0 2828.0 24.0 36.0 ,
456.0 2748.0 284.0 108.0 BXTT
772.0 2740.0 200.0 108.0 DO
1012.0 2736.0 276.0 104.0 NOT
1316.0 2732.0 456.0 108.0 TRUST
1812.0 2744.0 212.0 104.0 any

336.0 2884.0 236.0 104.0 and
608.0 2892.0 328.0 104.0 every
968.0 2868.0 344.0 124.0 spirit,
1336.0 2884.0 196.0 104.0 my
1560.0 2860.0 460.0 116.0 friends;

332.0 3016.0 236.0 108.0 test
656.0 3012.0 196.0 100.0 the
948.0 3000.0 588.0 124.0 spirits,
1628.0 2996.0 124.0 104.0 to
1848.0 3012.0 180.0 80.0 see

332.0 3148.0 508.0 108.0 whether
876.0 3136.0 276.0 112.0 they
1188.0 3152.0 180.0 80.0 are
1408.0 3132.0 308.0 96.0 from
1752.0 3124.0 268.0 112.0 God,

324.0 3292.0 192.0 104.0 for
576.0 3292.0 416.0 100.0 among
1052.0 3268.0 316.0 100.0 those
1424.0 3260.0 260.0 100.0 who
1740.0 3256.0 284.0 104.0 have

312.0 3428.0 316.0 92.0 vone
728.0 3416.0 204.0 92.0 out
1036.0 3416.0 236.0 84.0 into
1376.0 3416.0 200.0 76.0 ine
1688.0 3416.0 332.0 72.0 worm

328.0 3556.0 332.0 100.0 there
756.0 3556.0 200.0 80.0 are
1056.0 3544.0 336.0 96.0 many
1488.0 3520.0 536.0 120.0 prophets

336.0 3676.0 400.0 116.0 falsely
776.0 3672.0 516.0 112.0 inspired,
1332.0 3672.0 272.0 84.0 xnis
1640.0 3672.0 104.0 80.0 is
1784.0 3672.0 236.0 76.0 now

332.0 3836.0 172.0 60.0 mm
544.0 3820.0 256.0 76.0 mav
840.0 3788.0 568.0 108.0 recosnize
1448.0 3788.0 204.0 96.0 the
1692.0 3776.0 328.0 120.0 Spirit

320.0 3948.0 132.0 108.0 of
524.0 3936.0 280.0 108.0 God:
876.0 3944.0 328.0 100.0 every
1268.0 3916.0 328.0 120.0 spirit
1660.0 3908.0 356.0 104.0 which

324.0 4072.0 848.0 120.0 acknowledges
1300.0 4072.0 260.0 80.0 inai
1700.0 4072.0 320.0 76.0 jesus

332.0 4208.0 376.0 108.0 Christ
820.0 4196.0 224.0 100.0 has
1156.0 4204.0 308.0 88.0 come
1588.0 4176.0 128.0 100.0 In
1828.0 4172.0 192.0 100.0 the

324.0 4336.0 428.0 124.0 flesh
844.0 4328.0 108.0 100.0 Is
1040.0 4320.0 288.0 104.0 from
1420.0 4308.0 284.0 112.0 God,
1800.0 4300.0 216.0 104.0 and

328.0 4492.0 332.0 96.0 every
708.0 4456.0 332.0 124.0 spirit
1084.0 4448.0 360.0 104.0 which
1496.0 4440.0 280.0 100.0 does
1820.0 4432.0 196.0 104.0 not

324.0 4616.0 280.0 100.0 thus
672.0 4584.0 776.0 116.0 acknowledge
1520.0 4576.0 336.0 100.0 Jesus
1920.0 4568.0 96.0 96.0 Is

320.0 4740.0 220.0 104.0 not
580.0 4732.0 296.0 100.0 from
916.0 4716.0 276.0 108.0 Ood.
1260.0 4708.0 276.0 104.0 This
1576.0 4704.0 104.0 100.0 Is
1724.0 4700.0 292.0 100.0 what

316.0 4880.0 116.0 104.0 Is
520.0 4864.0 392.0 108.0 meant
1012.0 4868.0 140.0 100.0 oy
1240.0 4864.0 676.0 80.0 -Anucnnsi
1980.0 4864.0 28.0 84.0 ;

320.0 5020.0 232.0 104.0 you
604.0 5000.0 284.0 104.0 have
940.0 4984.0 284.0 100.0 been
1272.0 4972.0 240.0 104.0 told
1564.0 4964.0 264.0 104.0 that
1872.0 4960.0 144.0 104.0 he

320.0 5152.0 240.0 96.0 was
620.0 5128.0 124.0 104.0 to
808.0 5136.0 356.0 88.0 come,
1232.0 5108.0 220.0 100.0 and
1524.0 5100.0 280.0 100.0 here
1868.0 5096.0 144.0 100.0 he

312.0 5272.0 140.0 112.0 Is,
512.0 5264.0 124.0 100.0 in
684.0 5256.0 204.0 100.0 the
944.0 5240.0 340.0 108.0 world
1340.0 5228.0 492.0 120.0 already!

460.0 5400.0 224.0 100.0 But
724.0 5400.0 252.0 104.0 you,
1020.0 5400.0 188.0 92.0 my
1248.0 5400.0 544.0 80.0 cnuoren,
1840.0 5400.0 184.0 60.0 are

316.0 5528.0 128.0 108.0 of
540.0 5516.0 336.0 112.0 God's
960.0 5512.0 420.0 108.0 family,
1476.0 5512.0 236.0 88.0 ana
1800.0 5512.0 208.0 100.0 you

328.0 5664.0 292.0 104.0 have
648.0 5656.0 196.0 100.0 the
876.0 5656.0 484.0 92.0 mastery
1392.0 5656.0 268.0 76.0 over
1708.0 5656.0 308.0 68.0 mese

316.0 5796.0 296.0 104.0 false
676.0 5776.0 564.0 128.0 prophets,
1304.0 5768.0 484.0 96.0 because
1852.0 5768.0 160.0 88.0 He

316.0 5928.0 264.0 96.0 who
632.0 5912.0 480.0 116.0 Inspires
1160.0 5916.0 212.0 112.0 you
1424.0 5896.0 104.0 100.0 is
1584.0 5892.0 428.0 120.0 greater

316.0 6060.0 296.0 96.0 than
692.0 6048.0 152.0 100.0 he
928.0 6040.0 252.0 96.0 who
1260.0 6024.0 484.0 124.0 Inspires
1820.0 6024.0 192.0 96.0 the

324.0 6180.0 436.0 128.0 godless
808.0 6176.0 376.0 92.0 world,
1288.0 6176.0 316.0 100.0 mey
1656.0 6176.0 188.0 80.0 are
1892.0 6176.0 112.0 76.0 oi

320.0 6316.0 264.0 84.0 that
664.0 6300.0 376.0 100.0 world,
1132.0 6292.0 216.0 108.0 and
1436.0 6312.0 128.0 80.0 so
1656.0 6288.0 304.0 100.0 there

308.0 6456.0 256.0 96.0 fore
620.0 6440.0 96.0 104.0 is
772.0 6432.0 308.0 104.0 their
1132.0 6424.0 564.0 116.0 teaching;
1760.0 6416.0 244.0 104.0 that

308.0 6584.0 108.0 100.0 Is
476.0 6576.0 248.0 124.0 why
780.0 6572.0 204.0 96.0 the
1040.0 6556.0 332.0 104.0 world
1436.0 6556.0 396.0 100.0 listens
1884.0 6548.0 120.0 100.0 to

312.0 6716.0 352.0 96.0 them
816.0 6692.0 232.0 104.0 But
1136.0 6712.0 156.0 76.0 we
1384.0 6684.0 412.0 116.0 belong
1884.0 6684.0 120.0 96.0 to

316.0 6836.0 284.0 112.0 Ood,
644.0 6828.0 224.0 108.0 and
916.0 6848.0 72.0 80.0 a
1028.0 6840.0 260.0 84.0 man
1328.0 6820.0 256.0 100.0 who
1628.0 6820.0 372.0 96.0 knows

312.0 6964.0 256.0 112.0 Ood
628.0 6960.0 396.0 108.0 listens
1080.0 6960.0 116.0 96.0 to
1252.0 6968.0 160.0 96.0 us,
1476.0 6948.0 332.0 100.0 while
1856.0 6944.0 144.0 104.0 he

316.0 7104.0 260.0 96.0 who
616.0 7096.0 268.0 100.0 does
920.0 7088.0 204.0 100.0 not
1160.0 7084.0 400.0 112.0 belong
1604.0 7080.0 120.0 100.0 to
1764.0 7072.0 236.0 104.0 God

308.0 7232.0 436.0 100.0 refuses
800.0 7240.0 144.0 80.0 us
1004.0 7236.0 72.0 84.0 a
1132.0 7212.0 492.0 116.0 hearing.
1716.0 7208.0 280.0 104.0 That

308.0 7364.0 104.0 100.0 Is
488.0 7360.0 248.0 96.0 how
808.0 7372.0 172.0 80.0 we
1060.0 7340.0 672.0 120.0 distinguish
1804.0 7340.0 192.0 96.0 the

312.0 7488.0 328.0 124.0 spirit
744.0 7480.0 124.0 104.0 of
980.0 7480.0 312.0 100.0 truth
1392.0 7476.0 308.0 100.0 from
1808.0 7468.0 188.0 104.0 the

312.0 7620.0 328.0 124.0 spirit
696.0 7616.0 120.0 100.0 of
880.0 7632.0 328.0 80.0 error.

436.0 7760.0 292.0 92.0 Dear
792.0 7760.0 456.0 92.0 menas,
1320.0 7760.0 160.0 80.0 lei
1548.0 7760.0 144.0 76.0 us
1764.0 7760.0 224.0 72.0 love

308.0 7904.0 228.0 80.0 one
616.0 7880.0 504.0 112.0 another,
1200.0 7872.0 480.0 96.0 because
1764.0 7864.0 232.0 100.0 love

312.0 8016.0 104.0 100.0 Is
464.0 8012.0 288.0 100.0 from
800.0 8004.0 280.0 104.0 God.
1152.0 8008.0 560.0 108.0 Everyone
1760.0 8000.0 236.0 96.0 who

300.0 8144.0 312.0 104.0 loves
664.0 8140.0 96.0 100.0 Is
816.0 8160.0 72.0 80.0 a
940.0 8136.0 296.0 100.0 child
1288.0 8136.0 120.0 96.0 of
1460.0 8128.0 256.0 104.0 Ood
1772.0 8128.0 212.0 100.0 and

316.0 8308.0 380.0 40.0 vnnwi
756.0 8308.0 32.0 40.0 i
860.0 8312.0 20.0 36.0 i
900.0 8308.0 56.0 40.0 m
972.0 8308.0 24.0 40.0 i
1016.0 8340.0 20.0 8.0 .
1108.0 8308.0 188.0 40.0 inn,
1364.0 8308.0 192.0 40.0 liir
1628.0 8308.0 364.0 40.0 uiiiuv-

312.0 8408.0 200.0 112.0 lng
584.0 8404.0 324.0 100.0 know
984.0 8392.0 468.0 124.0 nothing
1524.0 8392.0 132.0 100.0 of
1728.0 8388.0 260.0 104.0 God.

304.0 8540.0 220.0 96.0 For
608.0 8532.0 240.0 104.0 God
936.0 8528.0 104.0 100.0 is
1120.0 8528.0 268.0 108.0 love;
1484.0 8524.0 232.0 100.0 and
1804.0 8520.0 188.0 100.0 His

304.0 8668.0 252.0 88.0 love
612.0 8680.0 228.0 76.0 was
900.0 8656.0 536.0 100.0 disclosed
1492.0 8656.0 132.0 96.0 to
1684.0 8672.0 132.0 80.0 us
1872.0 8652.0 116.0 100.0 In

300.0 8796.0 264.0 116.0 this,
628.0 8796.0 256.0 100.0 that
948.0 8792.0 164.0 100.0 He
1172.0 8792.0 248.0 96.0 sent
1484.0 8788.0 188.0 100.0 his
1736.0 8784.0 248.0 116.0 only

312.0 8936.0 228.0 92.0 Son
596.0 8924.0 232.0 100.0 Into
880.0 8924.0 200.0 100.0 the
1124.0 8916.0 332.0 100.0 world
1508.0 8920.0 124.0 96.0 to
1680.0 8916.0 308.0 116.0 bring

308.0 9080.0 144.0 80.0 us
500.0 9056.0 220.0 100.0 life.
824.0 9056.0 240.0 100.0 The
1108.0 9052.0 232.0 100.0 love
1384.0 9048.0 56.0 100.0 I
1484.0 9048.0 344.0 116.0 speak
1872.0 9044.0 116.0 104.0 of

300.0 9192.0 104.0 100.0 Is
452.0 9192.0 204.0 96.0 not
696.0 9200.0 212.0 84.0 our
960.0 9184.0 232.0 96.0 love
1236.0 9180.0 180.0 100.0 for
1464.0 9180.0 280.0 108.0 God,
1792.0 9176.0 196.0 100.0 but

300.0 9324.0 208.0 96.0 the
584.0 9316.0 240.0 104.0 love
900.0 9316.0 164.0 100.0 He
1140.0 9312.0 448.0 100.0 showed
1664.0 9312.0 116.0 96.0 to
1852.0 9328.0 136.0 80.0 us

300.0 9452.0 124.0 100.0 in
496.0 9448.0 476.0 116.0 sending
1040.0 9444.0 188.0 100.0 His
1296.0 9448.0 224.0 96.0 Son
1600.0 9464.0 132.0 80.0 as
1796.0 9440.0 184.0 100.0 the

300.0 9580.0 456.0 116.0 remedy
824.0 9580.0 184.0 96.0 for
1076.0 9576.0 188.0 100.0 the
1332.0 9572.0 656.0 100.0 defilement

300.0 9748.0 120.0 68.0 OX
512.0 9748.0 200.0 64.0 Our
796.0 9748.0 268.0 60.0 51119.
1204.0 9748.0 92.0 56.0 XI
1388.0 9748.0 252.0 56.0 UUU
1736.0 9748.0 248.0 56.0 U1U3

304.0 9844.0 320.0 104.0 loved
704.0 9856.0 172.0 96.0 us,
952.0 9840.0 268.0 100.0 dear
1288.0 9836.0 464.0 108.0 friends,
1828.0 9856.0 152.0 76.0 we

304.0 9980.0 120.0 100.0 in
504.0 9976.0 260.0 100.0 turn
844.0 9988.0 196.0 84.0 are
1108.0 9968.0 372.0 100.0 bound
1552.0 9972.0 128.0 96.0 to
1752.0 9964.0 232.0 100.0 love

296.0 10128.0 228.0 80.0 one
596.0 10104.0 500.0 104.0 another.
1192.0 10104.0 480.0 116.0 Though
1748.0 10100.0 232.0 100.0 God

304.0 10244.0 216.0 96.0 has
560.0 10256.0 340.0 80.0 never
948.0 10232.0 272.0 104.0 been
1268.0 10252.0 268.0 80.0 seen
1588.0 10236.0 144.0 112.0 by
1772.0 10252.0 212.0 96.0 any

304.0 10388.0 308.0 92.0 man,
652.0 10368.0 248.0 96.0 God
944.0 10364.0 460.0 100.0 Himself
1448.0 10364.0 376.0 100.0 dwells
1864.0 10364.0 112.0 100.0 in

300.0 10520.0 144.0 80.0 us
508.0 10500.0 92.0 100.0 If
656.0 10516.0 168.0 84.0 we
888.0 10496.0 244.0 100.0 love
1192.0 10516.0 212.0 80.0 one
1476.0 10492.0 500.0 116.0 another;

304.0 10632.0 200.0 68.0 Wm
568.0 10632.0 168.0 68.0 lnv
872.0 10628.0 32.0 72.0 f
1036.0 10624.0 480.0 76.0 hmuorhfc
1576.0 10628.0 120.0 72.0 in
1756.0 10644.0 232.0 56.0 fvr.

308.0 10760.0 420.0 104.0 fectlon
776.0 10756.0 384.0 104.0 within
1212.0 10772.0 160.0 84.0 us.

416.0 10944.0 356.0 104.0 HERE
836.0 10944.0 132.0 100.0 IS
1028.0 10944.0 256.0 100.0 THE
1348.0 10940.0 328.0 120.0 proof
1736.0 10940.0 240.0 104.0 that

296.0 11100.0 168.0 80.0 we
552.0 11088.0 316.0 92.0 dwell
960.0 11088.0 120.0 88.0 in
1160.0 11088.0 252.0 88.0 Him
1508.0 11088.0 228.0 88.0 ana
1820.0 11088.0 156.0 84.0 He

292.0 11212.0 384.0 96.0 dwells
756.0 11208.0 120.0 100.0 in
968.0 11224.0 164.0 84.0 us:
1244.0 11208.0 164.0 100.0 He
1492.0 11208.0 220.0 100.0 has
1784.0 11204.0 148.0 100.0 im-

292.0 11340.0 396.0 124.0 parted
812.0 11340.0 200.0 100.0 His
1128.0 11340.0 336.0 116.0 Spirit
1584.0 11344.0 120.0 92.0 to
1816.0 11360.0 156.0 76.0 us.

292.0 11476.0 600.0 112.0 Moreover,
944.0 11492.0 160.0 84.0 we
1156.0 11472.0 280.0 100.0 have
1484.0 11488.0 272.0 84.0 seen
1804.0 11472.0 168.0 100.0 for

292.0 11604.0 592.0 116.0 ourselves,
1004.0 11604.0 216.0 96.0 and
1328.0 11624.0 172.0 80.0 we
1616.0 11604.0 356.0 112.0 attest,

284.0 11740.0 264.0 100.0 that
636.0 11740.0 204.0 96.0 the
936.0 11736.0 400.0 100.0 Father
1432.0 11740.0 260.0 96.0 sent
1780.0 11740.0 192.0 96.0 the

296.0 11876.0 228.0 96.0 Son
608.0 11872.0 116.0 96.0 to
812.0 11872.0 140.0 92.0 be
1040.0 11872.0 188.0 96.0 the
1312.0 11868.0 468.0 100.0 Saviour
1852.0 11872.0 120.0 96.0 of

288.0 12008.0 204.0 96.0 the
580.0 12004.0 372.0 108.0 world,
1048.0 12000.0 220.0 104.0 and
1356.0 12004.0 96.0 96.0 If
1548.0 12024.0 68.0 80.0 a
1708.0 12020.0 256.0 84.0 man

292.0 12136.0 836.0 112.0 acknowledges
1180.0 12136.0 256.0 100.0 that
1492.0 12136.0 324.0 100.0 Jesus
1872.0 12136.0 100.0 100.0 Is

288.0 12268.0 204.0 104.0 the
540.0 12272.0 220.0 96.0 Son
812.0 12268.0 124.0 100.0 of
980.0 12264.0 268.0 112.0 God,
1296.0 12268.0 252.0 100.0 God
1600.0 12268.0 368.0 100.0 dwells

288.0 12396.0 124.0 100.0 in
508.0 12396.0 232.0 100.0 him
836.0 12396.0 228.0 100.0 and
1152.0 12396.0 140.0 104.0 he
1380.0 12396.0 388.0 100.0 dwells
1848.0 12396.0 116.0 100.0 in

288.0 12528.0 280.0 100.0 God.
692.0 12528.0 320.0 100.0 Thus
1076.0 12548.0 156.0 80.0 we
1296.0 12528.0 300.0 104.0 have
1664.0 12548.0 308.0 80.0 come

288.0 12660.0 120.0 100.0 to
508.0 12660.0 328.0 100.0 know
940.0 12660.0 220.0 100.0 and
1256.0 12660.0 428.0 104.0 believe
1776.0 12664.0 192.0 100.0 the

284.0 12788.0 252.0 104.0 love
588.0 12788.0 372.0 104.0 which
1012.0 12792.0 236.0 104.0 God
1304.0 12796.0 220.0 100.0 has
1576.0 12796.0 176.0 100.0 for
1804.0 12812.0 160.0 84.0 us.

416.0 12924.0 244.0 100.0 God
796.0 12924.0 104.0 100.0 is
1032.0 12924.0 336.0 112.0 love;-
1444.0 12928.0 152.0 100.0 he
1728.0 12932.0 240.0 96.0 who

288.0 13056.0 384.0 104.0 dwells
752.0 13056.0 128.0 104.0 In
964.0 13056.0 236.0 104.0 love
1280.0 13060.0 96.0 100.0 is
1464.0 13060.0 508.0 120.0 dwelling

292.0 13192.0 120.0 96.0 In
504.0 13192.0 272.0 112.0 God,
864.0 13192.0 224.0 100.0 and
1168.0 13192.0 244.0 100.0 Ood
1500.0 13192.0 124.0 100.0 In
1708.0 13196.0 256.0 100.0 him

288.0 13324.0 272.0 104.0 This
636.0 13328.0 96.0 96.0 is
816.0 13328.0 180.0 100.0 for
1072.0 13348.0 128.0 80.0 us
1276.0 13332.0 200.0 96.0 the
1560.0 13332.0 364.0 116.0 perfec-

288.0 13460.0 244.0 100.0 tion
608.0 13460.0 124.0 96.0 of
808.0 13460.0 276.0 112.0 love,
1160.0 13460.0 112.0 104.0 to
1352.0 13464.0 292.0 96.0 have
1724.0 13480.0 196.0 84.0 con-

288.0 13592.0 628.0 104.0 fldence
1016.0 13616.0 136.0 80.0 on
1248.0 13600.0 196.0 96.0 the
1548.0 13600.0 212.0 112.0 day
1848.0 13596.0 120.0 100.0 of

288.0 13724.0 692.0 120.0 Judgement,
1108.0 13732.0 220.0 96.0 and
1460.0 13732.0 232.0 100.0 this
1808.0 13752.0 160.0 80.0 we

284.0 13880.0 224.0 80.0 can
576.0 13864.0 320.0 108.0 have,
968.0 13864.0 464.0 100.0 because
1504.0 13884.0 276.0 84.0 even
1848.0 13868.0 116.0 100.0 In

284.0 13996.0 236.0 100.0 this
572.0 13996.0 348.0 100.0 world
976.0 14016.0 156.0 88.0 we
1188.0 14020.0 192.0 84.0 are
1440.0 14020.0 132.0 80.0 as
1628.0 14004.0 156.0 96.0 He
1840.0 14000.0 124.0 100.0 Is.

288.0 14132.0 356.0 100.0 There
712.0 14128.0 100.0 104.0 Is
888.0 14152.0 152.0 80.0 no
1108.0 14152.0 304.0 80.0 room
1488.0 14136.0 184.0 100.0 for
1732.0 14136.0 240.0 100.0 fear

292.0 14260.0 120.0 100.0 In
504.0 14264.0 272.0 112.0 love;
872.0 14268.0 420.0 116.0 perfect
1380.0 14268.0 244.0 100.0 love
1712.0 14268.0 208.0 100.0 ban-

288.0 14396.0 304.0 104.0 ishes
652.0 14400.0 280.0 96.0 fear.
1024.0 14404.0 200.0 96.0 For
1284.0 14404.0 256.0 96.0 fear
1600.0 14404.0 368.0 120.0 brings

288.0 14532.0 268.0 100.0 with
616.0 14532.0 96.0 100.0 It
768.0 14536.0 208.0 96.0 the
1032.0 14536.0 320.0 120.0 pains
1412.0 14540.0 128.0 100.0 of
1600.0 14536.0 324.0 120.0 Judge-

284.0 14668.0 348.0 112.0 ment,
720.0 14668.0 232.0 100.0 and
1036.0 14688.0 432.0 96.0 anyone
1552.0 14672.0 244.0 96.0 who
1872.0 14672.0 100.0 100.0 is

288.0 14800.0 364.0 100.0 afraid
720.0 14804.0 220.0 100.0 has
1012.0 14808.0 196.0 96.0 not
1280.0 14804.0 504.0 100.0 attained
1848.0 14808.0 120.0 96.0 to

288.0 14932.0 252.0 104.0 love
612.0 14932.0 120.0 104.0 in
816.0 14936.0 152.0 100.0 its
1040.0 14940.0 644.0 120.0 perfection.
1788.0 14944.0 184.0 96.0 We

284.0 15068.0 248.0 104.0 love
616.0 15068.0 480.0 108.0 because
1176.0 15076.0 164.0 96.0 He
1432.0 15072.0 320.0 100.0 loved
1832.0 15096.0 136.0 80.0 us

284.0 15204.0 288.0 100.0 first
688.0 15208.0 228.0 96.0 But
1004.0 15208.0 88.0 100.0 If
1172.0 15224.0 68.0 84.0 a
1324.0 15228.0 284.0 80.0 man
1696.0 15228.0 272.0 92.0 says.

288.0 15340.0 116.0 96.0 "I
472.0 15340.0 240.0 100.0 love
780.0 15340.0 340.0 116.0 God,"
1180.0 15344.0 336.0 100.0 while
1584.0 15344.0 384.0 112.0 hating

284.0 15468.0 188.0 104.0 his
528.0 15472.0 484.0 116.0 brother,
1064.0 15476.0 140.0 100.0 he
1260.0 15476.0 100.0 100.0 is
1420.0 15496.0 72.0 80.0 a
1552.0 15476.0 228.0 104.0 liar.
1864.0 15480.0 104.0 96.0 If

284.0 15604.0 156.0 104.0 he
492.0 15608.0 264.0 100.0 does
804.0 15608.0 208.0 100.0 not
1060.0 15608.0 236.0 104.0 love
1352.0 15612.0 204.0 100.0 the
1608.0 15612.0 312.0 100.0 broth

280.0 15760.0 132.0 80.0 er
500.0 15744.0 368.0 100.0 whom
960.0 15744.0 140.0 100.0 he
1188.0 15744.0 212.0 104.0 has
1492.0 15764.0 296.0 96.0 seen,
1872.0 15748.0 96.0 96.0 it

284.0 15880.0 424.0 96.0 cannot
812.0 15876.0 140.0 100.0 be
1056.0 15876.0 252.0 104.0 that
1412.0 15880.0 156.0 100.0 he
1676.0 15880.0 292.0 104.0 loves

284.0 16012.0 248.0 96.0 Ood
576.0 16012.0 372.0 100.0 whom
988.0 16012.0 140.0 100.0 he
1172.0 16012.0 212.0 104.0 has
1424.0 16016.0 208.0 96.0 not
1676.0 16036.0 284.0 80.0 seen.

280.0 16144.0 252.0 100.0 And
600.0 16144.0 412.0 104.0 Indeed
1072.0 16148.0 224.0 100.0 this
1364.0 16148.0 596.0 104.0 command

276.0 16296.0 376.0 84.0 comes
752.0 16284.0 124.0 96.0 to
972.0 16300.0 132.0 84.0 us
1200.0 16284.0 304.0 100.0 from
1600.0 16284.0 364.0 100.0 Christ

284.0 16412.0 508.0 104.0 Himself:
844.0 16416.0 288.0 100.0 That
1176.0 16416.0 148.0 100.0 he
1368.0 16420.0 260.0 96.0 who
1672.0 16416.0 292.0 104.0 loves

280.0 16548.0 248.0 96.0 God
620.0 16552.0 408.0 104.0 must
1116.0 16552.0 240.0 100.0 also
1448.0 16548.0 252.0 104.0 love
1784.0 16552.0 180.0 104.0 his

280.0 16680.0 484.0 104.0 brother.

408.0 16816.0 560.0 112.0 Everyone
1072.0 16820.0 308.0 100.0 who
1492.0 16816.0 472.0 108.0 believes

276.0 16944.0 260.0 108.0 that
592.0 16952.0 340.0 104.0 Jesus
996.0 16952.0 96.0 104.0 Is
1156.0 16956.0 196.0 100.0 the
1424.0 16956.0 372.0 104.0 Christ
1860.0 16956.0 100.0 100.0 is

276.0 17100.0 72.0 80.0 a
404.0 17084.0 300.0 100.0 child
760.0 17088.0 128.0 100.0 of
940.0 17084.0 264.0 116.0 God,
1260.0 17088.0 236.0 100.0 and
1548.0 17092.0 124.0 96.0 to
1720.0 17088.0 236.0 100.0 love

272.0 17220.0 204.0 96.0 the
556.0 17220.0 412.0 120.0 parent
1040.0 17240.0 396.0 84.0 means
1516.0 17224.0 128.0 100.0 to
1720.0 17224.0 240.0 100.0 love

272.0 17356.0 200.0 100.0 His
560.0 17356.0 348.0 112.0 child;
1008.0 17356.0 88.0 104.0 it
1184.0 17360.0 436.0 96.0 follows
1708.0 17360.0 252.0 96.0 that

276.0 17488.0 324.0 100.0 when
640.0 17508.0 172.0 84.0 we
852.0 17492.0 236.0 100.0 love
1128.0 17492.0 244.0 100.0 God
1416.0 17488.0 232.0 104.0 and
1688.0 17492.0 268.0 112.0 obey

276.0 17620.0 200.0 104.0 His
532.0 17624.0 652.0 100.0 commands
1244.0 17644.0 172.0 84.0 we
1476.0 17628.0 240.0 96.0 love
1772.0 17628.0 192.0 96.0 His

272.0 17756.0 512.0 104.0 children
876.0 17760.0 212.0 100.0 too.
1208.0 17764.0 220.0 96.0 For
1512.0 17760.0 124.0 104.0 to
1720.0 17760.0 240.0 100.0 love

272.0 17896.0 248.0 96.0 God
608.0 17892.0 100.0 100.0 Is
800.0 17896.0 128.0 96.0 to
1012.0 17896.0 276.0 116.0 keep
1380.0 17896.0 204.0 100.0 His
1668.0 17912.0 240.0 80.0 com-

268.0 18028.0 448.0 112.0 mands;
812.0 18028.0 228.0 100.0 and
1120.0 18032.0 268.0 112.0 they
1484.0 18048.0 192.0 80.0 are
1756.0 18028.0 200.0 100.0 not

276.0 18160.0 776.0 116.0 burdensome,
1108.0 18164.0 480.0 100.0 because
1644.0 18180.0 320.0 96.0 every

272.0 18300.0 304.0 96.0 child
640.0 18300.0 124.0 96.0 of
828.0 18300.0 240.0 100.0 God
1132.0 18300.0 96.0 100.0 Is
1292.0 18296.0 356.0 100.0 victor
1704.0 18316.0 256.0 80.0 over

268.0 18432.0 204.0 96.0 the
524.0 18436.0 440.0 116.0 godless
1012.0 18432.0 364.0 100.0 world.
1464.0 18436.0 232.0 96.0 The
1748.0 18432.0 160.0 96.0 vic-

264.0 18564.0 252.0 120.0 tory
568.0 18568.0 260.0 100.0 that
880.0 18568.0 428.0 100.0 defeats
1360.0 18568.0 204.0 100.0 the
1620.0 18564.0 332.0 100.0 world

260.0 18696.0 104.0 104.0 is
420.0 18720.0 204.0 80.0 our
676.0 18700.0 328.0 116.0 faith,
1056.0 18704.0 172.0 100.0 for
1280.0 18704.0 260.0 96.0 who
1596.0 18700.0 92.0 96.0 is
1740.0 18700.0 160.0 100.0 vic-

260.0 18836.0 188.0 96.0 tor
512.0 18856.0 268.0 80.0 over
852.0 18840.0 192.0 96.0 the
1116.0 18836.0 344.0 100.0 world
1540.0 18836.0 196.0 96.0 but
1800.0 18836.0 148.0 96.0 he

260.0 18972.0 256.0 100.0 who
584.0 18968.0 476.0 104.0 believes
1128.0 18972.0 260.0 96.0 that
1456.0 18972.0 320.0 96.0 Jesus
1848.0 18964.0 100.0 100.0 is

260.0 19100.0 204.0 100.0 the
520.0 19108.0 228.0 100.0 Son
804.0 19108.0 128.0 96.0 of
984.0 19108.0 296.0 100.0 God?

388.0 19240.0 260.0 100.0 This
776.0 19240.0 100.0 100.0 Is
988.0 19244.0 156.0 96.0 He
1260.0 19240.0 260.0 96.0 who
1636.0 19252.0 308.0 84.0 came

260.0 19372.0 272.0 100.0 with
632.0 19372.0 508.0 104.0 water
1244.0 19372.0 232.0 100.0 and
1580.0 19368.0 356.0 100.0 blood:

256.0 19508.0 328.0 100.0 Jesus
636.0 19508.0 404.0 100.0 Christ
1124.0 19508.0 160.0 100.0 He
1340.0 19520.0 348.0 88.0 came,
1740.0 19508.0 204.0 96.0 not

256.0 19640.0 152.0 116.0 by
496.0 19648.0 348.0 96.0 water
940.0 19640.0 472.0 112.0 alone,
1512.0 19640.0 196.0 96.0 but
1800.0 19640.0 144.0 108.0 by

252.0 19780.0 348.0 96.0 water
648.0 19780.0 232.0 96.0 and
932.0 19780.0 356.0 96.0 blood:
1348.0 19780.0 232.0 92.0 and
1628.0 19780.0 312.0 88.0 there

256.0 19908.0 100.0 104.0 Is
444.0 19916.0 196.0 96.0 the
728.0 19912.0 340.0 100.0 SDlrit
1152.0 19916.0 120.0 92.0 to
1360.0 19908.0 276.0 100.0 bear
1712.0 19908.0 180.0 96.0 wit

252.0 20064.0 296.0 84.0 ness.
624.0 20064.0 468.0 84.0 Decause
1160.0 20064.0 204.0 80.0 ine
1440.0 20064.0 332.0 80.0 bdiiu
1836.0 20064.0 100.0 76.0 is

248.0 20184.0 348.0 96.0 truth.
700.0 20188.0 216.0 92.0 For
980.0 20188.0 308.0 92.0 there
1360.0 20200.0 196.0 76.0 are
1624.0 20184.0 308.0 92.0 three

248.0 20316.0 608.0 100.0 witnesses,
968.0 20320.0 188.0 96.0 the
1260.0 20316.0 376.0 100.0 Spirit
1736.0 20316.0 196.0 96.0 the

244.0 20456.0 348.0 92.0 water
676.0 20456.0 232.0 92.0 and
988.0 20456.0 192.0 92.0 the
1264.0 20456.0 364.0 92.0 mood,
1708.0 20456.0 220.0 88.0 ana

248.0 20584.0 320.0 100.0 these
656.0 20588.0 324.0 96.0 three
1068.0 20604.0 188.0 80.0 are
1352.0 20584.0 120.0 100.0 In
1572.0 20596.0 316.0 88.0 agree

244.0 20720.0 344.0 96.0 ment
724.0 20724.0 192.0 92.0 We
1016.0 20720.0 388.0 96.0 accert
1508.0 20720.0 420.0 96.0 human

244.0 20848.0 640.0 120.0 testimony,
992.0 20852.0 196.0 100.0 but
1296.0 20852.0 376.0 112.0 surely
1772.0 20848.0 108.0 100.0 di

244.0 20984.0 260.0 104.0 vine
644.0 20988.0 600.0 100.0 testimony
1328.0 20988.0 100.0 96.0 is
1512.0 20992.0 376.0 96.0 strong

240.0 21136.0 160.0 80.0 er,
476.0 21136.0 228.0 80.0 ana
784.0 21136.0 228.0 80.0 mis
1084.0 21136.0 560.0 80.0 tnreeroia
1716.0 21136.0 168.0 80.0 tes

240.0 21252.0 436.0 116.0 timony
772.0 21256.0 100.0 100.0 Is
968.0 21256.0 396.0 96.0 indeed
1468.0 21256.0 248.0 96.0 that
1804.0 21252.0 128.0 96.0 of

240.0 21388.0 248.0 100.0 Ood
580.0 21388.0 504.0 100.0 Himself,
1180.0 21396.0 200.0 92.0 the
1488.0 21388.0 440.0 96.0 witness

236.0 21520.0 172.0 96.0 He
484.0 21520.0 216.0 96.0 has
788.0 21524.0 336.0 92.0 borne
1208.0 21528.0 120.0 88.0 to
1416.0 21520.0 196.0 96.0 His
1688.0 21540.0 236.0 76.0 son.

236.0 21656.0 168.0 96.0 He
456.0 21660.0 248.0 92.0 who
756.0 21660.0 468.0 92.0 believes
1280.0 21660.0 120.0 92.0 In
1460.0 21660.0 192.0 92.0 the
1700.0 21660.0 220.0 92.0 Son

232.0 21788.0 132.0 96.0 of
432.0 21792.0 244.0 92.0 God
748.0 21792.0 212.0 92.0 has
1028.0 21796.0 224.0 88.0 this
1324.0 21792.0 604.0 92.0 testimony

240.0 21920.0 120.0 100.0 In
452.0 21924.0 176.0 96.0 his
716.0 21948.0 248.0 72.0 own
1048.0 21928.0 356.0 92.0 heart
1500.0 21924.0 196.0 96.0 but
1776.0 21924.0 148.0 96.0 he

236.0 22056.0 252.0 104.0 who
528.0 22060.0 644.0 100.0 disbelieves
1216.0 22056.0 284.0 104.0 God.
1540.0 22060.0 384.0 96.0 makes

236.0 22204.0 240.0 88.0 nun
528.0 22204.0 208.0 88.0 out
788.0 22204.0 124.0 92.0 to
960.0 22204.0 132.0 92.0 be
1144.0 22216.0 72.0 80.0 a
1272.0 22204.0 248.0 96.0 liar,
1568.0 22204.0 140.0 100.0 oy
1756.0 22208.0 124.0 84.0 re

232.0 22320.0 384.0 124.0 fusing
668.0 22332.0 128.0 96.0 to
848.0 22332.0 384.0 116.0 accept
1284.0 22328.0 340.0 100.0 God's
1672.0 22344.0 248.0 80.0 own

228.0 22464.0 456.0 96.0 witness
784.0 22464.0 124.0 96.0 to
1004.0 22464.0 188.0 100.0 His
1296.0 22464.0 264.0 96.0 Son.
1684.0 22464.0 232.0 96.0 The

228.0 22592.0 456.0 104.0 witness
768.0 22596.0 104.0 100.0 Is
952.0 22600.0 256.0 96.0 this:
1300.0 22600.0 300.0 96.0 That
1676.0 22592.0 244.0 100.0 God

232.0 22720.0 216.0 104.0 has
532.0 22728.0 332.0 116.0 given
952.0 22752.0 132.0 80.0 us
1168.0 22728.0 440.0 100.0 eternal
1692.0 22728.0 228.0 104.0 life.

4064.0 2196.0 332.0 104.0 know
4472.0 2196.0 236.0 104.0 also
4776.0 2192.0 268.0 104.0 that
5108.0 2192.0 200.0 100.0 the
5368.0 2184.0 400.0 128.0 things

4064.0 2356.0 160.0 80.0 we
4296.0 2332.0 212.0 100.0 ask
4576.0 2332.0 176.0 104.0 for
4816.0 2344.0 204.0 88.0 are
5080.0 2340.0 296.0 88.0 ours.

4184.0 2488.0 108.0 104.0 If
4356.0 2508.0 76.0 84.0 a
4492.0 2508.0 272.0 80.0 man
4828.0 2500.0 256.0 88.0 sees
5140.0 2480.0 188.0 104.0 his
5388.0 2476.0 332.0 100.0 broth-

4056.0 2644.0 132.0 80.0 er
4240.0 2620.0 720.0 116.0 committing
5020.0 2632.0 72.0 84.0 a
5152.0 2616.0 180.0 100.0 sin
5392.0 2608.0 376.0 104.0 which

4060.0 2756.0 100.0 104.0 Is
4228.0 2760.0 216.0 96.0 not
4524.0 2772.0 76.0 84.0 a
4676.0 2744.0 564.0 124.0 deadly
5316.0 2744.0 216.0 116.0 sin,
5612.0 2744.0 152.0 96.0 he

4060.0 2884.0 408.0 104.0 should
4584.0 2900.0 276.0 104.0 pray
4976.0 2880.0 128.0 100.0 to
5216.0 2876.0 252.0 104.0 Ood
5580.0 2876.0 184.0 96.0 for

4056.0 3020.0 272.0 116.0 htm,
4376.0 3012.0 236.0 108.0 and
4656.0 3020.0 164.0 96.0 He
4864.0 3012.0 228.0 100.0 will
5140.0 3008.0 336.0 124.0 grant
5516.0 3000.0 248.0 108.0 him

4056.0 3152.0 192.0 100.0 life
4368.0 3152.0 268.0 96.0 that
4684.0 3148.0 124.0 112.0 is,
4860.0 3148.0 336.0 96.0 when
5244.0 3160.0 272.0 80.0 men
5568.0 3156.0 196.0 84.0 are

4052.0 3288.0 204.0 96.0 not
4356.0 3280.0 360.0 120.0 guilty
4808.0 3280.0 128.0 96.0 of
5040.0 3276.0 408.0 112.0 deadly
5544.0 3272.0 212.0 100.0 sin.

4052.0 3420.0 360.0 96.0 There
4496.0 3412.0 104.0 104.0 Is
4680.0 3412.0 292.0 104.0 such
5056.0 3428.0 76.0 84.0 a
5212.0 3408.0 332.0 116.0 thing
5628.0 3420.0 128.0 80.0 as

4052.0 3548.0 404.0 116.0 deadly
4544.0 3548.0 212.0 108.0 sin,
4852.0 3540.0 232.0 104.0 and
5172.0 3540.0 56.0 104.0 I
5312.0 3540.0 152.0 96.0 do
5548.0 3540.0 208.0 96.0 not

4056.0 3676.0 460.0 120.0 suggest
4552.0 3676.0 252.0 104.0 that
4844.0 3676.0 152.0 100.0 he
5032.0 3668.0 408.0 108.0 should
5484.0 3684.0 276.0 108.0 pray

4060.0 3816.0 344.0 96.0 about
4504.0 3812.0 284.0 108.0 that
4896.0 3808.0 208.0 100.0 but
5208.0 3804.0 548.0 112.0 although

4056.0 3948.0 148.0 96.0 all
4280.0 3936.0 732.0 124.0 wrongdoing
5088.0 3936.0 100.0 104.0 is
5256.0 3940.0 220.0 112.0 sin,
5548.0 3932.0 208.0 100.0 not

4056.0 4076.0 148.0 104.0 all
4256.0 4080.0 188.0 96.0 sin
4504.0 4072.0 100.0 104.0 Is
4656.0 4072.0 408.0 120.0 deadly
5116.0 4068.0 212.0 104.0 sin.

4172.0 4240.0 196.0 96.0 We
4452.0 4232.0 328.0 104.0 know
4864.0 4232.0 264.0 96.0 that
5208.0 4244.0 160.0 84.0 no
5448.0 4220.0 308.0 104.0 child

4052.0 4368.0 116.0 100.0 of
4216.0 4364.0 252.0 104.0 God
4524.0 4364.0 96.0 100.0 la
4668.0 4384.0 68.0 80.0 a
4788.0 4364.0 424.0 108.0 sinner;
5268.0 4360.0 92.0 100.0 It
5408.0 4356.0 96.0 100.0 Is
5552.0 4360.0 200.0 96.0 the

4052.0 4504.0 224.0 96.0 Bon
4328.0 4500.0 128.0 100.0 of
4508.0 4496.0 244.0 100.0 God
4804.0 4500.0 256.0 96.0 who
5116.0 4492.0 340.0 120.0 keeps
5508.0 4488.0 244.0 100.0 him

4048.0 4636.0 272.0 104.0 safe,
4384.0 4632.0 236.0 100.0 and
4676.0 4628.0 196.0 96.0 the
4936.0 4628.0 220.0 100.0 evil
5208.0 4640.0 224.0 84.0 one
5488.0 4640.0 216.0 80.0 can-

4048.0 4764.0 204.0 104.0 not
4320.0 4764.0 356.0 100.0 touch
4744.0 4760.0 276.0 100.0 him.

4164.0 4896.0 192.0 100.0 We
4424.0 4896.0 328.0 100.0 know
4812.0 4892.0 268.0 100.0 that
5140.0 4904.0 164.0 80.0 we
5372.0 4900.0 188.0 88.0 are
5624.0 4884.0 124.0 104.0 of

4048.0 5024.0 336.0 108.0 Ood's
4468.0 5020.0 584.0 120.0 family,
5136.0 5016.0 332.0 104.0 while
5548.0 5020.0 200.0 96.0 the

4044.0 5160.0 356.0 100.0 whole
4464.0 5160.0 436.0 116.0 godless
4960.0 5152.0 344.0 100.0 world
5360.0 5152.0 208.0 100.0 lies
5620.0 5148.0 120.0 100.0 In

6052.0 1404.0 940.0 116.0 WASHINGTON,
7076.0 1408.0 336.0 104.0 Oct.
7500.0 1400.0 120.0 104.0 31

5932.0 1572.0 308.0 112.0 (T7PD
6408.0 1568.0 272.0 104.0 Mrs.
6756.0 1564.0 300.0 108.0 John
7132.0 1564.0 116.0 104.0 T.
7328.0 1564.0 248.0 100.0 Ken-

5928.0 1728.0 300.0 124.0 nedy
6272.0 1728.0 216.0 104.0 will
6536.0 1748.0 296.0 100.0 open
6876.0 1724.0 196.0 100.0 the
7116.0 1720.0 508.0 108.0 national

5924.0 1888.0 620.0 104.0 Christmas
6584.0 1884.0 252.0 104.0 Seal
6872.0 1880.0 592.0 120.0 campaign
7500.0 1880.0 128.0 100.0 at

5932.0 2068.0 72.0 84.0 a
6104.0 2044.0 356.0 104.0 White
6560.0 2044.0 368.0 104.0 House
7024.0 2052.0 600.0 100.0 ceremony

5928.0 2228.0 156.0 80.0 on
6124.0 2204.0 716.0 120.0 Wednesday,
6876.0 2200.0 612.0 104.0 November
7524.0 2196.0 88.0 96.0 8.

5928.0 2364.0 244.0 100.0 The
6244.0 2360.0 308.0 104.0 drive
6632.0 2360.0 104.0 104.0 Is
6808.0 2360.0 116.0 96.0 to
7008.0 2372.0 272.0 104.0 spur
7360.0 2368.0 208.0 84.0 con-

5924.0 2520.0 596.0 100.0 tributions
6588.0 2516.0 180.0 104.0 for
6820.0 2532.0 464.0 104.0 persona
7344.0 2508.0 268.0 100.0 with

5920.0 2676.0 768.0 104.0 tuberculosis.

6044.0 2836.0 256.0 104.0 Mrs.
6352.0 2832.0 544.0 116.0 Kennedy
6948.0 2828.0 224.0 104.0 will
7232.0 2828.0 392.0 120.0 accept

5920.0 2968.0 204.0 104.0 the
6208.0 2972.0 248.0 100.0 first
6540.0 2972.0 380.0 100.0 sheets
6996.0 2964.0 128.0 96.0 of
7204.0 2964.0 372.0 100.0 Christ-

5920.0 3120.0 256.0 84.0 mas
6236.0 3100.0 312.0 104.0 Seals
6612.0 3100.0 292.0 100.0 from
6964.0 3096.0 464.0 100.0 Charles
7488.0 3096.0 128.0 96.0 O.

5920.0 3376.0 208.0 100.0 the
6188.0 3392.0 364.0 100.0 power
6616.0 3372.0 124.0 100.0 of
6796.0 3368.0 196.0 104.0 the
7052.0 3364.0 216.0 104.0 evil
7332.0 3384.0 244.0 84.0 one.

6048.0 3512.0 188.0 92.0 We
6328.0 3504.0 336.0 100.0 know
6752.0 3500.0 248.0 100.0 that
7092.0 3504.0 200.0 96.0 the
7380.0 3500.0 228.0 96.0 Son

5928.0 3640.0 124.0 100.0 of
6192.0 3636.0 240.0 108.0 Ood
6576.0 3636.0 212.0 96.0 has
6920.0 3652.0 320.0 80.0 come
7380.0 3628.0 228.0 100.0 and

5928.0 3772.0 324.0 116.0 given
6320.0 3788.0 136.0 80.0 us
6528.0 3764.0 888.0 116.0 understanding
7488.0 3764.0 120.0 96.0 to

5924.0 3904.0 328.0 100.0 know
6308.0 3904.0 264.0 96.0 Him
6636.0 3900.0 244.0 96.0 who
6944.0 3896.0 100.0 100.0 Is
7104.0 3896.0 272.0 108.0 real;
7444.0 3892.0 116.0 100.0 In-

5924.0 4036.0 284.0 100.0 deed
6260.0 4052.0 156.0 80.0 we
6476.0 4052.0 196.0 80.0 are
6728.0 4032.0 116.0 100.0 in
6896.0 4028.0 260.0 100.0 Him
7208.0 4032.0 248.0 92.0 who
7512.0 4024.0 96.0 100.0 Is

5920.0 4168.0 276.0 112.0 real,
6276.0 4164.0 312.0 100.0 since
6680.0 4184.0 160.0 80.0 we
6924.0 4180.0 192.0 84.0 are
7204.0 4160.0 120.0 96.0 in
7412.0 4156.0 196.0 100.0 His

5924.0 4304.0 232.0 96.0 Son
6232.0 4300.0 332.0 100.0 Jesus
6648.0 4292.0 392.0 104.0 Christ.
7156.0 4288.0 268.0 104.0 This
7512.0 4292.0 92.0 100.0 Is

5920.0 4432.0 204.0 100.0 the
6192.0 4432.0 244.0 100.0 true
6508.0 4428.0 284.0 112.0 God,
6860.0 4424.0 224.0 100.0 this
7160.0 4420.0 100.0 104.0 Is
7324.0 4424.0 240.0 100.0 eter-

5920.0 4564.0 200.0 100.0 nal
6212.0 4564.0 216.0 96.0 life.
6560.0 4564.0 188.0 112.0 My
6836.0 4556.0 532.0 108.0 children,
7464.0 4556.0 136.0 96.0 be

5916.0 4716.0 156.0 80.0 on
6136.0 4692.0 192.0 104.0 the
6384.0 4692.0 376.0 100.0 watch
6816.0 4688.0 444.0 120.0 against
7316.0 4684.0 288.0 100.0 false

5916.0 4824.0 308.0 124.0 gods.

6040.0 5012.0 768.0 100.0 THURSDAY:
6896.0 5008.0 496.0 120.0 Dangers
7480.0 5004.0 128.0 104.0 of

5912.0 5148.0 320.0 100.0 False
6292.0 5144.0 388.0 100.0 Belief.

7784.0 1396.0 424.0 120.0 Flnley.
8296.0 1396.0 596.0 104.0 chairman
8984.0 1388.0 156.0 112.0 of
9232.0 1388.0 264.0 108.0 the

7784.0 1556.0 336.0 116.0 drive,
8172.0 1552.0 240.0 104.0 and
8456.0 1552.0 180.0 108.0 Dr.
8688.0 1556.0 384.0 96.0 Stuart
9120.0 1552.0 372.0 116.0 Willis,

7788.0 1712.0 580.0 124.0 president
8464.0 1712.0 124.0 100.0 of
8680.0 1716.0 204.0 100.0 the
8976.0 1712.0 516.0 100.0 National

7784.0 1872.0 780.0 104.0 Tuberculosis
8604.0 1868.0 720.0 112.0 Association.

9648.0 1140.0 532.0 192.0 Study
10232.0 1140.0 940.0 172.0 Scheduled
11240.0 1152.0 276.0 164.0 On
11568.0 1148.0 532.0 168.0 Labor
12152.0 1148.0 396.0 172.0 Pact

9772.0 1376.0 940.0 116.0 WASHINOTON,
10796.0 1380.0 344.0 100.0 Oct.
11228.0 1376.0 120.0 104.0 31
11508.0 1384.0 648.0 120.0 prehenslve
12204.0 1384.0 340.0 104.0 series
12592.0 1384.0 120.0 100.0 of
12760.0 1388.0 436.0 100.0 studies

13348.0 1152.0 296.0 124.0 plete
13728.0 1152.0 240.0 100.0 and
14044.0 1172.0 184.0 80.0 are
14308.0 1144.0 560.0 128.0 expected
14948.0 1144.0 132.0 104.0 to

13344.0 1308.0 512.0 112.0 result
13944.0 1308.0 116.0 104.0 In
14144.0 1304.0 712.0 128.0 publication
14944.0 1300.0 140.0 108.0 of

9640.0 1504.0 296.0 112.0 (UPD
10120.0 1508.0 360.0 100.0 Labor
10532.0 1512.0 824.0 120.0 secretary
11508.0 1516.0 124.0 96.0 of
11748.0 1516.0 820.0 108.0 collective
12684.0 1520.0 512.0 116.0 bargain-
13344.0 1484.0 296.0 88.0 from
13720.0 1468.0 132.0 100.0 30
13928.0 1472.0 116.0 96.0 to
14112.0 1472.0 124.0 96.0 40
14312.0 1468.0 764.0 124.0 separate

9648.0 1636.0 572.0 104.0 Arthur
10312.0 1644.0 96.0 92.0 J.
10504.0 1644.0 564.0 116.0 Goldberg
11160.0 1664.0 196.0 80.0 an-
11516.0 1648.0 188.0 116.0 lng
11756.0 1656.0 712.0 108.0 agreements.
13348.0 1624.0 536.0 104.0 bulletins
13988.0 1620.0 496.0 112.0 which
14592.0 1620.0 220.0 104.0 will
14920.0 1624.0 152.0 100.0 be

9648.0 1788.0 496.0 84.0 nounces
10220.0 1768.0 184.0 104.0 his
10468.0 1772.0 720.0 120.0 department
11256.0 1776.0 100.0 104.0 is
11636.0 1780.0 236.0 100.0 The
11948.0 1780.0 600.0 104.0 studies
12628.0 1780.0 208.0 104.0 will
12920.0 1780.0 276.0 104.0 take
13344.0 1784.0 520.0 104.0 followed
13940.0 1784.0 140.0 124.0 by
14152.0 1788.0 392.0 120.0 yearly
14616.0 1780.0 412.0 124.0 supple-

9656.0 1904.0 608.0 112.0 beginning
10324.0 1920.0 68.0 84.0 a
10452.0 1924.0 248.0 80.0 new
10760.0 1908.0 240.0 96.0 and
11060.0 1924.0 300.0 84.0 com-
11516.0 1908.0 344.0 100.0 about
11924.0 1912.0 312.0 96.0 three
12316.0 1932.0 308.0 96.0 years
12700.0 1920.0 112.0 92.0 to
12888.0 1932.0 304.0 76.0 com-
13344.0 1928.0 396.0 88.0 ments.

7888.0 2176.0 1328.0 688.0 SMI

9328.0 2192.0 680.0 320.0 WHERE
10104.0 2192.0 416.0 328.0 YOU
10616.0 2200.0 376.0 328.0 SEE

9328.0 2608.0 448.0 328.0 this
9872.0 2608.0 824.0 336.0 mm
10800.0 2624.0 256.0 328.0 of

10360.0 3040.0 752.0 336.0 SAFETY

10436.0 3468.0 148.0 160.0 AT
10648.0 3464.0 192.0 168.0 131

10484.0 3672.0 300.0 160.0 OHIO

10376.0 3864.0 524.0 172.0 SAYINGS

10512.0 4072.0 240.0 156.0 AND

10480.0 4268.0 308.0 164.0 LOAN

10280.0 4468.0 720.0 168.0 COMPANIES

8008.0 4776.0 496.0 160.0 OHIO
8564.0 4784.0 740.0 164.0 DEPOSIT
9352.0 4788.0 1084.0 168.0 GUARANTEE
10496.0 4804.0 468.0 156.0 FUND

8216.0 5000.0 240.0 116.0 1301
8516.0 4996.0 248.0 124.0 fifth
8820.0 5004.0 276.0 124.0 Third
9156.0 5008.0 236.0 120.0 Bank
9452.0 5008.0 300.0 152.0 BWa,
9804.0 5012.0 544.0 128.0 CmcinnaH
10404.0 5024.0 96.0 128.0 I,
10556.0 5020.0 264.0 120.0 Ohio

11792.0 2840.0 272.0 392.0 5
12320.0 2840.0 960.0 400.0 DAY
13416.0 2848.0 1336.0 424.0 SALE

11776.0 3272.0 592.0 304.0 USED
12496.0 3280.0 912.0 312.0 SEVIIIG
13544.0 3296.0 1216.0 320.0 MACHINES

12172.0 3632.0 244.0 148.0 9M
12532.0 3636.0 840.0 156.0 Portables
13492.0 3640.0 424.0 156.0 from
14032.0 3644.0 420.0 156.0 $3?M

12092.0 3828.0 408.0 156.0 M9i0
12612.0 3836.0 780.0 160.0 Consoles
13500.0 3840.0 428.0 156.0 from
14040.0 3840.0 420.0 160.0 $39s0

11772.0 4092.0 804.0 116.0 ASUTTLEAS
12632.0 4044.0 968.0 200.0 OTTOO
13672.0 4084.0 388.0 116.0 OOWn

11768.0 4296.0 480.0 96.0 VARIOUS
12292.0 4300.0 372.0 100.0 MAKES
13228.0 4316.0 276.0 96.0 CAST
13540.0 4324.0 456.0 96.0 BUOOCT
14020.0 4332.0 396.0 96.0 TCHMS

11768.0 4444.0 896.0 212.0 SINGER
12768.0 4476.0 976.0 200.0 SEWING
13860.0 4488.0 948.0 208.0 CENTER

12596.0 4720.0 136.0 136.0 11
12808.0 4724.0 412.0 136.0 West
13272.0 4724.0 232.0 136.0 7th
13848.0 4728.0 200.0 136.0 DU
14116.0 4732.0 500.0 136.0 1-5000

13056.0 4912.0 436.0 88.0 kttwM
13544.0 4908.0 160.0 96.0 Tin
13832.0 4912.0 72.0 92.0 4
13964.0 4908.0 176.0 92.0 lac

11832.0 5100.0 1176.0 76.0 HCHHMIIIMIIM.

3536.0 14176.0 188.0 204.0 G

4332.0 6600.0 24.0 32.0 .
4760.0 6588.0 32.0 36.0 ,
4824.0 6540.0 32.0 48.0 '
6268.0 6584.0 20.0 36.0 ,
6408.0 6584.0 40.0 36.0 v
7204.0 6564.0 44.0 68.0 t
7900.0 6552.0 40.0 92.0 f
8148.0 6560.0 48.0 20.0 -
8956.0 6520.0 20.0 96.0 I
9284.0 6508.0 56.0 88.0 A
9692.0 6544.0 40.0 48.0 '
9980.0 6544.0 36.0 100.0 :
10100.0 6580.0 32.0 32.0 -
10204.0 6540.0 36.0 36.0 '
10336.0 6548.0 84.0 96.0 r
10596.0 6504.0 52.0 140.0 i
10688.0 6608.0 36.0 36.0 .
11292.0 6548.0 60.0 40.0 "
11524.0 6544.0 40.0 100.0 l

4072.0 7112.0 1112.0 240.0 '"fiV4r-
6160.0 7192.0 36.0 152.0 j
6320.0 7132.0 32.0 20.0 "
6512.0 7212.0 32.0 32.0 -
6856.0 7192.0 384.0 184.0 r71
7548.0 7220.0 40.0 120.0 i
7996.0 7196.0 52.0 168.0 t
8436.0 7200.0 392.0 124.0 "M"
8956.0 7204.0 24.0 112.0 !
9300.0 7128.0 120.0 196.0 'i
9564.0 7296.0 20.0 32.0 ,
9896.0 7184.0 116.0 144.0 J
10140.0 7192.0 32.0 28.0 "
10952.0 7196.0 140.0 116.0 'T
11612.0 7104.0 652.0 220.0 VT?T
12348.0 7152.0 68.0 228.0 J

4056.0 7336.0 488.0 208.0 I""'"
4684.0 7308.0 236.0 220.0 '1'
5472.0 7308.0 20.0 192.0 i
5572.0 7400.0 28.0 44.0 1
5732.0 7308.0 124.0 196.0 J
6168.0 7348.0 28.0 88.0 '
6948.0 7312.0 120.0 208.0 A
8352.0 7400.0 116.0 108.0 J
8604.0 7388.0 28.0 92.0 !
10340.0 7392.0 132.0 136.0 i,
11396.0 7388.0 16.0 144.0 ;
11740.0 7444.0 24.0 40.0 .

4148.0 7516.0 480.0 128.0 nnrz.i
5120.0 7596.0 44.0 60.0 f
5196.0 7512.0 52.0 116.0 z
5464.0 7492.0 340.0 144.0 im-.-j?,
5932.0 7508.0 376.0 120.0 uiiii.
6388.0 7580.0 268.0 84.0 n..y.u
7976.0 7576.0 12.0 32.0 .
8200.0 7516.0 408.0 104.0 '.)y-v..
8676.0 7568.0 52.0 32.0 .
8876.0 7572.0 20.0 28.0 .
9652.0 7572.0 40.0 32.0 ,
9744.0 7572.0 20.0 32.0 ,
9808.0 7572.0 52.0 40.0 T
10252.0 7568.0 32.0 20.0 .
10500.0 7576.0 36.0 24.0 .
12176.0 7564.0 32.0 56.0 y

4412.0 7692.0 32.0 28.0 "
4764.0 7740.0 24.0 112.0 j
5112.0 7684.0 40.0 136.0 ;
5472.0 7668.0 20.0 152.0 !
5728.0 7620.0 364.0 196.0 Jv
6504.0 7676.0 52.0 152.0 f
6860.0 7672.0 384.0 160.0 K.J
7552.0 7608.0 64.0 196.0 I
8268.0 7664.0 20.0 176.0 I
8376.0 7640.0 20.0 32.0 '
10080.0 7656.0 172.0 128.0 r:
10652.0 7620.0 72.0 180.0 i
10868.0 7748.0 40.0 44.0 .

4064.0 8356.0 584.0 124.0 hTii
5620.0 8416.0 40.0 44.0 ,
5764.0 8356.0 76.0 96.0 a
5928.0 8432.0 32.0 24.0 .
6152.0 8372.0 36.0 84.0 i
6492.0 8356.0 44.0 92.0 i
6852.0 8404.0 372.0 100.0 ',-,
7292.0 8424.0 28.0 32.0 '
8076.0 8472.0 32.0 36.0 t
8272.0 8400.0 16.0 56.0 !
8952.0 8356.0 32.0 156.0 I
9744.0 8376.0 272.0 136.0 ''-"1
10124.0 8412.0 72.0 40.0 "
10352.0 8368.0 20.0 112.0 !
11624.0 8404.0 32.0 108.0 ;
12116.0 8372.0 20.0 108.0 :

4060.0 8524.0 288.0 156.0 il-
6852.0 8604.0 20.0 36.0 .
7032.0 8536.0 24.0 52.0 '
7984.0 8556.0 32.0 44.0 '
8608.0 8572.0 32.0 68.0 i
9656.0 8564.0 20.0 108.0 j
9988.0 8532.0 28.0 108.0 !
10332.0 8592.0 40.0 24.0 -
11016.0 8576.0 392.0 76.0 .-ft
12092.0 8556.0 88.0 116.0 l

4756.0 8708.0 32.0 44.0 ,
4844.0 8660.0 224.0 112.0 L.j.
5116.0 8672.0 20.0 108.0 j
5180.0 8652.0 20.0 24.0 '
6160.0 8700.0 28.0 32.0 .
6240.0 8696.0 32.0 32.0 .
6804.0 8704.0 4.0 16.0 ,
6844.0 8688.0 48.0 68.0 t,
6940.0 8684.0 28.0 36.0 .
7032.0 8684.0 156.0 44.0 ......
7232.0 8652.0 376.0 76.0 --4.
7896.0 8684.0 96.0 80.0 p
8168.0 8684.0 364.0 96.0 -;-
8952.0 8676.0 36.0 88.0 f
9044.0 8684.0 24.0 32.0 '
9132.0 8684.0 28.0 32.0 '
9484.0 8680.0 24.0 28.0 "
9812.0 8676.0 64.0 32.0 n
9988.0 8676.0 32.0 80.0 !
10248.0 8684.0 40.0 24.0 -
10348.0 8672.0 28.0 32.0 '
10652.0 8748.0 32.0 24.0 ,
10768.0 8728.0 32.0 32.0 .
11016.0 8696.0 24.0 72.0 ;
11088.0 8728.0 16.0 28.0 ,
11332.0 8720.0 28.0 28.0 .
11668.0 8700.0 32.0 20.0 "
11936.0 8652.0 44.0 124.0 t
12052.0 8752.0 12.0 8.0 -
12124.0 8744.0 20.0 32.0 ,
12220.0 8752.0 12.0 8.0 .

4056.0 8796.0 548.0 208.0 '''4i-
6076.0 8884.0 28.0 24.0 -
6412.0 8856.0 160.0 96.0 f-
7072.0 8872.0 128.0 88.0 r
7544.0 8796.0 564.0 172.0 h-"1
8432.0 8876.0 204.0 128.0 ,i
9352.0 8940.0 44.0 36.0 .
10000.0 8956.0 16.0 32.0 ,

4292.0 9100.0 148.0 132.0 71
4588.0 9204.0 24.0 28.0 .
4672.0 9164.0 28.0 32.0 "
4752.0 9100.0 28.0 132.0 I
5292.0 9132.0 16.0 36.0 '
5908.0 9160.0 20.0 32.0 '
5984.0 9168.0 32.0 64.0 ;
6160.0 9144.0 20.0 88.0 !
6416.0 9152.0 32.0 40.0 k
8172.0 9148.0 28.0 36.0 '
8344.0 9144.0 24.0 36.0 '
8696.0 9200.0 20.0 32.0 ,
8872.0 9100.0 104.0 116.0 J
9660.0 9100.0 16.0 100.0 I
9996.0 9136.0 20.0 80.0 !
11248.0 9192.0 28.0 24.0 .
11608.0 9152.0 16.0 48.0 i
11944.0 9144.0 64.0 76.0 r

4048.0 9720.0 20.0 68.0 1
4144.0 9752.0 20.0 36.0 ,
4400.0 9676.0 24.0 88.0 !
4740.0 9656.0 44.0 124.0 4
5196.0 9736.0 20.0 32.0 .
5372.0 9712.0 40.0 48.0 f
5788.0 9708.0 16.0 52.0 i
5888.0 9708.0 220.0 76.0 t-t
6152.0 9656.0 32.0 188.0 j
6444.0 9720.0 20.0 24.0 '
6508.0 9656.0 28.0 132.0 1
6604.0 9708.0 20.0 28.0 1
6680.0 9716.0 72.0 32.0 "
6876.0 9748.0 12.0 12.0 .
6964.0 9748.0 20.0 32.0 ,
7500.0 9692.0 168.0 152.0 Jv
7736.0 9712.0 12.0 40.0 i
8608.0 9656.0 24.0 232.0 j
8696.0 9704.0 64.0 44.0 y
8948.0 9680.0 48.0 156.0 1
9036.0 9732.0 24.0 36.0 4
9304.0 9688.0 24.0 56.0 '
9532.0 9684.0 44.0 88.0 .'
9980.0 9748.0 40.0 36.0 t
10908.0 9680.0 20.0 28.0 '
11020.0 9672.0 16.0 32.0 '
11260.0 9728.0 28.0 124.0 j
14320.0 9712.0 60.0 64.0 z
14560.0 9688.0 192.0 96.0 ,'A

4124.0 9928.0 136.0 136.0 it
4752.0 9908.0 204.0 156.0 f-:
5100.0 9940.0 52.0 80.0 ':
5272.0 10004.0 36.0 68.0 t
5376.0 9924.0 20.0 48.0 '
5528.0 10012.0 48.0 88.0 j
5624.0 10048.0 28.0 44.0 ,
5712.0 9928.0 32.0 56.0 '
6408.0 9992.0 56.0 88.0 (
6584.0 9992.0 512.0 84.0 tr-sf
7188.0 9888.0 544.0 224.0 r!''
7888.0 9976.0 324.0 100.0 r"t
8524.0 9984.0 220.0 128.0 ,p
8948.0 9980.0 32.0 92.0 i
9136.0 10044.0 36.0 52.0 ,
9304.0 9980.0 36.0 44.0 '
9648.0 9960.0 24.0 116.0 ',
9888.0 9936.0 24.0 36.0 '
11180.0 10044.0 20.0 40.0 ,
11328.0 9936.0 80.0 140.0 f
14096.0 9968.0 164.0 84.0 Os

4048.0 10072.0 112.0 196.0 L;
4200.0 10076.0 988.0 232.0 ui4i-4-'
5572.0 10056.0 680.0 252.0 -Irrt1
6416.0 10188.0 8.0 24.0 1
6496.0 10080.0 36.0 244.0 1
6592.0 10276.0 24.0 24.0 .
6724.0 10144.0 152.0 192.0 i
6932.0 10168.0 32.0 136.0 ;
7008.0 10044.0 1880.0 292.0 rh4nr4-"
8948.0 10152.0 32.0 152.0 i
9136.0 10164.0 76.0 140.0 :
9944.0 10076.0 32.0 20.0 "
14492.0 10108.0 40.0 56.0 l

4744.0 10276.0 124.0 216.0 1,
5276.0 10364.0 112.0 60.0 '"'
5784.0 10368.0 140.0 108.0 r
6408.0 10280.0 24.0 196.0 !
6836.0 10364.0 216.0 124.0 :Tf
7288.0 10364.0 40.0 112.0 4.
7628.0 10324.0 128.0 148.0 t4
7876.0 10348.0 232.0 128.0 f,
8252.0 10324.0 32.0 60.0 '
8600.0 10360.0 32.0 44.0 '
8948.0 10352.0 32.0 44.0 '
10196.0 10408.0 36.0 36.0 -
10556.0 10452.0 24.0 40.0 ,
10996.0 10324.0 148.0 148.0 If
11716.0 10348.0 176.0 192.0 f
13828.0 10324.0 368.0 132.0 ''V

3992.0 10476.0 340.0 128.0 L.i
4396.0 10556.0 108.0 56.0 ....
4572.0 10576.0 20.0 32.0 .
4632.0 10572.0 44.0 36.0 ...
4756.0 10572.0 12.0 32.0 ,
5112.0 10564.0 104.0 36.0 n...
5832.0 10568.0 8.0 16.0 .
6444.0 10476.0 248.0 164.0 -fr-.
6872.0 10556.0 28.0 28.0 -
7232.0 10524.0 456.0 100.0 -tiy
7732.0 10544.0 76.0 40.0 w
7888.0 10528.0 240.0 92.0 J"?-?
8248.0 10548.0 56.0 32.0 "
9168.0 10528.0 36.0 24.0 "
9280.0 10572.0 76.0 56.0 j,
10316.0 10568.0 16.0 28.0 .
10740.0 10540.0 20.0 52.0 1
10828.0 10548.0 112.0 88.0 'J
11656.0 10536.0 84.0 88.0 4
11948.0 10520.0 48.0 116.0 1
13828.0 10556.0 92.0 76.0 '-7
14036.0 10540.0 328.0 68.0 '"x--
14420.0 10524.0 308.0 80.0 -V?''?

4036.0 10952.0 24.0 28.0 .
4096.0 10952.0 56.0 28.0 .
4480.0 10940.0 24.0 32.0 .
4572.0 10948.0 108.0 28.0 ...
4744.0 10880.0 204.0 100.0 U-..
5080.0 10952.0 16.0 12.0 .
5224.0 10940.0 92.0 32.0 ..
6280.0 10920.0 124.0 48.0 it.
6504.0 10888.0 20.0 80.0 1
6764.0 10928.0 8.0 36.0 i
6804.0 10932.0 8.0 28.0 .
6936.0 10916.0 120.0 44.0 i-ii.
7624.0 10900.0 728.0 72.0 .tH'
8760.0 10892.0 288.0 92.0 ,.'
9672.0 10936.0 28.0 28.0 .
10208.0 10948.0 24.0 44.0 ,
10392.0 10956.0 112.0 32.0 ,.
10628.0 10936.0 32.0 44.0 ,
11980.0 10880.0 48.0 92.0 I
13020.0 10880.0 168.0 100.0 S
13260.0 10908.0 56.0 100.0 I
13716.0 10908.0 20.0 32.0 '

752.0 22912.0 668.0 80.0 ADVCIMEMENT

196.0 22992.0 1124.0 344.0 Dacccacue
1412.0 23012.0 264.0 332.0 &

188.0 23452.0 732.0 208.0 unvE
984.0 23356.0 956.0 308.0 Tension

180.0 23656.0 560.0 188.0 KfWDAIT
808.0 23672.0 120.0 132.0 TO
988.0 23672.0 340.0 132.0 liDRET
1404.0 23676.0 528.0 128.0 ISRITATIOH

184.0 23880.0 368.0 72.0 ntAtlenc
588.0 23892.0 208.0 64.0 met
876.0 23908.0 208.0 52.0 itn
1120.0 23916.0 84.0 52.0 u
1244.0 23912.0 240.0 56.0 mftnr
1520.0 23912.0 276.0 56.0 vodimi
1836.0 23912.0 96.0 48.0 as

180.0 23964.0 104.0 108.0 JJJ
768.0 23980.0 220.0 64.0 BMkt
1012.0 23992.0 140.0 56.0 m
1180.0 23988.0 224.0 56.0 tenw
1428.0 23980.0 156.0 64.0 and
1612.0 23992.0 220.0 52.0 Dfrro

484.0 24056.0 44.0 48.0 o
640.0 24048.0 380.0 88.0 freqiMni,
1084.0 24060.0 336.0 68.0 biirmnc
1484.0 24072.0 92.0 52.0 or
1632.0 24060.0 240.0 64.0 ltrhln

176.0 24116.0 1188.0 96.0 ylotuopbouxlutnannht
1412.0 24136.0 512.0 72.0 lVceiKlrU.

180.0 24200.0 52.0 60.0 r
364.0 24208.0 172.0 60.0 m7
572.0 24204.0 156.0 68.0 Iom
764.0 24212.0 196.0 76.0 tttti
992.0 24224.0 152.0 60.0 and
1172.0 24224.0 252.0 64.0 lufrer
1452.0 24224.0 192.0 60.0 from
1672.0 24220.0 248.0 64.0 Hnl-

488.0 24280.0 408.0 76.0 Bacaacha
936.0 24300.0 144.0 64.0 and
1128.0 24304.0 32.0 64.0 f
1252.0 24300.0 24.0 68.0 I
1452.0 24352.0 24.0 16.0 .
1528.0 24300.0 208.0 64.0 f.rM.
1788.0 24300.0 44.0 60.0 d-

240.0 24360.0 312.0 68.0 M4.
604.0 24364.0 96.0 68.0 Ib
748.0 24376.0 208.0 68.0 aarh
1000.0 24384.0 484.0 64.0 Irritation.
1532.0 24380.0 308.0 64.0 CVTI

224.0 24440.0 244.0 68.0 amalll
516.0 24444.0 268.0 72.0 artnta
828.0 24452.0 180.0 76.0 faat,
1048.0 24464.0 356.0 68.0 nlaxliu
1448.0 24464.0 320.0 64.0 omnlort
1868.0 24472.0 44.0 56.0 ?

176.0 24524.0 324.0 60.0 awbiiia
544.0 24524.0 400.0 80.0 ImtatlM
988.0 24552.0 244.0 56.0 rmn
1284.0 24560.0 76.0 48.0 m
1412.0 24552.0 280.0 60.0 atronc,
1740.0 24544.0 176.0 60.0 add

224.0 24600.0 104.0 56.0 rtJ
440.0 24616.0 76.0 52.0 "
800.0 24616.0 380.0 76.0 aiialtaMa
1228.0 24628.0 196.0 64.0 aala
1480.0 24624.0 212.0 68.0 ratiat
1760.0 24624.0 164.0 64.0 Oat

736.0 24696.0 404.0 80.0 ahTwuta.
1196.0 24708.0 180.0 72.0 M
1432.0 24712.0 244.0 68.0 krttat
1724.0 24708.0 192.0 72.0 laaa.

8720.0 15104.0 2368.0 880.0 Fresh
11248.0 15120.0 288.0 928.0 0

8736.0 16144.0 1984.0 880.0 Start

11240.0 16720.0 288.0 304.0 o

3364.0 17320.0 512.0 212.0 The
3968.0 17376.0 552.0 160.0 cars
4584.0 17304.0 896.0 280.0 people
5584.0 17300.0 1508.0 224.0 remember-
7148.0 17300.0 396.0 220.0 the
7644.0 17304.0 1688.0 224.0 idea-starters,
9424.0 17308.0 388.0 208.0 the
9924.0 17304.0 1640.0 212.0 trend-setters
11572.0 17304.0 924.0 220.0 -throw
12592.0 17368.0 732.0 216.0 away
13412.0 17300.0 380.0 228.0 all

3364.0 17724.0 392.0 216.0 the
3828.0 17728.0 428.0 220.0 old
4324.0 17728.0 756.0 240.0 ideas,
5132.0 17736.0 636.0 200.0 start
5792.0 17708.0 816.0 284.0 fresh.
6620.0 17712.0 692.0 220.0 ..and
7384.0 17712.0 752.0 216.0 make
8200.0 17712.0 964.0 276.0 history.
9240.0 17708.0 676.0 224.0 Such
10000.0 17780.0 176.0 148.0 a
10244.0 17776.0 448.0 152.0 car
10752.0 17720.0 216.0 212.0 is
11044.0 17720.0 988.0 276.0 coming
12060.0 17704.0 696.0 284.0 from
12804.0 17716.0 644.0 216.0 Ford
13500.0 17712.0 288.0 228.0 in

3356.0 18132.0 732.0 280.0 ajew
4168.0 18136.0 848.0 224.0 iveelis.
5120.0 18136.0 712.0 220.0 You'll
5900.0 18144.0 1228.0 268.0 recognize
7208.0 18140.0 404.0 216.0 the
7688.0 18144.0 1384.0 212.0 name-but
9160.0 18124.0 656.0 224.0 that's
9900.0 18132.0 368.0 212.0 all
10344.0 18124.0 680.0 220.0 thaVs
11104.0 18132.0 392.0 216.0 the
11564.0 18128.0 792.0 220.0 same!
12468.0 18136.0 360.0 212.0 Its
12912.0 18188.0 344.0 160.0 an
13332.0 18124.0 460.0 220.0 all'

3352.0 18596.0 548.0 164.0 new
3992.0 18540.0 644.0 220.0 kind
4728.0 18540.0 344.0 272.0 of
5100.0 18544.0 748.0 216.0 Ford.
5864.0 18540.0 812.0 276.0 ..right
6760.0 18544.0 568.0 204.0 size.
7344.0 18536.0 820.0 272.0 ..right
8232.0 18540.0 772.0 264.0 price.
9020.0 18532.0 792.0 272.0 ..right
9920.0 18528.0 1052.0 216.0 between
11084.0 18532.0 1020.0 220.0 Galaxie
12200.0 18544.0 520.0 208.0 and
12788.0 18532.0 1000.0 216.0 Falcon.

3884.0 19192.0 200.0 116.0 We
4124.0 19188.0 608.0 120.0 borrowed
4772.0 19192.0 196.0 116.0 the
5004.0 19224.0 340.0 80.0 name

3888.0 19376.0 292.0 116.0 from
4228.0 19412.0 228.0 84.0 one
4496.0 19376.0 140.0 116.0 of
4680.0 19372.0 668.0 160.0 yesterday's

3888.0 19560.0 556.0 120.0 famoui
4524.0 19560.0 432.0 116.0 Fordi
5108.0 19556.0 240.0 120.0 the

3892.0 19748.0 524.0 116.0 Tairlane
4496.0 19748.0 252.0 116.0 500.
4828.0 19740.0 268.0 120.0 And
5176.0 19780.0 172.0 80.0 we

3888.0 19932.0 600.0 116.0 borrowed
4536.0 19932.0 504.0 152.0 nothing
5080.0 19928.0 268.0 116.0 else.

2740.0 20164.0 268.0 124.0 The
3088.0 20200.0 260.0 84.0 new
3428.0 20172.0 296.0 116.0 Ford
3812.0 20172.0 520.0 120.0 Fairlane
4420.0 20176.0 216.0 116.0 500
4720.0 20172.0 96.0 120.0 is
4900.0 20208.0 64.0 84.0 a
5044.0 20208.0 256.0 84.0 com-

2592.0 20352.0 424.0 160.0 pletely
3056.0 20388.0 256.0 84.0 new
3348.0 20356.0 208.0 120.0 size
3672.0 20356.0 300.0 156.0 right
4012.0 20360.0 524.0 120.0 between
4576.0 20356.0 492.0 120.0 Galaxie
5108.0 20356.0 232.0 120.0 and

2592.0 20536.0 456.0 120.0 Falcon.
3124.0 20544.0 220.0 116.0 For
3400.0 20540.0 240.0 164.0 just
3708.0 20548.0 356.0 116.0 about
4132.0 20544.0 660.0 156.0 everybody
4860.0 20544.0 184.0 120.0 it's
5108.0 20544.0 236.0 156.0 just

2592.0 20728.0 204.0 116.0 the
2828.0 20728.0 304.0 152.0 right
3168.0 20728.0 216.0 120.0 sire
3416.0 20812.0 32.0 36.0 .
3484.0 20816.0 32.0 36.0 .
3552.0 20812.0 32.0 36.0 .
3620.0 20728.0 280.0 120.0 with
3940.0 20736.0 188.0 112.0 the
4232.0 20768.0 304.0 96.0 oom,
4576.0 20736.0 204.0 112.0 the
4816.0 20728.0 284.0 136.0 ride,
5140.0 20732.0 200.0 116.0 the

2584.0 20912.0 496.0 120.0 comfort
3132.0 20912.0 144.0 120.0 of
3332.0 20948.0 64.0 84.0 a
3452.0 20912.0 200.0 156.0 big
3704.0 20948.0 192.0 84.0 car
3948.0 21000.0 36.0 36.0 .
4040.0 20996.0 36.0 40.0 .
4132.0 21000.0 40.0 36.0 .
4232.0 20920.0 200.0 120.0 the
4488.0 20952.0 560.0 120.0 economy
5104.0 20912.0 232.0 120.0 and

2584.0 21136.0 256.0 116.0 easy
2884.0 21100.0 560.0 156.0 handling
3484.0 21100.0 140.0 120.0 of
3676.0 21140.0 64.0 80.0 a
3788.0 21100.0 320.0 120.0 small
4156.0 21140.0 276.0 84.0 one.

2732.0 21340.0 268.0 120.0 The
3068.0 21376.0 256.0 84.0 new
3388.0 21344.0 304.0 116.0 Ford
3760.0 21344.0 524.0 120.0 Fairlane
4356.0 21348.0 216.0 116.0 500
4640.0 21348.0 204.0 116.0 has
4908.0 21384.0 68.0 80.0 a
5036.0 21384.0 260.0 80.0 com-

2580.0 21528.0 424.0 160.0 pletely
3068.0 21564.0 256.0 80.0 new
3384.0 21532.0 312.0 156.0 price
3880.0 21532.0 308.0 156.0 right
4256.0 21532.0 524.0 116.0 between
4848.0 21532.0 484.0 116.0 Galaxie

2580.0 21716.0 240.0 116.0 and
2888.0 21712.0 456.0 120.0 Falcon.
3412.0 21720.0 220.0 116.0 For
3696.0 21712.0 236.0 164.0 just
3992.0 21716.0 376.0 120.0 about
4432.0 21716.0 648.0 152.0 everybody
5156.0 21720.0 180.0 112.0 it's

2572.0 21892.0 248.0 168.0 just
2884.0 21904.0 196.0 112.0 the
3144.0 21904.0 308.0 152.0 right
3512.0 21904.0 324.0 156.0 price
4008.0 21900.0 272.0 120.0 well
4352.0 21900.0 376.0 120.0 below
4800.0 21900.0 536.0 164.0 previous

2584.0 22084.0 608.0 136.0 Fairlanes,
3244.0 22084.0 376.0 120.0 under
3668.0 22124.0 340.0 124.0 many
4052.0 22116.0 620.0 132.0 compacts.

2744.0 22376.0 576.0 192.0 Unique
3368.0 22420.0 332.0 108.0 new
3736.0 22376.0 732.0 152.0 size-like
4508.0 22416.0 204.0 104.0 no
4756.0 22372.0 420.0 148.0 other

2804.0 22652.0 328.0 104.0 new
3184.0 22652.0 256.0 108.0 car
3452.0 22604.0 508.0 200.0 you've
4012.0 22652.0 344.0 100.0 seen
4428.0 22608.0 284.0 144.0 this
4728.0 22644.0 380.0 152.0 year

2568.0 22900.0 276.0 120.0 The
2884.0 22936.0 256.0 80.0 new
3184.0 22900.0 288.0 116.0 Ford
3520.0 22896.0 516.0 120.0 Fairlane
4080.0 22900.0 228.0 116.0 500
4352.0 22896.0 88.0 124.0 is
4480.0 22936.0 64.0 80.0 a
4588.0 22896.0 252.0 120.0 foot
4880.0 22900.0 448.0 116.0 shorter

2572.0 23088.0 280.0 116.0 than
2912.0 23084.0 196.0 120.0 the
3164.0 23088.0 568.0 120.0 Fairlanes
3784.0 23088.0 240.0 116.0 that
4068.0 23124.0 332.0 80.0 came
4452.0 23084.0 400.0 120.0 before
4904.0 23084.0 128.0 116.0 it.
5084.0 23084.0 236.0 116.0 You

2572.0 23308.0 332.0 80.0 move
2972.0 23272.0 496.0 156.0 through
3536.0 23276.0 364.0 116.0 traffic
3960.0 23312.0 116.0 80.0 as
4144.0 23276.0 448.0 148.0 though
4660.0 23308.0 232.0 116.0 you
4960.0 23268.0 232.0 116.0 had
5256.0 23308.0 68.0 76.0 a

2568.0 23456.0 692.0 152.0 motorcycle
3316.0 23488.0 392.0 108.0 escort,
3768.0 23460.0 276.0 160.0 park
4108.0 23460.0 128.0 116.0 in
4300.0 23460.0 372.0 160.0 places
4732.0 23460.0 252.0 112.0 that
5040.0 23456.0 284.0 116.0 used

2568.0 23668.0 136.0 100.0 to
2760.0 23644.0 148.0 120.0 be
2964.0 23644.0 176.0 120.0 off
3208.0 23644.0 388.0 120.0 limits.
3664.0 23652.0 324.0 116.0 Once
4048.0 23648.0 344.0 152.0 again
4456.0 23684.0 228.0 120.0 you
4744.0 23676.0 220.0 84.0 can
5024.0 23636.0 300.0 164.0 keep

5688.0 19184.0 284.0 116.0 both
6020.0 19180.0 276.0 124.0 ends
6340.0 19180.0 148.0 120.0 of
6528.0 19220.0 284.0 116.0 your
6852.0 19220.0 192.0 80.0 car
7088.0 19180.0 128.0 120.0 in
7260.0 19216.0 300.0 120.0 your
7600.0 19216.0 448.0 120.0 garage.

5828.0 19428.0 108.0 120.0 A
5972.0 19428.0 576.0 156.0 just-right
6596.0 19428.0 192.0 120.0 197
6832.0 19424.0 388.0 120.0 inches
7256.0 19428.0 300.0 116.0 from
7592.0 19456.0 280.0 88.0 stem
7920.0 19452.0 128.0 92.0 to
8084.0 19456.0 340.0 108.0 stern,

5604.0 19640.0 20.0 20.0 '
5688.0 19616.0 192.0 116.0 the
5932.0 19648.0 244.0 84.0 new
6232.0 19616.0 304.0 116.0 Ford
6588.0 19612.0 512.0 116.0 Fairlane
7152.0 19616.0 212.0 112.0 500
7416.0 19612.0 96.0 116.0 is
7560.0 19612.0 224.0 120.0 still
7836.0 19652.0 128.0 80.0 as
8016.0 19612.0 204.0 156.0 big
8264.0 19616.0 124.0 116.0 in-

5680.0 19800.0 244.0 116.0 side
5968.0 19840.0 112.0 76.0 as
6120.0 19836.0 316.0 80.0 some
6480.0 19800.0 132.0 116.0 of
6656.0 19800.0 192.0 116.0 the
6892.0 19800.0 432.0 152.0 biggest
7372.0 19800.0 352.0 116.0 Fords
7764.0 19836.0 276.0 80.0 ever
8088.0 19800.0 336.0 120.0 built.

5680.0 19984.0 272.0 120.0 The
6004.0 19984.0 736.0 160.0 explanation
6800.0 19984.0 92.0 116.0 is
6944.0 20024.0 68.0 76.0 a
7064.0 19984.0 688.0 160.0 completely
7804.0 20024.0 268.0 80.0 new
8132.0 19988.0 260.0 116.0 unit-

5684.0 20168.0 244.0 120.0 ized
5980.0 20168.0 296.0 156.0 body
6324.0 20172.0 368.0 116.0 which
6740.0 20172.0 392.0 116.0 shaves
7180.0 20168.0 324.0 136.0 bulk,
7552.0 20208.0 304.0 84.0 saves
7900.0 20208.0 380.0 80.0 room.

5824.0 20400.0 376.0 116.0 When
6268.0 20436.0 232.0 120.0 you
6564.0 20396.0 136.0 120.0 sit
6764.0 20396.0 128.0 120.0 in
6960.0 20400.0 196.0 116.0 the
7220.0 20396.0 524.0 120.0 Fairlane
7808.0 20404.0 268.0 128.0 500,
8140.0 20436.0 288.0 116.0 your

5680.0 20584.0 232.0 152.0 legs
5972.0 20584.0 188.0 120.0 tell
6220.0 20620.0 236.0 120.0 you
6524.0 20584.0 212.0 120.0 this
6796.0 20584.0 96.0 116.0 is
6944.0 20620.0 68.0 80.0 a
7072.0 20584.0 480.0 120.0 full-size
7604.0 20624.0 220.0 80.0 car.
7884.0 20584.0 284.0 116.0 And
8228.0 20588.0 196.0 116.0 the

5676.0 20772.0 252.0 116.0 ride
5972.0 20772.0 536.0 116.0 confirms
6552.0 20772.0 128.0 116.0 itl
6732.0 20772.0 136.0 116.0 In
6916.0 20772.0 292.0 156.0 spite
7252.0 20772.0 136.0 116.0 of
7436.0 20772.0 148.0 116.0 its
7624.0 20772.0 452.0 116.0 shorter
8116.0 20808.0 272.0 84.0 over-

5672.0 20960.0 152.0 112.0 all
5884.0 20952.0 428.0 156.0 length,
6368.0 20960.0 196.0 116.0 the
6612.0 20992.0 248.0 80.0 new
6912.0 20960.0 296.0 116.0 Ford
7260.0 20956.0 520.0 120.0 Fairlane
7832.0 20960.0 232.0 116.0 500
8116.0 20960.0 192.0 116.0 has
8356.0 20996.0 64.0 80.0 a

5676.0 21140.0 216.0 116.0 full
5944.0 21144.0 40.0 116.0 1
6020.0 21144.0 548.0 116.0 15.5-inch
6604.0 21144.0 664.0 120.0 wheelbase.
7308.0 21148.0 108.0 112.0 It
7448.0 21144.0 300.0 116.0 rides
7784.0 21144.0 244.0 116.0 like
8064.0 21180.0 64.0 80.0 a
8168.0 21140.0 212.0 116.0 full-

5668.0 21328.0 220.0 116.0 size
5932.0 21364.0 184.0 80.0 car
6224.0 21328.0 480.0 120.0 because
6752.0 21328.0 92.0 124.0 it
6892.0 21328.0 92.0 120.0 is
7032.0 21368.0 64.0 80.0 a
7144.0 21328.0 476.0 120.0 full-size
7664.0 21368.0 224.0 80.0 car.
7932.0 21332.0 488.0 120.0 There's

5672.0 21548.0 160.0 84.0 no
5876.0 21516.0 328.0 116.0 other
6248.0 21552.0 264.0 84.0 new
6552.0 21552.0 184.0 80.0 car
6784.0 21516.0 556.0 144.0 anything
7388.0 21516.0 236.0 120.0 like
7672.0 21516.0 128.0 120.0 itl

5932.0 21828.0 1072.0 188.0 Twice-a-year
7068.0 21832.0 1076.0 144.0 maintenance

5664.0 22100.0 876.0 160.0 Twicc-a-year
6588.0 22108.0 872.0 116.0 maintenance
7516.0 22104.0 104.0 120.0 is
7672.0 22140.0 280.0 84.0 now
8004.0 22144.0 72.0 80.0 a
8132.0 22108.0 284.0 116.0 fact.

5672.0 22292.0 508.0 116.0 Routine
6220.0 22296.0 420.0 112.0 service
6688.0 22292.0 192.0 116.0 has
6924.0 22292.0 292.0 116.0 been
7256.0 22292.0 500.0 116.0 reduced
7804.0 22320.0 132.0 88.0 to
7972.0 22332.0 72.0 76.0 a
8084.0 22292.0 288.0 120.0 mini-

5664.0 22512.0 324.0 80.0 mum
6104.0 22480.0 404.0 128.0 30,000
6560.0 22476.0 320.0 116.0 miles
6928.0 22516.0 160.0 80.0 on
7140.0 22516.0 348.0 112.0 many
7544.0 22480.0 368.0 132.0 items,
7972.0 22476.0 328.0 120.0 twice
8348.0 22516.0 64.0 80.0 a

5664.0 22700.0 264.0 116.0 year
5956.0 22700.0 128.0 80.0 or
6120.0 22668.0 332.0 124.0 6,000
6488.0 22664.0 316.0 116.0 miles
6836.0 22700.0 152.0 80.0 on
7032.0 22664.0 192.0 116.0 the
7256.0 22692.0 264.0 88.0 rest.
7556.0 22668.0 224.0 112.0 You
7824.0 22704.0 152.0 112.0 go
8020.0 22668.0 392.0 124.0 30,000

5660.0 22852.0 332.0 116.0 miles
6092.0 22852.0 512.0 116.0 between
6708.0 22852.0 376.0 152.0 major
7180.0 22848.0 800.0 132.0 lubrications,
8088.0 22852.0 324.0 124.0 6,000

5664.0 23040.0 324.0 116.0 miles
6036.0 23036.0 512.0 116.0 between
6596.0 23036.0 156.0 116.0 oil
6800.0 23036.0 488.0 152.0 changes
7332.0 23040.0 240.0 116.0 and
7620.0 23040.0 396.0 112.0 minor
8064.0 23032.0 304.0 120.0 lubri-

5656.0 23224.0 460.0 116.0 cations.
6152.0 23228.0 192.0 112.0 Go
6376.0 23252.0 224.0 88.0 two
6628.0 23260.0 308.0 116.0 years
7040.0 23260.0 136.0 80.0 or
7212.0 23224.0 404.0 132.0 30,000
7648.0 23224.0 340.0 112.0 miles
8096.0 23224.0 272.0 112.0 with-

5652.0 23436.0 216.0 92.0 out
5912.0 23412.0 572.0 152.0 changing
6528.0 23412.0 416.0 152.0 engine
6984.0 23408.0 1164.0 120.0 coolant-antifreeze.

5804.0 23636.0 580.0 156.0 Designed
6472.0 23640.0 356.0 120.0 above
6912.0 23640.0 156.0 116.0 all
7160.0 23676.0 116.0 80.0 as
7360.0 23672.0 72.0 80.0 a
7520.0 23636.0 508.0 120.0 carefree
8112.0 23672.0 252.0 80.0 com

8768.0 19176.0 468.0 164.0 panion
9296.0 19204.0 132.0 88.0 to
9488.0 19168.0 488.0 164.0 people,
10040.0 19176.0 212.0 116.0 the
10308.0 19208.0 264.0 80.0 new
10636.0 19172.0 580.0 120.0 Fairlane
11280.0 19176.0 224.0 112.0 500

8764.0 19368.0 432.0 152.0 adjusts
9272.0 19360.0 144.0 120.0 its
9484.0 19396.0 256.0 80.0 own
9816.0 19356.0 412.0 120.0 brakes
10408.0 19360.0 396.0 152.0 saving
10880.0 19400.0 220.0 116.0 you
11188.0 19364.0 316.0 116.0 thdse

8768.0 19544.0 792.0 152.0 time-wasting
9636.0 19548.0 300.0 116.0 little
10028.0 19548.0 280.0 156.0 trips
10392.0 19576.0 120.0 88.0 to
10596.0 19548.0 200.0 112.0 the
10880.0 19584.0 440.0 116.0 garage.
11404.0 19548.0 100.0 116.0 A

8760.0 19736.0 416.0 160.0 special
9256.0 19732.0 676.0 152.0 underbody
10016.0 19732.0 640.0 160.0 processing
10744.0 19764.0 492.0 124.0 protects
11316.0 19736.0 188.0 112.0 the

8768.0 19924.0 300.0 152.0 body
9124.0 19920.0 192.0 116.0 life
9368.0 19916.0 136.0 124.0 of
9556.0 19924.0 184.0 112.0 the
9788.0 19956.0 200.0 80.0 car
10100.0 19960.0 296.0 76.0 saves
10448.0 19956.0 220.0 116.0 you
10728.0 19920.0 464.0 116.0 trouble
11248.0 19960.0 256.0 76.0 now

8764.0 20112.0 228.0 116.0 and
9036.0 20144.0 416.0 120.0 money
9496.0 20104.0 324.0 120.0 when
9868.0 20104.0 100.0 120.0 it
10008.0 20140.0 372.0 84.0 comes
10428.0 20104.0 280.0 120.0 time
10756.0 20132.0 124.0 88.0 to
10924.0 20108.0 356.0 116.0 trade.

8864.0 20392.0 388.0 156.0 New
9324.0 20392.0 280.0 148.0 V-8
9648.0 20432.0 352.0 152.0 gem
10028.0 20392.0 424.0 184.0 from
10512.0 20396.0 252.0 144.0 the
10820.0 20388.0 560.0 152.0 world's

9160.0 20652.0 380.0 132.0 most
9584.0 20632.0 684.0 188.0 dazzling
10320.0 20632.0 764.0 144.0 collection

9976.0 20916.0 172.0 116.0 Its
10228.0 20948.0 356.0 80.0 name
10668.0 20908.0 104.0 120.0 is
10856.0 20912.0 208.0 120.0 the
11148.0 20908.0 308.0 120.0 Chal-

9972.0 21100.0 392.0 152.0 lenger
10420.0 21096.0 244.0 120.0 V-8.
10728.0 21100.0 268.0 112.0 The
11052.0 21096.0 456.0 116.0 world's

9972.0 21284.0 276.0 116.0 first
10296.0 21320.0 596.0 116.0 economy
10948.0 21284.0 412.0 148.0 Eight,
11408.0 21280.0 96.0 116.0 it

9968.0 21508.0 240.0 80.0 was
10288.0 21468.0 620.0 156.0 designed
10992.0 21468.0 460.0 160.0 specifi-

9964.0 21656.0 288.0 156.0 cally
10332.0 21656.0 176.0 116.0 for
10588.0 21660.0 200.0 112.0 the
10872.0 21692.0 252.0 80.0 new
11208.0 21652.0 288.0 116.0 Ford

8748.0 21840.0 524.0 120.0 Fairlane
9308.0 21844.0 244.0 112.0 500.
9572.0 21840.0 424.0 156.0 Thirty
10032.0 21880.0 304.0 112.0 years
10364.0 21840.0 128.0 120.0 of
10528.0 21840.0 296.0 116.0 Ford
10848.0 21840.0 100.0 112.0 V
10988.0 21844.0 64.0 108.0 S
11084.0 21840.0 380.0 116.0 leader-

8752.0 22032.0 260.0 156.0 ship
9052.0 22024.0 504.0 160.0 inspired
9596.0 22028.0 116.0 132.0 it,
9748.0 22028.0 376.0 152.0 newly
10160.0 22028.0 640.0 156.0 developed
10840.0 22028.0 292.0 112.0 Ford
11172.0 22028.0 284.0 112.0 foun-

8752.0 22212.0 204.0 160.0 dry
9012.0 22216.0 664.0 160.0 techniques
9728.0 22212.0 340.0 120.0 made
10124.0 22216.0 84.0 116.0 it
10264.0 22212.0 532.0 160.0 possible.

8900.0 22460.0 340.0 116.0 Raise
9308.0 22460.0 200.0 116.0 the
9572.0 22460.0 300.0 116.0 hood
9948.0 22456.0 232.0 116.0 and
10252.0 22456.0 256.0 116.0 take
10576.0 22496.0 68.0 76.0 a
10716.0 22456.0 304.0 116.0 look.
11092.0 22452.0 400.0 132.0 Clean,

8748.0 22644.0 312.0 132.0 trim,
9120.0 22672.0 404.0 132.0 potent
9576.0 22684.0 108.0 76.0 as
9736.0 22680.0 68.0 80.0 a
9860.0 22640.0 384.0 160.0 pistol,
10304.0 22640.0 224.0 120.0 this
10584.0 22644.0 204.0 116.0 221
10816.0 22640.0 676.0 116.0 -cubic-inch

8744.0 22832.0 600.0 156.0 sparkler's
9392.0 22828.0 152.0 120.0 all
9600.0 22864.0 388.0 124.0 power
10040.0 22828.0 224.0 116.0 and
10324.0 22864.0 156.0 80.0 no
10536.0 22856.0 568.0 128.0 pretense;
11164.0 22860.0 332.0 120.0 every

8744.0 23016.0 332.0 148.0 shiny
9128.0 23016.0 268.0 116.0 inch
9444.0 23052.0 380.0 80.0 means
9880.0 23016.0 544.0 116.0 business.

8892.0 23260.0 356.0 120.0 Drive
9284.0 23256.0 128.0 120.0 it.
9440.0 23260.0 392.0 116.0 You're
9872.0 23260.0 128.0 116.0 in
10040.0 23260.0 176.0 116.0 for
10248.0 23296.0 60.0 80.0 a
10344.0 23256.0 560.0 164.0 powerful
10940.0 23256.0 540.0 160.0 surprise;

8744.0 23448.0 196.0 120.0 the
8980.0 23444.0 308.0 120.0 hand
9332.0 23448.0 240.0 116.0 that
9612.0 23444.0 392.0 120.0 honed
10044.0 23448.0 316.0 116.0 those
10400.0 23444.0 196.0 156.0 big
10632.0 23440.0 860.0 120.0 Thunderbird

8740.0 23632.0 300.0 120.0 V-8's
9100.0 23660.0 220.0 136.0 put
9380.0 23636.0 192.0 116.0 the
9636.0 23632.0 272.0 116.0 final
9976.0 23632.0 376.0 164.0 polish
10412.0 23672.0 160.0 80.0 on
10640.0 23628.0 228.0 120.0 this
10924.0 23668.0 268.0 76.0 one.
11256.0 23628.0 232.0 116.0 But

11840.0 19176.0 468.0 160.0 perhaps
12388.0 19172.0 188.0 116.0 the
12652.0 19168.0 436.0 152.0 biggest
13164.0 19164.0 500.0 160.0 surprise
13740.0 19156.0 132.0 120.0 of
13944.0 19152.0 148.0 120.0 all
14188.0 19156.0 96.0 116.0 is
14364.0 19156.0 188.0 116.0 the

11836.0 19364.0 668.0 148.0 Challenger
12592.0 19360.0 300.0 112.0 V-8'i
12984.0 19352.0 352.0 120.0 thrift.
13432.0 19352.0 196.0 116.0 It's
13724.0 19348.0 180.0 116.0 the
13992.0 19380.0 564.0 120.0 economy

11836.0 19584.0 292.0 84.0 news
12172.0 19548.0 128.0 112.0 of
12352.0 19548.0 184.0 116.0 the
12580.0 19580.0 304.0 116.0 year.

11980.0 19736.0 208.0 112.0 For
12240.0 19736.0 304.0 112.0 those
12600.0 19732.0 264.0 112.0 who
12912.0 19756.0 292.0 88.0 want
13256.0 19760.0 276.0 84.0 even
13592.0 19752.0 428.0 124.0 greater
14064.0 19720.0 484.0 152.0 savingi,

11836.0 19920.0 308.0 120.0 there
12192.0 19916.0 88.0 116.0 is
12320.0 19956.0 56.0 76.0 a
12428.0 19956.0 236.0 76.0 new
12720.0 19916.0 512.0 116.0 Fairlane
13276.0 19916.0 188.0 112.0 Six
13512.0 19916.0 244.0 112.0 that
13804.0 19908.0 488.0 116.0 delivers
14336.0 19948.0 184.0 108.0 gas-

11828.0 20104.0 312.0 120.0 oline
12204.0 20104.0 464.0 148.0 mileage
12736.0 20140.0 344.0 116.0 many
13140.0 20132.0 576.0 128.0 compacts
13776.0 20096.0 388.0 116.0 would
14228.0 20132.0 324.0 116.0 envy.

11840.0 20384.0 632.0 148.0 Preview
12512.0 20356.0 780.0 160.0 America's
13352.0 20372.0 524.0 132.0 newest
13928.0 20392.0 284.0 104.0 car
14256.0 20380.0 324.0 108.0 now

11840.0 20700.0 388.0 112.0 Teams
12280.0 20684.0 136.0 116.0 of
12468.0 20720.0 248.0 76.0 new
12780.0 20672.0 348.0 120.0 Fords
13180.0 20704.0 184.0 80.0 are
13416.0 20704.0 160.0 76.0 on
13644.0 20660.0 184.0 120.0 the
13880.0 20696.0 184.0 76.0 m-
14160.0 20696.0 68.0 76.0 e
14284.0 20652.0 296.0 116.0 from

11844.0 20912.0 292.0 88.0 coast
12188.0 20908.0 116.0 80.0 to
12340.0 20896.0 288.0 92.0 coast
12676.0 20904.0 116.0 76.0 as
12840.0 20888.0 248.0 132.0 part
13128.0 20856.0 132.0 120.0 of
13304.0 20860.0 264.0 112.0 Prev
13600.0 20848.0 204.0 116.0 iew
13852.0 20848.0 276.0 112.0 Run
14180.0 20840.0 404.0 116.0 U.S.A.

11848.0 21076.0 196.0 108.0 See
12100.0 21068.0 192.0 112.0 the
12344.0 21056.0 448.0 116.0 all-new
12860.0 21044.0 508.0 120.0 Fairlane
13424.0 21040.0 224.0 112.0 500
13712.0 21036.0 112.0 116.0 in
13880.0 21032.0 516.0 112.0 advance
14448.0 21020.0 136.0 120.0 of

11852.0 21244.0 812.0 132.0 introduction.
12708.0 21236.0 360.0 120.0 Drive
13112.0 21232.0 80.0 116.0 it
13236.0 21228.0 220.0 116.0 and
13500.0 21228.0 508.0 112.0 discover
14048.0 21220.0 208.0 112.0 the
14296.0 21244.0 288.0 96.0 care,

11852.0 21444.0 188.0 116.0 the
12096.0 21424.0 652.0 156.0 thoughtful
12804.0 21412.0 884.0 156.0 oaftsmanship
13736.0 21408.0 260.0 112.0 with
14056.0 21396.0 384.0 120.0 which
14496.0 21396.0 96.0 116.0 it

11852.0 21632.0 192.0 112.0 has
12092.0 21628.0 284.0 112.0 been
12428.0 21644.0 204.0 132.0 put
12680.0 21612.0 556.0 152.0 together.

12000.0 21876.0 192.0 112.0 It's
12236.0 21872.0 184.0 112.0 the
12468.0 21864.0 228.0 112.0 first
12740.0 21896.0 196.0 80.0 car
12980.0 21892.0 120.0 76.0 so
13144.0 21848.0 220.0 116.0 fine
13408.0 21876.0 276.0 84.0 ever
13728.0 21832.0 380.0 164.0 priced
14160.0 21868.0 132.0 76.0 so
14336.0 21828.0 252.0 116.0 low.

11852.0 22056.0 352.0 120.0 You'll
12264.0 22048.0 228.0 120.0 find
12544.0 22048.0 84.0 116.0 it
12676.0 22076.0 124.0 88.0 at
12848.0 22076.0 288.0 124.0 your
13176.0 22032.0 292.0 120.0 Ford
13516.0 22028.0 500.0 120.0 Dealer's

11856.0 22248.0 120.0 116.0 in
12020.0 22284.0 64.0 76.0 a
12132.0 22240.0 208.0 120.0 few
12384.0 22236.0 396.0 120.0 weeks.

12508.0 22540.0 412.0 108.0 JUST
12996.0 22536.0 452.0 104.0 RIGHT
13528.0 22532.0 308.0 104.0 FOR

12128.0 22716.0 396.0 104.0 JUST
12592.0 22712.0 548.0 104.0 ABOUT
13216.0 22696.0 1028.0 116.0 EVERYBODYI

11908.0 22932.0 712.0 228.0 FORD

12560.0 23660.0 292.0 92.0 ONLY
12892.0 23664.0 200.0 84.0 Tttf
13152.0 23652.0 404.0 96.0 NAME'S
13600.0 23652.0 204.0 96.0 THt
13848.0 23652.0 236.0 92.0 SAM
14092.0 23644.0 128.0 104.0 SI

3476.0 24212.0 580.0 240.0 SEE
4212.0 24208.0 1728.0 248.0 AMERICA'S
6084.0 24212.0 1368.0 244.0 NEWEST
7608.0 24220.0 588.0 240.0 CAR
8364.0 24208.0 468.0 252.0 AT
9008.0 24212.0 800.0 240.0 YOUR
9992.0 24208.0 852.0 244.0 FORD
11000.0 24208.0 1568.0 244.0 DEALERS
12728.0 24208.0 792.0 240.0 SOON
