16268 25448
1964.0 1012.0 316.0 100.0 THE
2400.0 992.0 1048.0 116.0 CINCINNATI
3564.0 980.0 892.0 124.0 ENQUIRER

4928.0 976.0 716.0 116.0 Wednesday,
5696.0 976.0 256.0 96.0 Not.
6004.0 968.0 104.0 116.0 t,
6168.0 968.0 232.0 104.0 1M1

1008.0 1288.0 2152.0 480.0 Dangerous
3344.0 1240.0 1624.0 408.0 Tension
5128.0 1224.0 1312.0 424.0 Period
6608.0 1224.0 1704.0 496.0 Appears
8488.0 1216.0 584.0 408.0 To
9232.0 1216.0 520.0 408.0 Be
9920.0 1208.0 1304.0 504.0 Easing
11392.0 1216.0 432.0 408.0 In
11984.0 1216.0 1224.0 416.0 Berlin
13376.0 1216.0 1080.0 416.0 Crisis

1100.0 1880.0 520.0 108.0 BERLIN.
1668.0 1872.0 232.0 104.0 Oct.
1960.0 1872.0 116.0 100.0 31
2136.0 1884.0 136.0 84.0 UP
2408.0 1864.0 244.0 100.0 The

972.0 2016.0 648.0 120.0 Dangerous
1708.0 2000.0 380.0 128.0 period
2172.0 1996.0 116.0 100.0 of
2368.0 1992.0 292.0 116.0 high

976.0 2148.0 596.0 100.0 East-West
1620.0 2136.0 432.0 96.0 tension
2108.0 2124.0 108.0 100.0 In
2264.0 2124.0 384.0 96.0 Berlin

976.0 2264.0 552.0 128.0 appeared
1620.0 2276.0 252.0 88.0 over
1960.0 2256.0 464.0 112.0 tonight,
2528.0 2252.0 124.0 100.0 at

964.0 2404.0 292.0 108.0 least
1328.0 2404.0 172.0 96.0 for
1560.0 2396.0 192.0 96.0 the
1812.0 2384.0 284.0 104.0 time
2160.0 2384.0 352.0 112.0 being.

1096.0 2532.0 288.0 112.0 High
1484.0 2520.0 580.0 104.0 American
2164.0 2504.0 444.0 108.0 authori-

968.0 2664.0 216.0 96.0 ties
1256.0 2660.0 120.0 100.0 In
1448.0 2652.0 364.0 100.0 Berlin
1884.0 2668.0 204.0 92.0 say
2164.0 2648.0 308.0 96.0 there
2552.0 2640.0 100.0 96.0 is

972.0 2796.0 408.0 108.0 always
1424.0 2788.0 412.0 108.0 dancer
1876.0 2780.0 124.0 92.0 of
2048.0 2796.0 228.0 76.0 new
2320.0 2776.0 284.0 92.0 Com

2812.0 1852.0 444.0 100.0 munist
3312.0 1852.0 708.0 100.0 harassment
4136.0 1848.0 128.0 100.0 of
4320.0 1852.0 196.0 96.0 the

2816.0 1988.0 508.0 96.0 Western
3380.0 2004.0 428.0 96.0 powers
3864.0 1980.0 116.0 100.0 in
4036.0 1984.0 200.0 100.0 the
4292.0 1984.0 224.0 112.0 city

2812.0 2116.0 120.0 100.0 In
3032.0 2120.0 212.0 96.0 the
3332.0 2116.0 264.0 100.0 next
3692.0 2116.0 312.0 112.0 days,
4092.0 2132.0 136.0 76.0 or
4316.0 2116.0 196.0 92.0 the

2812.0 2252.0 280.0 92.0 next
3176.0 2248.0 380.0 96.0 weeks.
3640.0 2244.0 184.0 96.0 On
3912.0 2244.0 192.0 100.0 the
4188.0 2244.0 328.0 96.0 othr

2816.0 2376.0 352.0 112.0 hand,
3284.0 2376.0 188.0 100.0 the
3592.0 2372.0 544.0 100.0 Russians
4260.0 2392.0 252.0 92.0 may

2816.0 2504.0 292.0 104.0 have
3156.0 2504.0 448.0 100.0 decided
3656.0 2504.0 124.0 96.0 to
3828.0 2508.0 148.0 96.0 let
4020.0 2504.0 196.0 100.0 the
4264.0 2504.0 212.0 92.0 Ber-

2808.0 2636.0 160.0 100.0 lin
3036.0 2636.0 324.0 104.0 crisis
3416.0 2636.0 240.0 92.0 cool
3724.0 2632.0 176.0 100.0 for
3960.0 2656.0 64.0 76.0 a
4088.0 2632.0 360.0 96.0 while.

2928.0 2768.0 124.0 100.0 U.
3132.0 2768.0 108.0 96.0 8.
3316.0 2764.0 216.0 100.0 and
3608.0 2760.0 480.0 112.0 Russian
4172.0 2760.0 332.0 100.0 tanks

4684.0 1844.0 340.0 108.0 stand
5108.0 1844.0 572.0 104.0 Immobile
5760.0 1856.0 144.0 80.0 on
6000.0 1832.0 368.0 104.0 either

4688.0 1980.0 236.0 100.0 side
4976.0 1976.0 124.0 100.0 of
5152.0 1980.0 200.0 100.0 the
5404.0 1968.0 532.0 108.0 inflamed
5996.0 1968.0 368.0 100.0 sector

4684.0 2108.0 424.0 104.0 border.

4808.0 2240.0 120.0 96.0 U.
5004.0 2240.0 104.0 96.0 8.
5192.0 2228.0 648.0 108.0 authorities
5916.0 2244.0 204.0 80.0 are
6196.0 2224.0 112.0 100.0 in-

4684.0 2368.0 360.0 100.0 clined
5124.0 2364.0 120.0 104.0 to
5320.0 2364.0 412.0 100.0 believe
5808.0 2372.0 228.0 100.0 any
6116.0 2368.0 240.0 84.0 new

4688.0 2500.0 708.0 96.0 harassment
5540.0 2492.0 208.0 96.0 will
5840.0 2488.0 136.0 100.0 be
6076.0 2488.0 124.0 92.0 of
6288.0 2500.0 68.0 84.0 a

4680.0 2632.0 368.0 96.0 minor
5144.0 2632.0 436.0 92.0 nature.
5684.0 2624.0 224.0 96.0 The
6016.0 2616.0 132.0 100.0 U.
6248.0 2616.0 104.0 92.0 8.

4676.0 2764.0 340.0 112.0 Army
5092.0 2756.0 96.0 104.0 is
5268.0 2756.0 212.0 100.0 not
5560.0 2748.0 568.0 124.0 gambling
6204.0 2760.0 140.0 80.0 on

6532.0 1824.0 236.0 104.0 this
6836.0 1824.0 228.0 104.0 and
7136.0 1824.0 100.0 104.0 is
7304.0 1824.0 392.0 116.0 taking
7764.0 1840.0 400.0 104.0 precau-

6532.0 1960.0 332.0 104.0 tions.
6920.0 1960.0 120.0 96.0 In
7096.0 1972.0 256.0 84.0 case
7404.0 1960.0 196.0 100.0 the
7660.0 1956.0 552.0 104.0 incidents

6532.0 2108.0 196.0 80.0 are
6788.0 2088.0 388.0 116.0 major.

6660.0 2216.0 104.0 100.0 K
6812.0 2220.0 264.0 112.0 they
7124.0 2236.0 220.0 96.0 are,
7388.0 2216.0 124.0 104.0 V.
7568.0 2216.0 100.0 96.0 8.
7728.0 2212.0 432.0 104.0 authori-

6528.0 2344.0 216.0 104.0 ties
6828.0 2368.0 452.0 100.0 express
7360.0 2344.0 332.0 104.0 belief
7772.0 2348.0 88.0 100.0 it
7940.0 2356.0 264.0 104.0 may

6524.0 2496.0 340.0 84.0 mean
6976.0 2480.0 200.0 96.0 the
7280.0 2476.0 532.0 100.0 Russians
7916.0 2480.0 288.0 96.0 have

6520.0 2608.0 468.0 100.0 decided
7044.0 2612.0 124.0 96.0 to
7220.0 2608.0 176.0 116.0 try
7440.0 2612.0 124.0 96.0 to
7620.0 2608.0 324.0 100.0 settle
8000.0 2608.0 196.0 96.0 the

6516.0 2740.0 376.0 100.0 Berlin
6964.0 2740.0 296.0 100.0 issue
7320.0 2736.0 112.0 100.0 In
7496.0 2740.0 300.0 96.0 their
7852.0 2740.0 344.0 112.0 favor,

8372.0 1840.0 284.0 84.0 even
8736.0 1820.0 124.0 100.0 at
8932.0 1824.0 196.0 100.0 the
9200.0 1820.0 240.0 108.0 risk
9512.0 1824.0 116.0 100.0 of
9704.0 1840.0 68.0 84.0 a
9852.0 1844.0 168.0 84.0 nu-

8372.0 1952.0 304.0 104.0 clear
8776.0 1968.0 248.0 84.0 war.
9128.0 1952.0 244.0 104.0 The
9468.0 1952.0 372.0 104.0 threat
9940.0 1952.0 124.0 104.0 of

8372.0 2084.0 284.0 100.0 such
8728.0 2096.0 72.0 84.0 a
8872.0 2100.0 244.0 92.0 war,
9192.0 2084.0 528.0 116.0 however,
9788.0 2104.0 276.0 100.0 may

8372.0 2216.0 288.0 100.0 have
8720.0 2212.0 592.0 100.0 decreased
9372.0 2232.0 128.0 84.0 as
9552.0 2232.0 64.0 84.0 a
9668.0 2236.0 352.0 76.0 conse-

8368.0 2360.0 436.0 100.0 quence
8856.0 2344.0 120.0 100.0 of
9028.0 2348.0 200.0 96.0 the
9288.0 2344.0 328.0 104.0 latest
9672.0 2344.0 384.0 100.0 Berlin

8364.0 2476.0 352.0 108.0 crisis,
8788.0 2476.0 308.0 104.0 these
9168.0 2492.0 448.0 84.0 sources
9684.0 2476.0 308.0 100.0 hold.

8492.0 2608.0 360.0 96.0 There
8908.0 2624.0 220.0 80.0 was
9188.0 2608.0 204.0 100.0 the
9452.0 2604.0 608.0 120.0 possibility

8368.0 2736.0 120.0 96.0 of
8584.0 2760.0 72.0 72.0 a
8760.0 2760.0 240.0 72.0 new
9096.0 2740.0 444.0 112.0 fiareup
9632.0 2740.0 120.0 100.0 at
9856.0 2740.0 200.0 100.0 the

10232.0 1812.0 968.0 112.0 Frledrlchstrasse
11360.0 1824.0 500.0 104.0 check-

10228.0 1976.0 352.0 124.0 point,
10680.0 1976.0 376.0 100.0 where
11148.0 1976.0 344.0 108.0 tanks
11604.0 2004.0 328.0 84.0 came

10228.0 2132.0 420.0 100.0 muxzle
10696.0 2136.0 112.0 100.0 to
10860.0 2136.0 416.0 100.0 motile
11324.0 2136.0 352.0 104.0 when
11732.0 2144.0 192.0 96.0 the

10228.0 2292.0 400.0 100.0 United
10720.0 2292.0 376.0 104.0 States
11176.0 2296.0 260.0 100.0 sent
11532.0 2300.0 396.0 100.0 armed

10224.0 2448.0 428.0 104.0 thrusts
10764.0 2448.0 252.0 100.0 into
11128.0 2452.0 252.0 100.0 East
11512.0 2452.0 412.0 104.0 Berlin.

10220.0 2608.0 356.0 100.0 There
10652.0 2604.0 88.0 104.0 is
10820.0 2628.0 160.0 76.0 no
11060.0 2604.0 664.0 108.0 Inclination
11800.0 2616.0 120.0 96.0 to

10228.0 2740.0 412.0 96.0 believe
10736.0 2744.0 200.0 96.0 the
11052.0 2740.0 540.0 104.0 Russians
11700.0 2748.0 220.0 96.0 will

12100.0 1832.0 188.0 120.0 try
12356.0 1824.0 536.0 128.0 anything
12948.0 1848.0 140.0 84.0 as
13156.0 1824.0 624.0 124.0 dangerous

12100.0 2008.0 136.0 80.0 as
12320.0 1984.0 644.0 124.0 Interfering
13044.0 1984.0 276.0 104.0 with
13396.0 1984.0 384.0 104.0 traffic

12096.0 2164.0 160.0 80.0 on
12340.0 2148.0 192.0 100.0 the
12612.0 2144.0 492.0 104.0 Western
13184.0 2144.0 296.0 112.0 road,
13560.0 2144.0 216.0 104.0 nil

12096.0 2324.0 140.0 76.0 or
12288.0 2304.0 172.0 104.0 air
12508.0 2304.0 136.0 104.0 lif
12644.0 2300.0 332.0 112.0 elluei
13036.0 2304.0 124.0 108.0 to
13224.0 2300.0 364.0 108.0 Berlin
13648.0 2312.0 124.0 92.0 at

12096.0 2460.0 240.0 104.0 this
12400.0 2460.0 300.0 104.0 time.

12220.0 2624.0 224.0 92.0 But
12504.0 2620.0 200.0 104.0 the
12768.0 2620.0 120.0 108.0 TJ.
12956.0 2620.0 104.0 100.0 8.
13132.0 2624.0 332.0 116.0 Army
13532.0 2616.0 232.0 104.0 and

12088.0 2752.0 204.0 96.0 Air
12404.0 2752.0 336.0 104.0 Force
12848.0 2768.0 288.0 84.0 were
13252.0 2752.0 512.0 120.0 reported

13948.0 1828.0 348.0 120.0 ready
14328.0 1828.0 128.0 100.0 to
14492.0 1828.0 276.0 104.0 take
14808.0 1824.0 844.0 108.0 counteraction

13944.0 1956.0 780.0 124.0 immediately
14784.0 1956.0 92.0 104.0 if
14940.0 1960.0 268.0 112.0 they
15272.0 1956.0 188.0 100.0 do.

14072.0 2220.0 560.0 104.0 WALTER
14708.0 2220.0 512.0 100.0 SLKZAK
15292.0 2208.0 364.0 108.0 heard

13940.0 2372.0 80.0 80.0 a
14076.0 2352.0 524.0 100.0 Madison
14660.0 2356.0 448.0 96.0 Avenue
15164.0 2348.0 160.0 104.0 ad
15380.0 2364.0 272.0 84.0 exee

13936.0 2484.0 716.0 120.0 pep-talking
14728.0 2484.0 120.0 96.0 hi
14968.0 2480.0 288.0 116.0 ttaff
15332.0 2480.0 328.0 96.0 icUlt:

13936.0 2616.0 352.0 100.0 "Left
14364.0 2616.0 160.0 100.0 all
14608.0 2616.0 216.0 116.0 put
14896.0 2632.0 208.0 80.0 our
15180.0 2608.0 468.0 104.0 natural

13932.0 2748.0 596.0 100.0 thouldert
14608.0 2748.0 124.0 96.0 to
14804.0 2748.0 176.0 100.0 the
15048.0 2740.0 484.0 104.0 wheelf

13536.0 3272.0 300.0 104.0 SHOP
13888.0 3272.0 368.0 100.0 TODAY
14304.0 3272.0 204.0 92.0 Mo
14556.0 3268.0 180.0 96.0 Til
14784.0 3268.0 192.0 92.0 5:30

1024.0 1032.0 292.0 112.0 rare
1384.0 1024.0 112.0 96.0 ii

5616.0 4048.0 3872.0 440.0 OIDDINJO

868.0 7560.0 164.0 152.0 M

2024.0 5584.0 648.0 136.0 1907-1961

3480.0 4912.0 1472.0 320.0 54lrx
5136.0 4824.0 5600.0 392.0 ANNIVERSARY
10968.0 4888.0 1960.0 336.0 SALE

5136.0 5624.0 192.0 136.0 just
5488.0 5616.0 200.0 120.0 few
5724.0 5612.0 112.0 124.0 of
5880.0 5616.0 188.0 120.0 the
6116.0 5612.0 648.0 148.0 outstanding
6808.0 5612.0 336.0 120.0 values
7188.0 5612.0 284.0 148.0 you'll
7512.0 5608.0 220.0 120.0 find
7776.0 5612.0 116.0 116.0 all
7940.0 5608.0 432.0 144.0 through
8424.0 5604.0 176.0 124.0 the
8656.0 5608.0 308.0 120.0 home
9012.0 5692.0 36.0 40.0 .
9092.0 5696.0 40.0 40.0 .
9176.0 5692.0 36.0 44.0 ,
9260.0 5608.0 320.0 148.0 today
9624.0 5600.0 448.0 156.0 through
10120.0 5608.0 468.0 148.0 monday,
10640.0 5604.0 548.0 124.0 novombsr
11232.0 5612.0 112.0 120.0 6!

5148.0 5824.0 300.0 124.0 we're
5500.0 5816.0 632.0 144.0 celebrating
6184.0 5860.0 168.0 76.0 our
6400.0 5816.0 136.0 116.0 54
6588.0 5856.0 240.0 104.0 year
6924.0 5812.0 116.0 120.0 of
7088.0 5812.0 384.0 120.0 fashion
7520.0 5808.0 564.0 152.0 leadership
8132.0 5808.0 232.0 116.0 with
8420.0 5852.0 180.0 72.0 our
8660.0 5804.0 352.0 120.0 annual
9068.0 5816.0 624.0 136.0 anniversary
9744.0 5808.0 216.0 120.0 tale
10016.0 5892.0 32.0 44.0 ,
10096.0 5892.0 36.0 44.0 ,
10176.0 5892.0 36.0 40.0 .
10264.0 5804.0 204.0 124.0 and
10524.0 5808.0 280.0 144.0 you'll
10860.0 5808.0 224.0 120.0 find
11128.0 5856.0 244.0 100.0 vary

5148.0 6020.0 384.0 144.0 special
5580.0 6008.0 568.0 156.0 purchases,
6200.0 6024.0 284.0 112.0 items
6524.0 6008.0 452.0 128.0 reduced
7020.0 6012.0 164.0 120.0 for
7224.0 6012.0 172.0 120.0 the
7440.0 6012.0 220.0 120.0 first
7700.0 6020.0 236.0 116.0 time
7980.0 6012.0 264.0 120.0 from
8312.0 6052.0 184.0 76.0 our
8544.0 6008.0 396.0 140.0 regular
8992.0 6000.0 336.0 128.0 stocks
9376.0 6088.0 192.0 48.0 ...
9612.0 6004.0 124.0 124.0 all
9796.0 6020.0 120.0 112.0 at
9964.0 6016.0 396.0 140.0 savings
10408.0 6004.0 120.0 128.0 of
10572.0 6016.0 124.0 112.0 25
10892.0 6020.0 124.0 112.0 to
11064.0 6012.0 304.0 124.0 50!

1796.0 6688.0 472.0 140.0 fourth
2368.0 6688.0 388.0 144.0 fleer
2844.0 6688.0 404.0 140.0 talon

1620.0 7028.0 396.0 124.0 famous
2088.0 7032.0 552.0 144.0 designers'
2712.0 7028.0 544.0 120.0 afternoon
3332.0 7028.0 436.0 132.0 dresses;
3836.0 7020.0 300.0 124.0 wools
4208.0 7024.0 196.0 124.0 and
4476.0 7064.0 364.0 108.0 crepes
4912.0 7020.0 136.0 156.0 by
5116.0 7020.0 248.0 144.0 reig,
5448.0 7032.0 416.0 112.0 rentner,

1608.0 7208.0 248.0 128.0 dior,
1920.0 7220.0 248.0 124.0 troy,
2224.0 7200.0 368.0 152.0 derby,
2652.0 7212.0 356.0 144.0 parnis,
3076.0 7212.0 472.0 140.0 simpson;
3604.0 7244.0 264.0 80.0 were
3924.0 7208.0 300.0 112.0 69.95
4280.0 7212.0 112.0 104.0 to
4444.0 7204.0 200.0 116.0 250
5136.0 7196.0 188.0 116.0 45.
5400.0 7196.0 140.0 112.0 to
5620.0 7192.0 244.0 116.0 145.

1608.0 7528.0 500.0 112.0 couturier
2168.0 7516.0 428.0 124.0 cocktail
2664.0 7520.0 432.0 132.0 dresses;
3172.0 7516.0 532.0 140.0 brocades,
3780.0 7516.0 420.0 132.0 chiffon;
4268.0 7556.0 264.0 108.0 peau
4600.0 7516.0 140.0 124.0 do
4804.0 7520.0 236.0 128.0 soie,
5112.0 7552.0 268.0 108.0 peau
5448.0 7508.0 408.0 140.0 d'ange;

1604.0 7692.0 116.0 124.0 all
1780.0 7696.0 140.0 152.0 by
1980.0 7680.0 736.0 132.0 world-famous
2768.0 7692.0 568.0 148.0 designers;
3392.0 7736.0 264.0 76.0 were
3736.0 7704.0 24.0 112.0 1
3804.0 7696.0 140.0 120.0 10.
3996.0 7708.0 120.0 112.0 to
4176.0 7696.0 192.0 116.0 365
5136.0 7684.0 184.0 120.0 75.
5400.0 7684.0 136.0 116.0 to
5612.0 7680.0 248.0 120.0 245.

1780.0 8212.0 476.0 144.0 fourth
2356.0 8216.0 384.0 140.0 floor
2832.0 8212.0 680.0 180.0 millinery

1600.0 8564.0 428.0 136.0 exciting
2088.0 8552.0 284.0 148.0 styles
2432.0 8564.0 96.0 108.0 in
2584.0 8548.0 408.0 144.0 valours,
3060.0 8600.0 404.0 108.0 pannes,
3520.0 8552.0 244.0 132.0 felts
3808.0 8556.0 200.0 124.0 and
4068.0 8552.0 420.0 124.0 beavers
4544.0 8556.0 92.0 108.0 in
4692.0 8540.0 484.0 128.0 beautiful
5232.0 8588.0 220.0 72.0 new
5500.0 8540.0 352.0 132.0 colors;

1596.0 8776.0 260.0 76.0 were
1948.0 8740.0 272.0 108.0 15.95
2288.0 8748.0 120.0 104.0 to
2488.0 8736.0 288.0 112.0 79.95
4496.0 8724.0 132.0 116.0 Vs
4716.0 8720.0 188.0 120.0 off
4976.0 8724.0 480.0 144.0 regular
5532.0 8720.0 316.0 152.0 price

1772.0 9244.0 356.0 144.0 main
2220.0 9248.0 396.0 140.0 floor
2700.0 9252.0 896.0 172.0 sportswear

1588.0 9588.0 232.0 152.0 lady
1876.0 9592.0 528.0 144.0 hatfiaway
2456.0 9592.0 280.0 120.0 shirts
2788.0 9600.0 92.0 112.0 in
2936.0 9608.0 444.0 124.0 cottons,
3440.0 9588.0 212.0 124.0 silks
3708.0 9588.0 200.0 128.0 and
3960.0 9588.0 372.0 128.0 challis;
4384.0 9584.0 464.0 124.0 assorted
4904.0 9592.0 332.0 144.0 prints,
5296.0 9580.0 300.0 128.0 solids
5648.0 9576.0 196.0 120.0 and
5904.0 9572.0 16.0 32.0 '

1588.0 9772.0 392.0 148.0 stripes;
2040.0 9772.0 220.0 116.0 sizes
2340.0 9772.0 128.0 112.0 10
2520.0 9780.0 112.0 104.0 to
2704.0 9772.0 148.0 128.0 16;
2916.0 9764.0 376.0 148.0 usually
3364.0 9768.0 280.0 116.0 12.95
3704.0 9776.0 116.0 108.0 to
3876.0 9768.0 304.0 116.0 25.95
5596.0 9756.0 248.0 116.0 9.50

1584.0 10152.0 148.0 80.0 me
1776.0 10108.0 348.0 120.0 mullen
2192.0 10108.0 416.0 124.0 blouses
2668.0 10116.0 84.0 108.0 in
2824.0 10108.0 216.0 120.0 silks
3116.0 10156.0 116.0 72.0 or
3296.0 10124.0 448.0 112.0 cottons;
3812.0 10100.0 276.0 124.0 short
4148.0 10148.0 120.0 80.0 or
4532.0 10104.0 420.0 128.0 leaves;
5020.0 10100.0 328.0 128.0 solids,
5424.0 10100.0 240.0 144.0 light
5724.0 10140.0 120.0 72.0 or

1580.0 10280.0 232.0 124.0 dark
1868.0 10292.0 344.0 148.0 prints;
2268.0 10292.0 252.0 112.0 sizes
2588.0 10288.0 108.0 116.0 10
2748.0 10300.0 112.0 104.0 to
2936.0 10292.0 164.0 124.0 16;
3164.0 10280.0 352.0 152.0 usually
3576.0 10288.0 236.0 112.0 8.95
3868.0 10300.0 116.0 104.0 to
4048.0 10288.0 288.0 112.0 14.95
4940.0 10276.0 252.0 120.0 5.90
5272.0 10276.0 240.0 116.0 and
5592.0 10272.0 244.0 120.0 7.90

1576.0 10624.0 720.0 128.0 hand-beaded
2360.0 10624.0 512.0 128.0 cashmera
2936.0 10644.0 476.0 104.0 sweaters
3460.0 10628.0 268.0 120.0 from
3788.0 10628.0 268.0 148.0 hong
4120.0 10620.0 296.0 152.0 kong;
4472.0 10624.0 488.0 144.0 cardigan
5016.0 10672.0 116.0 72.0 or
5184.0 10616.0 648.0 128.0 short-sleeve

1572.0 10804.0 444.0 140.0 slip-ons;
2084.0 10800.0 320.0 136.0 white,
2484.0 10800.0 272.0 120.0 black
2824.0 10800.0 216.0 124.0 and
3112.0 10800.0 380.0 124.0 fashion
3564.0 10800.0 364.0 132.0 colors;
4000.0 10796.0 484.0 156.0 regularly
4548.0 10804.0 304.0 116.0 29.95
4920.0 10800.0 200.0 116.0 and
5192.0 10800.0 308.0 116.0 89.95

4784.0 10968.0 320.0 120.0 19.90
5184.0 10968.0 240.0 116.0 and
5508.0 10964.0 316.0 120.0 59.90

1572.0 11340.0 184.0 76.0 ann
1824.0 11292.0 388.0 124.0 fleisher
2280.0 11296.0 696.0 124.0 hand-knitted
3044.0 11296.0 160.0 120.0 silk
3264.0 11296.0 432.0 136.0 dresses;
3768.0 11288.0 728.0 128.0 one-of-a-kind
4560.0 11288.0 300.0 152.0 styles
4920.0 11300.0 88.0 112.0 in
5068.0 11288.0 376.0 120.0 broken
5508.0 11284.0 312.0 124.0 colors

1556.0 11472.0 196.0 120.0 and
1836.0 11476.0 272.0 120.0 sizes;
2176.0 11512.0 268.0 80.0 wars
2524.0 11476.0 220.0 112.0 215.
2816.0 11488.0 116.0 104.0 to
3016.0 11472.0 232.0 112.0 350.
5032.0 11460.0 252.0 120.0 145.
5360.0 11464.0 140.0 108.0 to
5572.0 11460.0 252.0 116.0 235.

1484.0 11896.0 12.0 16.0 .
1552.0 11780.0 736.0 128.0 hand-tailored
2376.0 11784.0 340.0 132.0 slacks;
2788.0 11784.0 408.0 124.0 famous
3276.0 11784.0 416.0 124.0 maker's
3768.0 11780.0 228.0 152.0 fully
4076.0 11780.0 260.0 120.0 lined
4416.0 11780.0 256.0 116.0 wool
4752.0 11776.0 344.0 152.0 plaids,
5180.0 11784.0 364.0 144.0 stripes
5620.0 11772.0 196.0 120.0 and

1556.0 11960.0 408.0 144.0 novelty
2020.0 11960.0 372.0 128.0 fabrics
2460.0 11960.0 164.0 120.0 for
2676.0 11968.0 232.0 108.0 sizes
2980.0 11972.0 64.0 112.0 8
3108.0 11976.0 116.0 104.0 to
3304.0 11964.0 148.0 128.0 18;
3516.0 11956.0 368.0 152.0 usually
3964.0 11960.0 284.0 120.0 17.95
4316.0 11960.0 200.0 120.0 and
4580.0 11964.0 300.0 112.0 22.95
5500.0 11952.0 316.0 116.0 10.90

1552.0 12276.0 396.0 124.0 famous
2004.0 12276.0 404.0 128.0 maker's
2468.0 12276.0 296.0 132.0 skirts;
2820.0 12276.0 216.0 124.0 slim
3096.0 12324.0 116.0 72.0 or
3260.0 12276.0 536.0 148.0 A-shaped
3848.0 12276.0 292.0 128.0 flare;
4196.0 12280.0 512.0 144.0 imported
4756.0 12268.0 248.0 124.0 wool
5060.0 12268.0 356.0 156.0 plaids,
5468.0 12264.0 348.0 124.0 checks

1548.0 12456.0 196.0 120.0 and
1808.0 12452.0 340.0 132.0 solids;
2204.0 12464.0 252.0 116.0 sizes
2520.0 12464.0 60.0 112.0 8
2636.0 12464.0 112.0 108.0 to
2828.0 12464.0 160.0 120.0 18;
3056.0 12452.0 364.0 148.0 usually
3496.0 12460.0 292.0 112.0 17.95
3848.0 12468.0 116.0 104.0 to
4024.0 12456.0 304.0 116.0 25.95
5492.0 12444.0 316.0 120.0 10.90

1552.0 12776.0 384.0 120.0 knitted
2008.0 12772.0 384.0 120.0 dresses
2468.0 12772.0 504.0 148.0 imported
3044.0 12772.0 264.0 116.0 from
3376.0 12764.0 288.0 152.0 italy;
3732.0 12772.0 224.0 116.0 four
4028.0 12764.0 296.0 152.0 styles
4396.0 12772.0 96.0 116.0 in
4564.0 12764.0 260.0 136.0 blue,
4900.0 12808.0 348.0 108.0 green,
5320.0 12764.0 320.0 140.0 beige
5696.0 12804.0 120.0 76.0 or

1540.0 12948.0 280.0 120.0 black
1884.0 12948.0 168.0 120.0 for
2108.0 12952.0 240.0 116.0 sizes
2420.0 12956.0 60.0 112.0 8
2548.0 12960.0 108.0 108.0 to
2736.0 12952.0 156.0 124.0 16;
2960.0 12936.0 488.0 160.0 regularly
3516.0 12952.0 308.0 112.0 35.95
3888.0 12944.0 204.0 124.0 and
4160.0 12948.0 300.0 116.0 39.95
5484.0 12936.0 320.0 120.0 24.90

1540.0 13268.0 396.0 120.0 blouses
1992.0 13264.0 192.0 120.0 and
2236.0 13264.0 300.0 120.0 shirts
2588.0 13272.0 84.0 108.0 in
2724.0 13264.0 240.0 140.0 silks,
3028.0 13280.0 444.0 112.0 cottons;
3528.0 13260.0 492.0 124.0 novelties
4072.0 13264.0 204.0 120.0 and
4332.0 13268.0 352.0 144.0 prints;
4736.0 13256.0 428.0 120.0 tailored
5216.0 13260.0 208.0 116.0 and
5476.0 13256.0 336.0 144.0 dressy

1528.0 13440.0 336.0 144.0 styles;
1948.0 13436.0 360.0 124.0 broken
2392.0 13448.0 276.0 120.0 sizes;
2740.0 13480.0 272.0 76.0 were
3096.0 13440.0 228.0 116.0 5.95
3400.0 13448.0 116.0 112.0 to
3600.0 13444.0 304.0 112.0 25.95
4936.0 13432.0 256.0 116.0 3.50
5268.0 13440.0 140.0 108.0 to
5496.0 13432.0 312.0 116.0 11.90

1528.0 13760.0 396.0 120.0 famous
1980.0 13752.0 404.0 128.0 makers'
2436.0 13752.0 304.0 136.0 skirts;
2788.0 13752.0 268.0 120.0 wool
3112.0 13752.0 436.0 132.0 flannels,
3604.0 13752.0 416.0 136.0 tweeds,
4076.0 13752.0 480.0 124.0 novelties
4608.0 13760.0 88.0 112.0 in
4748.0 13748.0 200.0 128.0 slim
5000.0 13752.0 204.0 120.0 and
5260.0 13744.0 160.0 128.0 full
5476.0 13744.0 324.0 152.0 styles;

1528.0 13932.0 368.0 124.0 broken
1976.0 13940.0 268.0 120.0 sizes;
2320.0 13928.0 364.0 156.0 usually
2772.0 13936.0 300.0 116.0 14.95
3140.0 13952.0 116.0 104.0 to
3324.0 13936.0 364.0 116.0 29.95'
4928.0 13924.0 256.0 120.0 9.90
5264.0 13928.0 140.0 112.0 to
5488.0 13924.0 316.0 120.0 19.90

1524.0 14252.0 332.0 124.0 casual
1916.0 14252.0 380.0 124.0 dresses
2356.0 14260.0 96.0 112.0 in
2508.0 14292.0 188.0 76.0 one
2744.0 14252.0 212.0 120.0 and
3008.0 14268.0 208.0 104.0 two
3264.0 14252.0 304.0 140.0 piece
3620.0 14244.0 332.0 152.0 styles;
4008.0 14248.0 208.0 124.0 silks
4264.0 14248.0 204.0 124.0 and
4520.0 14240.0 300.0 132.0 wools
4872.0 14240.0 512.0 132.0 included;
5436.0 14240.0 356.0 124.0 broken

1520.0 14436.0 236.0 116.0 sizes
1820.0 14428.0 204.0 120.0 and
2088.0 14424.0 364.0 132.0 colors;
2520.0 14468.0 248.0 80.0 were
2848.0 14432.0 296.0 112.0 17.95
3208.0 14436.0 112.0 104.0 to
3376.0 14424.0 320.0 116.0 49.95
4852.0 14420.0 324.0 116.0 13.90
5256.0 14420.0 140.0 112.0 to
5472.0 14416.0 320.0 124.0 3100

1528.0 14756.0 680.0 116.0 co-ordinates
2272.0 14768.0 128.0 104.0 to
2468.0 14760.0 176.0 108.0 mix
2704.0 14796.0 116.0 68.0 or
2888.0 14744.0 384.0 132.0 match;
3340.0 14748.0 312.0 132.0 skirts,
3728.0 14744.0 304.0 132.0 shirts,
4100.0 14740.0 300.0 124.0 slacks
4460.0 14744.0 212.0 120.0 and
4736.0 14744.0 368.0 144.0 Jackets
5172.0 14748.0 92.0 108.0 in
5332.0 14740.0 456.0 120.0 assorted

1516.0 14924.0 416.0 128.0 fabrics;
2000.0 14920.0 364.0 124.0 broken
2440.0 14928.0 264.0 116.0 sizes;
2772.0 14960.0 280.0 80.0 were
3120.0 14924.0 224.0 112.0 5.95
3408.0 14944.0 116.0 96.0 to
3592.0 14924.0 300.0 112.0 29.95
4916.0 14912.0 256.0 116.0 3.50
5252.0 14916.0 136.0 108.0 to
5476.0 14908.0 312.0 120.0 19.90

1696.0 15468.0 352.0 140.0 main
2140.0 15468.0 396.0 136.0 floor
2624.0 15460.0 904.0 144.0 accessories

1520.0 15832.0 452.0 108.0 costume
2020.0 15816.0 388.0 148.0 jewelry
2452.0 15812.0 248.0 120.0 from
2748.0 15828.0 212.0 104.0 two
3008.0 15816.0 120.0 116.0 of
3172.0 15860.0 176.0 72.0 our
3392.0 15828.0 268.0 100.0 most
3704.0 15808.0 396.0 120.0 famous
4144.0 15804.0 412.0 128.0 makers;
4608.0 15812.0 236.0 136.0 pins,
4892.0 15816.0 480.0 132.0 earrings,
5424.0 15800.0 340.0 136.0 beads,

1520.0 15984.0 536.0 140.0 necklaces,
2112.0 15988.0 536.0 128.0 bracelets;
2700.0 15984.0 440.0 120.0 tailored
3192.0 16028.0 108.0 76.0 or
3344.0 15984.0 392.0 140.0 dressy;
3780.0 15980.0 368.0 144.0 usually
4192.0 15992.0 92.0 108.0 5.
4328.0 15996.0 116.0 104.0 to
4496.0 15988.0 128.0 112.0 30
4976.0 15980.0 260.0 116.0 2.50
5316.0 15984.0 136.0 108.0 to
5536.0 15980.0 164.0 116.0 15.

1504.0 16304.0 280.0 136.0 nylon
1840.0 16312.0 300.0 108.0 tricot
2188.0 16296.0 420.0 152.0 lingerie
2660.0 16296.0 508.0 152.0 including
3224.0 16340.0 376.0 104.0 gowns,
3652.0 16292.0 228.0 152.0 slips
3932.0 16296.0 204.0 120.0 and
4188.0 16292.0 472.0 148.0 half-slips
4716.0 16300.0 88.0 112.0 in
4852.0 16292.0 324.0 140.0 white,
5240.0 16292.0 284.0 120.0 black
5572.0 16292.0 196.0 120.0 and

1504.0 16476.0 444.0 120.0 delicate
2016.0 16476.0 412.0 144.0 pastels:
2500.0 16484.0 228.0 112.0 sizes
2792.0 16480.0 132.0 116.0 32
2996.0 16488.0 120.0 108.0 to
3180.0 16480.0 164.0 124.0 40;
3408.0 16468.0 376.0 152.0 usually
3848.0 16480.0 236.0 112.0 8.95
4144.0 16488.0 112.0 104.0 to
4336.0 16480.0 20.0 108.0 1
4388.0 16476.0 484.0 112.0 6.95....
4896.0 16468.0 252.0 120.0 5.95
5228.0 16472.0 140.0 112.0 to
5456.0 16472.0 312.0 116.0 10.95

1500.0 16796.0 340.0 144.0 gloves
1916.0 16796.0 132.0 144.0 by
2108.0 16792.0 292.0 120.0 fuchs
2472.0 16788.0 192.0 124.0 and
2732.0 16796.0 312.0 120.0 other
3104.0 16796.0 396.0 116.0 famous
3572.0 16788.0 372.0 124.0 makers
4020.0 16796.0 88.0 112.0 in
4176.0 16784.0 428.0 124.0 tailored
4668.0 16792.0 204.0 116.0 and
4936.0 16784.0 428.0 124.0 cocktail
5432.0 16784.0 332.0 148.0 styles;

1508.0 16976.0 372.0 116.0 fabrics
1936.0 16972.0 188.0 120.0 and
2180.0 16972.0 432.0 120.0 leathers
2664.0 16976.0 84.0 112.0 in
2804.0 16968.0 328.0 132.0 black,
3192.0 16972.0 336.0 140.0 beige,
3588.0 16964.0 328.0 132.0 white;
3972.0 16964.0 356.0 144.0 usually
4376.0 16972.0 236.0 116.0 3.95
4660.0 16984.0 112.0 104.0 to
4840.0 16976.0 144.0 112.0 IS.
5044.0 17052.0 36.0 36.0 .
5120.0 16968.0 312.0 116.0 .2.50
5484.0 16972.0 124.0 112.0 to
5652.0 16968.0 108.0 112.0 6.

1508.0 17296.0 304.0 120.0 men's
1880.0 17308.0 272.0 124.0 sport
2224.0 17288.0 288.0 120.0 shirrs
2576.0 17288.0 128.0 148.0 by
2772.0 17288.0 236.0 120.0 izod
3084.0 17284.0 200.0 120.0 and
3352.0 17280.0 808.0 148.0 merrill-sharpe;
4228.0 17280.0 240.0 120.0 knits
4536.0 17288.0 204.0 116.0 and
4804.0 17324.0 348.0 76.0 woven
5228.0 17280.0 368.0 124.0 fabrics
5668.0 17292.0 88.0 104.0 in

1500.0 17464.0 320.0 132.0 solids,
1888.0 17476.0 292.0 128.0 prints
2232.0 17460.0 212.0 124.0 and
2500.0 17468.0 392.0 140.0 stripes;
2948.0 17464.0 244.0 116.0 sizes
3244.0 17500.0 68.0 92.0 s,
3368.0 17500.0 128.0 92.0 m,
3556.0 17448.0 28.0 128.0 I
3640.0 17456.0 200.0 120.0 and
3888.0 17456.0 120.0 128.0 xl;
4064.0 17452.0 360.0 156.0 usually
4492.0 17460.0 24.0 112.0 1
4564.0 17464.0 212.0 108.0 1.95
4828.0 17472.0 112.0 104.0 to
5012.0 17464.0 340.0 108.0 14.95.
5392.0 17536.0 32.0 36.0 .
5464.0 17456.0 292.0 116.0 .8.95

1492.0 17784.0 392.0 116.0 famous
1932.0 17780.0 400.0 120.0 makers'
2392.0 17780.0 532.0 148.0 handbags
2972.0 17780.0 172.0 112.0 for
3184.0 17772.0 460.0 156.0 daytime
3692.0 17776.0 196.0 124.0 and
3936.0 17780.0 472.0 140.0 evening;
4452.0 17776.0 236.0 140.0 calf,
4736.0 17776.0 344.0 132.0 suede,
5128.0 17776.0 384.0 120.0 fabrics
5556.0 17776.0 196.0 116.0 and

1500.0 17960.0 416.0 120.0 beaded
1976.0 17960.0 328.0 144.0 styles;
2368.0 17952.0 364.0 148.0 special
2800.0 17952.0 528.0 152.0 purchase,
3388.0 17948.0 376.0 144.0 usually
3832.0 17960.0 284.0 112.0 15.95
4168.0 17968.0 112.0 104.0 to
4340.0 17960.0 420.0 112.0 79.95..
4788.0 17952.0 320.0 116.0 10.95
5164.0 17956.0 140.0 112.0 to
5360.0 17952.0 316.0 116.0 52.95

7384.0 6840.0 300.0 120.0 54lh
7764.0 6844.0 748.0 132.0 anniveriary
8580.0 6832.0 556.0 116.0 dividend

7656.0 7052.0 252.0 76.0 ware
8000.0 7012.0 348.0 112.0 169.95
8416.0 7016.0 116.0 104.0 to
8604.0 7008.0 244.0 112.0 465.

7656.0 7180.0 544.0 140.0 designer
8268.0 7184.0 592.0 108.0 costumes

7784.0 7356.0 296.0 140.0 115.
8172.0 7360.0 152.0 132.0 to
8424.0 7352.0 308.0 140.0 300.

6636.0 7524.0 152.0 120.0 for
6868.0 7572.0 212.0 72.0 now
7160.0 7528.0 420.0 148.0 through
7656.0 7544.0 220.0 100.0 next
7948.0 7532.0 332.0 144.0 spring
8360.0 7608.0 240.0 40.0 ...
8672.0 7524.0 132.0 148.0 by
8880.0 7532.0 232.0 136.0 reig,
9200.0 7524.0 252.0 128.0 dior,
9528.0 7528.0 356.0 140.0 parnis,

6644.0 7688.0 420.0 128.0 rentner,
7124.0 7672.0 344.0 152.0 derby,
7524.0 7688.0 252.0 132.0 troy,
7836.0 7680.0 432.0 160.0 simpson
8320.0 7760.0 32.0 32.0 .
8404.0 7768.0 28.0 36.0 .
8492.0 7756.0 24.0 36.0 .
8572.0 7712.0 284.0 76.0 some
8908.0 7668.0 476.0 124.0 fur-trims
9436.0 7668.0 460.0 116.0 included

7744.0 7788.0 332.0 148.0 fourth
8148.0 7820.0 260.0 112.0 floor
8476.0 7812.0 280.0 120.0 salon

7368.0 8508.0 300.0 120.0 54th
7748.0 8500.0 752.0 152.0 "anniveriary
8568.0 8500.0 556.0 120.0 dividend

7492.0 8676.0 488.0 152.0 regularly
8048.0 8684.0 300.0 112.0 25.95
8420.0 8672.0 204.0 116.0 and
8700.0 8680.0 296.0 112.0 29.95

7704.0 8852.0 204.0 116.0 silk
7988.0 8852.0 772.0 116.0 shlrtdreites

8056.0 9024.0 380.0 140.0 19.00

7252.0 9236.0 244.0 108.0 pure
7572.0 9196.0 156.0 116.0 silk
7800.0 9204.0 308.0 140.0 prints
8184.0 9204.0 84.0 104.0 in
8344.0 9192.0 464.0 120.0 assorted
8884.0 9192.0 320.0 120.0 colors

7516.0 9340.0 168.0 120.0 for
7748.0 9348.0 364.0 112.0 misses'
8192.0 9352.0 232.0 108.0 sizes
8500.0 9352.0 60.0 112.0 8
8640.0 9356.0 116.0 104.0 to
8844.0 9348.0 104.0 108.0 18

7940.0 9496.0 260.0 108.0 main
8272.0 9492.0 264.0 116.0 floor

7340.0 10180.0 300.0 116.0 54th
7720.0 10184.0 752.0 140.0 anniveriary
8540.0 10176.0 560.0 116.0 dividend

7556.0 10392.0 260.0 72.0 were
7888.0 10356.0 304.0 112.0 29.95
8264.0 10344.0 624.0 120.0 hand-made

7692.0 10524.0 344.0 112.0 coble
8116.0 10524.0 640.0 144.0 cardigans

8036.0 10696.0 384.0 140.0 17.90

6936.0 10864.0 692.0 128.0 hand-knitted
7696.0 10876.0 88.0 112.0 in
7860.0 10868.0 272.0 148.0 hong
8204.0 10872.0 304.0 144.0 kong;
8580.0 10872.0 460.0 116.0 assorted
9112.0 10864.0 412.0 120.0 stitches

7088.0 11028.0 92.0 108.0 in
7260.0 11016.0 372.0 148.0 pastels
7712.0 11020.0 196.0 120.0 and
7992.0 11016.0 324.0 124.0 darks;
8396.0 11016.0 120.0 120.0 all
8596.0 11024.0 240.0 116.0 sizes
8916.0 11012.0 468.0 120.0 included

7920.0 11172.0 256.0 108.0 main
8252.0 11160.0 264.0 120.0 floor

7328.0 11856.0 300.0 116.0 54th
7704.0 11860.0 756.0 136.0 anniveriary
8528.0 11848.0 560.0 120.0 dividend

7452.0 12020.0 488.0 152.0 regularly
8012.0 12028.0 296.0 112.0 69.95
8380.0 12020.0 208.0 120.0 and
8664.0 12028.0 300.0 112.0 79.95

7684.0 12196.0 656.0 116.0 townellffe
8424.0 12196.0 296.0 116.0 suits

8012.0 12372.0 388.0 140.0 58.00

6848.0 12540.0 540.0 124.0 wonderful
7460.0 12584.0 216.0 80.0 new
7736.0 12544.0 300.0 144.0 styles
8108.0 12556.0 88.0 108.0 in
8264.0 12548.0 516.0 144.0 imported
8840.0 12536.0 256.0 124.0 wool
9164.0 12540.0 408.0 136.0 tweeds,

7100.0 12692.0 316.0 148.0 plaids
7464.0 12692.0 208.0 124.0 and
7728.0 12696.0 252.0 116.0 solid
8040.0 12692.0 320.0 120.0 colors
8412.0 12696.0 168.0 116.0 for
8628.0 12704.0 240.0 108.0 sizes
8924.0 12704.0 56.0 108.0 8
9036.0 12708.0 120.0 100.0 to
9232.0 12700.0 20.0 108.0 1
9288.0 12700.0 60.0 108.0 8

7452.0 12912.0 44.0 16.0 -
7680.0 12836.0 692.0 124.0 fashion-third
8448.0 12836.0 272.0 120.0 floor

7312.0 13504.0 300.0 116.0 54th
7692.0 13508.0 752.0 136.0 anniveriary
8512.0 13500.0 560.0 116.0 dividend

7584.0 13672.0 484.0 148.0 regularly
8136.0 13680.0 232.0 108.0 6.50
8436.0 13684.0 124.0 108.0 to
8652.0 13680.0 148.0 108.0 15.

7776.0 13844.0 504.0 116.0 bronxinl
8356.0 13848.0 240.0 112.0 ties

7772.0 14024.0 88.0 136.0 2
7956.0 14024.0 236.0 132.0 for
8280.0 14020.0 312.0 140.0 9.00

6840.0 14236.0 252.0 104.0 pure
7160.0 14188.0 152.0 120.0 silk
7380.0 14196.0 92.0 116.0 in
7544.0 14240.0 60.0 76.0 a
7672.0 14200.0 516.0 140.0 complete
8256.0 14204.0 608.0 104.0 assortment
8924.0 14192.0 120.0 120.0 of
9112.0 14204.0 444.0 136.0 patterns

6828.0 14344.0 200.0 116.0 and
7100.0 14336.0 392.0 120.0 wanted
7552.0 14340.0 316.0 116.0 colors
7932.0 14436.0 32.0 32.0 .
8028.0 14428.0 28.0 32.0 .
8116.0 14428.0 32.0 32.0 .
8208.0 14340.0 260.0 116.0 ideal
8532.0 14340.0 168.0 116.0 for
8756.0 14336.0 516.0 124.0 christmas
9336.0 14340.0 228.0 148.0 gifts

7880.0 14496.0 264.0 112.0 main
8216.0 14488.0 264.0 116.0 floor

7296.0 15152.0 300.0 116.0 54th
7676.0 15156.0 752.0 136.0 anniveriary
8500.0 15148.0 556.0 112.0 dividend

7564.0 15360.0 236.0 108.0 very
7872.0 15320.0 472.0 144.0 specially
8416.0 15316.0 356.0 152.0 priced

7312.0 15492.0 432.0 116.0 misses'
7828.0 15496.0 232.0 112.0 and
8140.0 15488.0 468.0 152.0 juniors'
8692.0 15496.0 344.0 112.0 coots

7712.0 15672.0 224.0 132.0 48.
8028.0 15672.0 276.0 132.0 and
8400.0 15668.0 228.0 136.0 68.

6884.0 15840.0 408.0 128.0 fleeces,
7368.0 15844.0 412.0 128.0 tweeds,
7864.0 15840.0 328.0 120.0 blacks
8264.0 15844.0 164.0 112.0 for
8504.0 15856.0 264.0 100.0 town
8836.0 15884.0 116.0 72.0 or
9020.0 15848.0 456.0 136.0 country;

6952.0 15988.0 120.0 116.0 all
7136.0 15984.0 316.0 124.0 colors
7516.0 15988.0 160.0 116.0 for
7736.0 15996.0 340.0 140.0 junior,
8144.0 15996.0 328.0 136.0 petite
8540.0 16032.0 120.0 72.0 or
8724.0 15984.0 384.0 148.0 regular
9168.0 15992.0 240.0 112.0 sizes

7804.0 16116.0 380.0 132.0 second
8260.0 16132.0 264.0 116.0 floor

7272.0 16800.0 304.0 112.0 54th
7652.0 16804.0 756.0 136.0 anniveriary
8476.0 16796.0 560.0 116.0 dividend

7500.0 16964.0 876.0 152.0 anniversary-sale
8452.0 16964.0 352.0 152.0 priced

7556.0 17140.0 764.0 116.0 fur-trimmed
8404.0 17148.0 352.0 108.0 coats

8000.0 17320.0 296.0 136.0 133.

6544.0 17488.0 484.0 120.0 beautiful
7104.0 17488.0 372.0 124.0 fabrics
7556.0 17496.0 196.0 116.0 and
7828.0 17496.0 296.0 140.0 styles
8196.0 17496.0 228.0 116.0 with
8504.0 17488.0 296.0 120.0 lavish
8872.0 17484.0 292.0 136.0 mink;
9244.0 17484.0 368.0 124.0 natural
9688.0 17536.0 124.0 76.0 or

6524.0 17640.0 276.0 136.0 dyed
6864.0 17640.0 412.0 128.0 beaver;
7336.0 17640.0 168.0 116.0 fox
7628.0 17652.0 260.0 116.0 trim;
7952.0 17640.0 292.0 144.0 styles
8304.0 17640.0 164.0 116.0 for
8528.0 17636.0 260.0 120.0 brief
8844.0 17640.0 196.0 120.0 and
9108.0 17640.0 384.0 148.0 regular
9544.0 17652.0 252.0 104.0 sizes

7776.0 17784.0 384.0 116.0 second
8232.0 17780.0 272.0 120.0 floor

10856.0 6664.0 1016.0 152.0 fashion-third
11964.0 6676.0 392.0 144.0 floor

10656.0 7000.0 400.0 128.0 dresses
11128.0 7012.0 204.0 120.0 and
11420.0 7036.0 516.0 108.0 costumes
12020.0 7028.0 100.0 116.0 in
12200.0 7016.0 288.0 128.0 sheer
12560.0 7020.0 296.0 128.0 wools
12928.0 7020.0 216.0 128.0 and
13216.0 7028.0 600.0 144.0 year-round
13892.0 7024.0 380.0 120.0 fabrics
14344.0 7020.0 168.0 116.0 for
14592.0 7016.0 360.0 120.0 misses'

10660.0 7188.0 244.0 120.0 sizes
10980.0 7192.0 56.0 108.0 8
11096.0 7196.0 108.0 108.0 to
11272.0 7196.0 188.0 124.0 20;
11532.0 7232.0 264.0 80.0 were
11864.0 7204.0 308.0 116.0 29.95
12236.0 7208.0 116.0 108.0 to
12428.0 7204.0 348.0 112.0 129.95
13668.0 7196.0 660.0 120.0 .....19.90
14408.0 7200.0 144.0 108.0 to
14632.0 7192.0 320.0 116.0 88.00

10660.0 7628.0 260.0 100.0 pure
10988.0 7584.0 148.0 128.0 silk
11196.0 7608.0 572.0 116.0 costumes;
11832.0 7600.0 416.0 144.0 perfect
12312.0 7600.0 308.0 120.0 under
12680.0 7600.0 192.0 124.0 furs
12936.0 7648.0 120.0 76.0 or
13116.0 7600.0 160.0 124.0 for
13332.0 7620.0 320.0 104.0 resort
13708.0 7644.0 308.0 88.0 wear;
14084.0 7600.0 364.0 120.0 misses'
14520.0 7604.0 244.0 112.0 sizes
14844.0 7604.0 108.0 104.0 10

10652.0 7776.0 116.0 104.0 to
10836.0 7772.0 144.0 112.0 20
11040.0 7768.0 80.0 116.0 in
11180.0 7764.0 244.0 120.0 blue
11488.0 7816.0 124.0 72.0 or
11668.0 7816.0 304.0 100.0 green
12040.0 7780.0 308.0 140.0 print;
12408.0 7776.0 404.0 148.0 special;
12876.0 7772.0 368.0 156.0 usually
13304.0 7784.0 292.0 116.0 39.95
14296.0 7772.0 656.0 124.0 .....29.90

11660.0 7960.0 8.0 12.0 '
11724.0 7960.0 44.0 60.0 '
13884.0 8020.0 16.0 16.0 .
14056.0 8024.0 12.0 4.0 -

10656.0 8164.0 356.0 120.0 better
11092.0 8176.0 232.0 112.0 suits
11424.0 8172.0 144.0 144.0 by
11664.0 8168.0 388.0 148.0 jablow,
12148.0 8176.0 356.0 128.0 zelinka
12596.0 8176.0 380.0 124.0 matlick
13064.0 8188.0 204.0 116.0 and
13348.0 8180.0 260.0 132.0 izod;
13704.0 8172.0 496.0 128.0 beautiful
14284.0 8176.0 388.0 120.0 fabrics
14756.0 8172.0 196.0 120.0 and

10656.0 8336.0 368.0 136.0 colors;
11088.0 8388.0 256.0 76.0 were
11424.0 8344.0 308.0 124.0 89.95
11796.0 8372.0 116.0 96.0 to
11980.0 8356.0 208.0 116.0 210
12840.0 8332.0 48.0 140.0 .'
13920.0 8356.0 328.0 116.0 59.90
14328.0 8356.0 136.0 112.0 to
14560.0 8348.0 388.0 124.0 140.00

10652.0 8744.0 348.0 124.0 Italian
11068.0 8752.0 144.0 140.0 silk
11280.0 8752.0 372.0 124.0 sheath
11724.0 8764.0 88.0 112.0 in
11880.0 8752.0 496.0 124.0 beautiful
12444.0 8804.0 216.0 72.0 new
12720.0 8768.0 340.0 136.0 prints;
13132.0 8752.0 256.0 124.0 ideal
13452.0 8760.0 168.0 116.0 for
13684.0 8780.0 328.0 96.0 resort
14072.0 8756.0 200.0 124.0 end
14340.0 8752.0 604.0 156.0 year-round

10644.0 8968.0 320.0 88.0 wear;
11028.0 8936.0 220.0 112.0 sizes
11336.0 8940.0 128.0 112.0 10
11532.0 8952.0 116.0 100.0 to
11716.0 8940.0 168.0 120.0 20;
11956.0 8928.0 380.0 148.0 special
12404.0 8932.0 520.0 148.0 purchase;
12996.0 8932.0 360.0 152.0 usually
13420.0 8940.0 304.0 116.0 35.95
14624.0 8928.0 324.0 120.0 24.90

10648.0 9324.0 444.0 124.0 half-size
11168.0 9332.0 412.0 120.0 dresses
11664.0 9344.0 92.0 108.0 in
11836.0 9340.0 612.0 144.0 year-round
12528.0 9356.0 436.0 112.0 cottons;
13044.0 9332.0 600.0 128.0 choice-fall
13728.0 9332.0 368.0 128.0 colors;
14176.0 9344.0 236.0 112.0 sizes
14516.0 9340.0 240.0 144.0 l2'7
14836.0 9348.0 112.0 96.0 to

10644.0 9500.0 324.0 160.0 20'2;
11040.0 9552.0 252.0 76.0 were
11380.0 9520.0 312.0 112.0 29.95
11772.0 9528.0 116.0 104.0 to
11972.0 9520.0 308.0 116.0 89.95
13992.0 9508.0 324.0 120.0 19.90
14400.0 9516.0 140.0 108.0 to
14624.0 9508.0 320.0 116.0 60.00

10640.0 9952.0 164.0 72.0 mc
10848.0 9908.0 332.0 120.0 mullen
11264.0 9912.0 256.0 116.0 shirt
11588.0 9912.0 280.0 128.0 dress
11940.0 9920.0 92.0 116.0 in
12116.0 9960.0 248.0 104.0 pure
12432.0 9916.0 160.0 120.0 silk
12660.0 9916.0 500.0 132.0 brocade;
13420.0 9916.0 408.0 132.0 sleeves,
13908.0 9912.0 628.0 124.0 convertible
14612.0 9908.0 328.0 128.0 collar;

10636.0 10084.0 380.0 116.0 misses'
11084.0 10096.0 232.0 108.0 sizes
11392.0 10096.0 64.0 108.0 8
11524.0 10100.0 116.0 108.0 to
11724.0 10100.0 152.0 120.0 16;
11940.0 10088.0 388.0 148.0 special
12392.0 10088.0 516.0 152.0 purchase;
12980.0 10092.0 360.0 148.0 usually
13404.0 10096.0 304.0 112.0 59.95
14624.0 10088.0 320.0 116.0 38.00

10824.0 10572.0 368.0 148.0 third
11292.0 10580.0 408.0 140.0 floor
11788.0 10580.0 920.0 144.0 foundations
12804.0 10584.0 280.0 140.0 and
13184.0 10580.0 424.0 144.0 robes

10624.0 10960.0 436.0 80.0 vocoma
11108.0 10920.0 368.0 120.0 duster
11528.0 10924.0 124.0 120.0 of
11696.0 10924.0 268.0 124.0 arnel
12020.0 10936.0 552.0 112.0 triacetate
12624.0 10936.0 196.0 116.0 and
12872.0 10928.0 336.0 148.0 nylon;
13260.0 10932.0 360.0 116.0 button
13676.0 10928.0 308.0 132.0 front,
14044.0 10924.0 432.0 152.0 push-up
14532.0 10924.0 396.0 124.0 sleeves,

10624.0 11100.0 268.0 112.0 satin
10964.0 11100.0 392.0 148.0 piping;
11432.0 11096.0 252.0 140.0 lilac,
11752.0 11104.0 260.0 144.0 pink,
12084.0 11100.0 264.0 136.0 blue,
12416.0 11100.0 504.0 152.0 shocking;
12988.0 11104.0 360.0 152.0 usually
13404.0 11108.0 308.0 116.0 22.95
14624.0 11100.0 312.0 116.0 14.95

10624.0 11496.0 296.0 124.0 edith
10996.0 11496.0 368.0 128.0 lance's
11440.0 11500.0 540.0 152.0 sculptural
12056.0 11512.0 276.0 124.0 bras;
12404.0 11524.0 352.0 108.0 cotton
12828.0 11508.0 504.0 136.0 bandeau,
13412.0 11516.0 240.0 116.0 sizes
13732.0 11512.0 312.0 116.0 32-40
14116.0 11504.0 96.0 132.0 b,
14288.0 11548.0 92.0 88.0 c,
14460.0 11548.0 124.0 76.0 cc
14656.0 11544.0 264.0 100.0 cups,

10624.0 11716.0 276.0 76.0 were
10948.0 11688.0 256.0 120.0 4.00;
11264.0 11672.0 252.0 152.0 long
11572.0 11684.0 188.0 116.0 line
11812.0 11696.0 404.0 120.0 cotton,
12268.0 11688.0 236.0 120.0 sizes
12556.0 11692.0 292.0 112.0 34-42
12904.0 11684.0 68.0 120.0 b
13024.0 11688.0 204.0 120.0 and
13276.0 11728.0 84.0 96.0 c,
13412.0 11728.0 268.0 80.0 were
13748.0 11688.0 288.0 116.0 10.95
14088.0 11680.0 256.0 116.0 3.00
14396.0 11680.0 240.0 112.0 and
14688.0 11680.0 244.0 116.0 8.95

10620.0 12076.0 156.0 148.0 lily
10848.0 12084.0 124.0 116.0 of
11032.0 12084.0 284.0 120.0 franc
11468.0 12096.0 352.0 136.0 pantie
11892.0 12088.0 360.0 152.0 girdle,
12324.0 12088.0 428.0 124.0 medium
12816.0 12132.0 124.0 76.0 or
13004.0 12088.0 264.0 124.0 brief
13332.0 12084.0 192.0 160.0 leg,
13604.0 12080.0 492.0 160.0 regularly
14168.0 12092.0 272.0 120.0 7.95;
14520.0 12084.0 412.0 116.0 hi-waist

10612.0 12256.0 376.0 148.0 pull-on
11060.0 12256.0 364.0 152.0 girdle,
11532.0 12268.0 184.0 112.0 14"
11788.0 12280.0 116.0 104.0 to
12000.0 12264.0 224.0 144.0 16",
12300.0 12260.0 476.0 160.0 regularly
12864.0 12268.0 296.0 116.0 12.50
14120.0 12264.0 256.0 116.0 5.95
14460.0 12264.0 136.0 112.0 to
14680.0 12260.0 244.0 116.0 9.95

10804.0 12756.0 536.0 136.0 second
11444.0 12752.0 388.0 144.0 floor
11928.0 12760.0 424.0 136.0 shoes

10604.0 13092.0 264.0 128.0 laird
10944.0 13096.0 436.0 120.0 schober
11452.0 13140.0 324.0 104.0 opera
11860.0 13140.0 408.0 112.0 pumps;
12340.0 13096.0 308.0 136.0 black,
12728.0 13144.0 284.0 108.0 navy,
13096.0 13104.0 172.0 120.0 red
13340.0 13144.0 116.0 76.0 or
13524.0 13100.0 280.0 120.0 bone
13880.0 13096.0 244.0 132.0 calf;
14196.0 13096.0 292.0 120.0 black
14568.0 13092.0 348.0 132.0 suede;

10608.0 13268.0 304.0 120.0 black
10996.0 13288.0 412.0 124.0 patent;
11496.0 13272.0 432.0 124.0 tintable
12012.0 13276.0 304.0 124.0 white
12400.0 13272.0 160.0 124.0 silk
12644.0 13276.0 196.0 120.0 and
12924.0 13284.0 304.0 124.0 satin;
13308.0 13272.0 232.0 156.0 high
13624.0 13316.0 124.0 80.0 or
13836.0 13272.0 424.0 152.0 midway
14348.0 13272.0 272.0 124.0 heel;
14708.0 13316.0 168.0 96.0 reg-

10604.0 13440.0 316.0 156.0 ularly
11004.0 13452.0 276.0 112.0 19.95
14604.0 13448.0 312.0 116.0 13.90

10600.0 13848.0 388.0 140.0 special
11040.0 13896.0 340.0 104.0 group
11432.0 13852.0 128.0 120.0 of
11604.0 13852.0 292.0 124.0 shoes
11952.0 13856.0 148.0 148.0 by
12148.0 13856.0 308.0 120.0 david
12508.0 13856.0 292.0 128.0 evins,
12856.0 13856.0 460.0 116.0 christian
13368.0 13860.0 256.0 132.0 dior,
13680.0 13860.0 412.0 136.0 caprlni,
14152.0 13852.0 248.0 120.0 laird
14456.0 13852.0 452.0 128.0 schober,

10608.0 14024.0 152.0 124.0 hill
10828.0 14028.0 200.0 120.0 and
11080.0 14028.0 276.0 140.0 dale,
11420.0 14032.0 524.0 144.0 eleganza;
12004.0 14032.0 376.0 120.0 broken
12440.0 14044.0 272.0 120.0 sizes;
12768.0 14076.0 264.0 76.0 were
13108.0 14040.0 268.0 112.0 12.95
13428.0 14052.0 116.0 104.0 to
13604.0 14040.0 304.0 112.0 39.95
14376.0 14032.0 148.0 116.0 25
14728.0 14028.0 184.0 116.0 off

10788.0 14520.0 788.0 136.0 mezzanine
11680.0 14516.0 460.0 180.0 junior
12232.0 14516.0 588.0 184.0 apparel

10588.0 14864.0 268.0 116.0 wool
10916.0 14860.0 452.0 144.0 daytime
11428.0 14860.0 400.0 124.0 dresses
11884.0 14864.0 276.0 116.0 ideal
12216.0 14868.0 160.0 116.0 for
12424.0 14864.0 312.0 128.0 office
12788.0 14908.0 116.0 76.0 or
12960.0 14908.0 448.0 108.0 campus;
13468.0 14868.0 348.0 144.0 beige,
13880.0 14864.0 180.0 120.0 red
14112.0 14904.0 116.0 76.0 or
14284.0 14860.0 336.0 128.0 black;
14676.0 14868.0 228.0 108.0 sizes

10588.0 15044.0 60.0 112.0 5
10708.0 15052.0 128.0 104.0 to
10912.0 15044.0 140.0 124.0 13;
11108.0 15036.0 396.0 144.0 special
11564.0 15040.0 532.0 148.0 purchase,
12164.0 15040.0 356.0 152.0 usually
12576.0 15048.0 292.0 112.0 25.95
14592.0 15036.0 312.0 116.0 18.90

10584.0 15448.0 548.0 144.0 two-piece
11204.0 15440.0 276.0 120.0 wool
11564.0 15440.0 196.0 120.0 knit
11836.0 15448.0 404.0 116.0 dresses
12312.0 15452.0 92.0 108.0 in
12480.0 15444.0 456.0 120.0 essorted
13016.0 15444.0 228.0 148.0 high
13312.0 15436.0 396.0 128.0 fashion
13788.0 15440.0 408.0 132.0 shades;
14272.0 15448.0 328.0 144.0 junior
14672.0 15448.0 224.0 108.0 sizes

10584.0 15620.0 60.0 112.0 5
10704.0 15628.0 128.0 104.0 to
10908.0 15624.0 140.0 120.0 13;
11100.0 15616.0 396.0 144.0 special
11560.0 15616.0 528.0 148.0 purchase,
12152.0 15616.0 360.0 152.0 usually
12568.0 15624.0 292.0 112.0 29.95
14576.0 15616.0 320.0 116.0 22.90

10580.0 16016.0 420.0 152.0 villager
11064.0 16020.0 412.0 128.0 blouses
11548.0 16028.0 228.0 116.0 with
11852.0 16020.0 492.0 124.0 bermuda
12420.0 16020.0 336.0 132.0 collar;
12824.0 16024.0 460.0 120.0 assorted
13352.0 16024.0 256.0 120.0 solid
13684.0 16020.0 328.0 128.0 colors
14080.0 16020.0 200.0 124.0 and
14356.0 16028.0 320.0 144.0 prints
14736.0 16016.0 160.0 120.0 for

10576.0 16204.0 328.0 132.0 junior
10960.0 16204.0 224.0 112.0 sizes
11252.0 16208.0 68.0 108.0 7
11384.0 16212.0 124.0 104.0 to
11584.0 16204.0 152.0 124.0 13;
11796.0 16200.0 388.0 144.0 special
12244.0 16196.0 508.0 152.0 purchase,
12816.0 16196.0 368.0 152.0 usually
13240.0 16204.0 228.0 116.0 5.95
14644.0 16200.0 244.0 116.0 3.90

10576.0 16600.0 280.0 124.0 lined
10912.0 16600.0 236.0 120.0 wool
11212.0 16600.0 324.0 128.0 slacks
11596.0 16604.0 140.0 144.0 by
11788.0 16600.0 408.0 120.0 famous
12252.0 16600.0 368.0 132.0 maker;
12672.0 16600.0 256.0 120.0 wide
12992.0 16596.0 344.0 128.0 choice
13396.0 16604.0 124.0 124.0 of
13572.0 16600.0 256.0 120.0 solid
13884.0 16600.0 348.0 140.0 colors,
14300.0 16600.0 332.0 148.0 plaids
14688.0 16604.0 192.0 116.0 and

10576.0 16784.0 408.0 144.0 stripes;
11036.0 16788.0 244.0 116.0 sizes
11348.0 16792.0 64.0 104.0 7
11468.0 16796.0 120.0 104.0 to
11660.0 16788.0 152.0 120.0 13;
11872.0 16780.0 384.0 140.0 special
12312.0 16776.0 520.0 148.0 purchase;
12888.0 16784.0 360.0 148.0 usually
13316.0 16788.0 284.0 112.0 14.95
14580.0 16784.0 300.0 116.0 .9.90

10560.0 17180.0 368.0 120.0 sheath
10996.0 17184.0 272.0 124.0 skirts
11344.0 17188.0 100.0 112.0 in
11516.0 17184.0 312.0 120.0 men's
11896.0 17228.0 280.0 72.0 wear
12236.0 17180.0 428.0 116.0 worsted
12736.0 17188.0 200.0 112.0 and
13016.0 17180.0 660.0 148.0 herringbone
13744.0 17180.0 260.0 120.0 wool
14072.0 17184.0 436.0 128.0 tweeds;
14576.0 17192.0 304.0 140.0 junior

10560.0 17364.0 252.0 116.0 sizes
10884.0 17364.0 56.0 112.0 7
10996.0 17372.0 108.0 108.0 to
11184.0 17364.0 172.0 124.0 13;
11424.0 17356.0 380.0 148.0 special
11868.0 17356.0 528.0 152.0 purchase,
12468.0 17356.0 356.0 148.0 usually
12904.0 17364.0 284.0 112.0 14.95
14628.0 17360.0 248.0 116.0 9.90

10560.0 17780.0 480.0 108.0 sweaters
11084.0 17768.0 96.0 116.0 in
11240.0 17760.0 540.0 152.0 cardigan,
11836.0 17760.0 368.0 152.0 slip-on
12256.0 17764.0 200.0 124.0 and
12508.0 17760.0 396.0 152.0 novelty
12952.0 17756.0 332.0 148.0 styles!
13332.0 17768.0 160.0 120.0 fur
13540.0 17760.0 388.0 140.0 blends,
13988.0 17764.0 396.0 132.0 bullies,
14440.0 17808.0 432.0 104.0 angoras

10560.0 17948.0 92.0 112.0 in
10712.0 17980.0 364.0 108.0 group;
11128.0 17940.0 488.0 120.0 assorted
11672.0 17936.0 372.0 132.0 colors;
12092.0 17980.0 260.0 76.0 were
12404.0 17944.0 228.0 112.0 8.95
12680.0 17952.0 112.0 104.0 to
12860.0 17944.0 288.0 112.0 17.95
14048.0 17940.0 256.0 116.0 5.90
14356.0 17944.0 140.0 112.0 to
14552.0 17940.0 316.0 120.0 11.90

4932.0 18452.0 716.0 304.0 54th
5816.0 18460.0 1952.0 416.0 anniversary
7924.0 18456.0 1936.0 420.0 gidding-fur
10020.0 18448.0 1260.0 428.0 specials

2612.0 19396.0 760.0 140.0 anniveriary
3452.0 19392.0 256.0 112.0 Male
3784.0 19400.0 460.0 136.0 taring!

2628.0 19588.0 1036.0 120.0 GIODING-MINK
3748.0 19592.0 492.0 116.0 STOLES

3240.0 19824.0 316.0 136.0 440.

1728.0 20104.0 476.0 124.0 beautiful
2304.0 20104.0 856.0 156.0 gidding-quality
3240.0 20108.0 312.0 128.0 stoles
3644.0 20120.0 88.0 104.0 in
3816.0 20156.0 256.0 104.0 your
4152.0 20104.0 356.0 124.0 choice
4596.0 20108.0 120.0 124.0 of
4792.0 20108.0 384.0 120.0 natural

2000.0 20280.0 552.0 120.0 ranchmink
2588.0 20324.0 112.0 76.0 or
2740.0 20284.0 320.0 120.0 emba
3108.0 20296.0 408.0 108.0 autumn
3564.0 20284.0 244.0 124.0 haze
3852.0 20284.0 292.0 120.0 mink!
4192.0 20292.0 380.0 116.0 second
4624.0 20288.0 260.0 116.0 floor

7440.0 19444.0 268.0 96.0 rery
7788.0 19404.0 552.0 144.0 ipecially
8424.0 19396.0 412.0 152.0 priced

7544.0 19656.0 492.0 116.0 BEAVER
8116.0 19656.0 612.0 116.0 JACKETS

7936.0 19920.0 300.0 136.0 300.

6336.0 20248.0 376.0 104.0 young,
6772.0 20204.0 520.0 152.0 flattering
7356.0 20212.0 376.0 116.0 natural
7796.0 20216.0 496.0 116.0 Canadian
8356.0 20208.0 388.0 116.0 beaver
8796.0 20200.0 384.0 148.0 jackets
9232.0 20200.0 220.0 116.0 with
9508.0 20200.0 176.0 120.0 roll
9740.0 20200.0 168.0 120.0 col-

6348.0 20376.0 192.0 124.0 lars
6604.0 20380.0 200.0 120.0 and
6868.0 20376.0 520.0 120.0 turn-back
7452.0 20376.0 256.0 120.0 cuffs
7768.0 20464.0 40.0 40.0 .
7864.0 20468.0 36.0 36.0 .
7956.0 20464.0 36.0 40.0 .
8052.0 20376.0 260.0 124.0 ideal
8380.0 20376.0 172.0 120.0 for
8608.0 20376.0 560.0 120.0 christmas!
9236.0 20372.0 368.0 120.0 second
9676.0 20376.0 268.0 120.0 floor

12240.0 19424.0 712.0 108.0 oncetyear
13036.0 19420.0 452.0 104.0 lavingi

11996.0 19580.0 580.0 120.0 PERSIAN
12656.0 19580.0 288.0 120.0 LAM
12968.0 19580.0 72.0 112.0 I
13112.0 19580.0 608.0 120.0 JACKETS

12660.0 19816.0 308.0 140.0 380.

11100.0 20100.0 636.0 148.0 black-dyed
11820.0 20108.0 404.0 140.0 persian
12304.0 20100.0 272.0 120.0 lamb
12648.0 20100.0 500.0 152.0 designed
13224.0 20104.0 228.0 112.0 with
13532.0 20100.0 196.0 120.0 self
13796.0 20144.0 124.0 76.0 or
13996.0 20092.0 248.0 124.0 mink
14320.0 20100.0 280.0 116.0 trim!

11120.0 20276.0 316.0 132.0 sleek,
11512.0 20276.0 744.0 144.0 sophisticated
12324.0 20276.0 168.0 124.0 for
12552.0 20280.0 200.0 144.0 day
12816.0 20320.0 128.0 76.0 or
13004.0 20284.0 428.0 148.0 evening
13500.0 20288.0 312.0 116.0 wear!
13880.0 20276.0 384.0 120.0 second
14332.0 20276.0 276.0 120.0 floor

3912.0 21028.0 224.0 164.0 for
4232.0 21032.0 236.0 164.0 the
4576.0 21032.0 296.0 160.0 first
4960.0 21048.0 340.0 144.0 time
5408.0 21040.0 112.0 148.0 in
5620.0 21032.0 708.0 204.0 gidding's
6428.0 21028.0 508.0 208.0 history
7000.0 21156.0 40.0 36.0 .
7104.0 21152.0 40.0 40.0 .
7200.0 21152.0 48.0 44.0 .

4680.0 21624.0 896.0 328.0 FULL
5728.0 21616.0 1576.0 328.0 LENGTH
7480.0 21616.0 984.0 328.0 MINK
8632.0 21616.0 1408.0 336.0 COATS

5660.0 22236.0 372.0 160.0 from
6112.0 22300.0 256.0 100.0 our
6436.0 22236.0 1028.0 164.0 world-famous
7544.0 22240.0 388.0 160.0 stock
8008.0 22360.0 276.0 44.0 ...
8360.0 22252.0 124.0 148.0 in
8568.0 22256.0 172.0 144.0 six
8816.0 22240.0 640.0 160.0 fabulous
9532.0 22240.0 524.0 160.0 shades

5672.0 22588.0 288.0 40.0 ...
6024.0 22464.0 220.0 160.0 for
6308.0 22468.0 244.0 160.0 the
6624.0 22472.0 228.0 156.0 tall
6932.0 22472.0 272.0 156.0 and
7276.0 22472.0 380.0 200.0 regal
7728.0 22532.0 528.0 96.0 women
8340.0 22536.0 156.0 92.0 as
8568.0 22472.0 280.0 156.0 well
8924.0 22532.0 160.0 96.0 as
9156.0 22484.0 272.0 188.0 tiny
9496.0 22484.0 344.0 144.0 sizes

5744.0 22884.0 140.0 76.0 en
5956.0 22836.0 532.0 124.0 Individual
6556.0 22864.0 488.0 132.0 payment
7104.0 22848.0 228.0 144.0 plan
7404.0 22892.0 120.0 76.0 or
7580.0 22848.0 176.0 120.0 the
7820.0 22848.0 424.0 148.0 gldding
8312.0 22864.0 396.0 104.0 custom
8772.0 22848.0 392.0 144.0 charge
9232.0 22856.0 72.0 108.0 is
9360.0 22892.0 300.0 104.0 yours
9728.0 22888.0 272.0 104.0 upon
10064.0 22844.0 448.0 148.0 request!

10960.0 21848.0 1176.0 424.0 mi

12136.0 21848.0 88.0 136.0 '
12776.0 21856.0 776.0 352.0 OFF

11032.0 22556.0 752.0 172.0 regularly
11876.0 22544.0 492.0 152.0 3000.
12464.0 22580.0 156.0 112.0 to
12704.0 22544.0 436.0 152.0 5000

1512.0 23500.0 128.0 92.0 fur
1704.0 23496.0 396.0 116.0 products
2168.0 23492.0 348.0 100.0 labeled
2572.0 23504.0 92.0 88.0 to
2728.0 23496.0 232.0 96.0 show
3020.0 23508.0 340.0 104.0 country
3424.0 23496.0 100.0 96.0 ot
3584.0 23500.0 260.0 112.0 origin
3908.0 23496.0 96.0 100.0 of
4064.0 23496.0 428.0 120.0 imported
4548.0 23492.0 172.0 104.0 fun)
4772.0 23556.0 204.0 40.0 ...
5052.0 23500.0 280.0 116.0 pricei
5392.0 23492.0 172.0 120.0 plus
5620.0 23496.0 340.0 100.0 (ederel
6016.0 23516.0 128.0 76.0 ti

15508.0 7148.0 148.0 228.0 1

15476.0 12856.0 148.0 136.0 m

2624.0 24016.0 6864.0 800.0 DDINGS

2808.0 24812.0 104.0 108.0 A
5344.0 24832.0 72.0 72.0 t

9852.0 24588.0 5652.0 208.0 oooooooooooo
