15696 25460
544.0 1640.0 1488.0 392.0 Walter

388.0 2380.0 404.0 212.0 Mel
896.0 2376.0 608.0 208.0 Allen
1608.0 2376.0 912.0 212.0 Worried!

304.0 2680.0 28.0 100.0 i
524.0 2692.0 280.0 108.0 THE
904.0 2688.0 252.0 108.0 JFK
1268.0 2688.0 524.0 104.0 FAMILY
1888.0 2688.0 228.0 104.0 Will

300.0 2824.0 32.0 140.0 I
408.0 2848.0 432.0 108.0 retreat
952.0 2848.0 116.0 96.0 to
1188.0 2848.0 316.0 100.0 their
1624.0 2844.0 496.0 120.0 Virginia

396.0 2976.0 316.0 108.0 farm
772.0 2976.0 124.0 100.0 in
956.0 2992.0 268.0 84.0 case
1292.0 2976.0 128.0 100.0 of
1484.0 2976.0 632.0 116.0 dangerous

296.0 3088.0 28.0 152.0 j
396.0 3108.0 476.0 100.0 Fallout
956.0 3104.0 276.0 100.0 This
1332.0 3124.0 224.0 80.0 was
1644.0 3108.0 472.0 104.0 decided

292.0 3228.0 28.0 100.0 i
400.0 3240.0 148.0 116.0 by
620.0 3236.0 200.0 96.0 the
896.0 3232.0 392.0 100.0 Secret
1364.0 3232.0 432.0 104.0 Service
1864.0 3304.0 32.0 36.0 .
1972.0 3308.0 32.0 32.0 .
2080.0 3308.0 28.0 32.0 .

296.0 3344.0 24.0 168.0 j
404.0 3368.0 452.0 116.0 Soraya,
984.0 3360.0 364.0 116.0 living
1476.0 3364.0 88.0 96.0 it
1700.0 3384.0 152.0 96.0 up
1984.0 3364.0 128.0 104.0 in

296.0 3464.0 24.0 160.0 J
392.0 3500.0 396.0 104.0 Rome,
876.0 3488.0 96.0 100.0 is
1056.0 3492.0 552.0 112.0 expected
1700.0 3496.0 120.0 96.0 to
1908.0 3520.0 152.0 76.0 en-

296.0 3628.0 20.0 100.0 !
392.0 3624.0 196.0 116.0 Joy
648.0 3620.0 200.0 100.0 the
912.0 3616.0 532.0 108.0 Yuletide
1500.0 3620.0 268.0 104.0 here
1824.0 3628.0 280.0 96.0 with

296.0 3760.0 16.0 88.0 ;
400.0 3752.0 340.0 112.0 Hufh
848.0 3748.0 476.0 100.0 O'Brian
1432.0 3812.0 32.0 40.0 .
1560.0 3812.0 32.0 40.0 .
1680.0 3812.0 48.0 40.0 .
1824.0 3752.0 292.0 100.0 Dick

392.0 3876.0 440.0 104.0 Clark's
912.0 3876.0 248.0 104.0 love
1244.0 3880.0 488.0 104.0 (Loretta
1820.0 3884.0 248.0 96.0 Mar-

300.0 4056.0 52.0 48.0 r
404.0 4008.0 212.0 100.0 tin)
724.0 4008.0 96.0 104.0 is
868.0 4064.0 12.0 48.0 i
928.0 4024.0 68.0 80.0 a
1100.0 4004.0 440.0 104.0 former
1640.0 4016.0 484.0 112.0 Conway

392.0 4136.0 408.0 120.0 Twitty
848.0 4136.0 412.0 100.0 staffer
1316.0 4212.0 24.0 28.0 .
1396.0 4208.0 28.0 32.0 .
1472.0 4212.0 28.0 28.0 .
392.0 4140.0 1716.0 228.0 Ex-Ttme-LUer

844.0 4264.0 220.0 100.0 and
1220.0 4268.0 368.0 100.0 White
1728.0 4268.0 380.0 104.0 House

396.0 4396.0 340.0 116.0 ghost
800.0 4396.0 500.0 96.0 Emmett
1372.0 4400.0 448.0 116.0 Htifties
1888.0 4404.0 216.0 100.0 has

392.0 4544.0 296.0 104.0 gone
832.0 4524.0 676.0 116.0 completely
1656.0 4528.0 448.0 120.0 daffy

396.0 4648.0 360.0 104.0 about
796.0 4652.0 356.0 100.0 Susan
1204.0 4656.0 372.0 100.0 Storrs
1612.0 4660.0 120.0 100.0 of
1776.0 4660.0 328.0 100.0 "How

388.0 4776.0 132.0 100.0 to
628.0 4780.0 584.0 100.0 Succeed."
1328.0 4784.0 420.0 100.0 Chums
1860.0 4808.0 200.0 80.0 sus-

392.0 4908.0 276.0 120.0 pect
716.0 4908.0 264.0 116.0 they
1032.0 4908.0 696.0 120.0 theyjiilght
1780.0 4916.0 328.0 116.0 elope

396.0 5104.0 248.0 32.0 ...
720.0 5040.0 232.0 96.0 Ava
1024.0 5040.0 612.0 104.0 Garuuefs
1716.0 5052.0 392.0 92.0 recent

388.0 5164.0 548.0 100.0 mldtown
1092.0 5172.0 616.0 112.0 escapades
1864.0 5176.0 240.0 100.0 still

384.0 5292.0 304.0 100.0 have
752.0 5288.0 276.0 104.0 local
1096.0 5296.0 324.0 104.0 locos
1476.0 5300.0 620.0 104.0 breathless

392.0 5488.0 28.0 32.0 .
476.0 5492.0 28.0 28.0 .
556.0 5488.0 28.0 28.0 .
640.0 5424.0 240.0 96.0 The
924.0 5424.0 300.0 100.0 Herb
1272.0 5428.0 452.0 100.0 Jeffries
1776.0 5436.0 324.0 112.0 (strip

480.0 11460.0 352.0 144.0 Now
884.0 11456.0 332.0 148.0 You
1324.0 11464.0 360.0 148.0 CAN
1780.0 11464.0 548.0 148.0 Afford
2380.0 11472.0 212.0 144.0 To
2652.0 11468.0 192.0 144.0 Be
2896.0 11464.0 800.0 152.0 Beautiful!

484.0 11784.0 84.0 116.0 If
628.0 11828.0 196.0 100.0 you
888.0 11784.0 464.0 124.0 demand
1416.0 11800.0 380.0 112.0 servico
1856.0 11792.0 212.0 120.0 and
2128.0 11796.0 380.0 144.0 quality
2568.0 11876.0 216.0 44.0 ...
2848.0 11796.0 80.0 116.0 If
2988.0 11840.0 192.0 104.0 you
3240.0 11808.0 268.0 108.0 want
3572.0 11836.0 188.0 80.0 con-

472.0 11952.0 412.0 124.0 fidence
944.0 11964.0 96.0 112.0 In
1104.0 12004.0 264.0 92.0 your
1428.0 11976.0 520.0 128.0 operator,
2012.0 11964.0 200.0 116.0 and
2272.0 11968.0 108.0 116.0 th
2508.0 12008.0 172.0 76.0 car
2804.0 11972.0 312.0 116.0 which
3172.0 12012.0 348.0 76.0 comes
3580.0 11976.0 224.0 140.0 only

472.0 12124.0 260.0 120.0 from
804.0 12136.0 680.0 136.0 experienced
1564.0 12136.0 648.0 136.0 Beauticians,
2284.0 12140.0 240.0 116.0 then
2592.0 12144.0 424.0 144.0 depend
3088.0 12184.0 128.0 76.0 en
3288.0 12144.0 516.0 148.0 Murray's.

480.0 12296.0 308.0 148.0 Every
836.0 12312.0 612.0 132.0 permanent
1496.0 12344.0 284.0 88.0 wave
1828.0 12308.0 520.0 144.0 complete
2396.0 12308.0 228.0 124.0 with
2676.0 12312.0 416.0 140.0 haircut,
3144.0 12320.0 404.0 144.0 setting,
3600.0 12316.0 204.0 120.0 and

468.0 12464.0 540.0 128.0 individual
1060.0 12476.0 412.0 148.0 styling.

476.0 12872.0 804.0 148.0 FIESTA
1396.0 12876.0 776.0 148.0 CIIE31E

472.0 13136.0 1136.0 152.0 Permanent
1724.0 13140.0 568.0 148.0 Wave

472.0 13572.0 1356.0 148.0 LAX-O-CUItL

472.0 13832.0 1132.0 152.0 Permanent
1724.0 13836.0 568.0 148.0 Wave

468.0 14268.0 1172.0 148.0 MEND-ALL

468.0 14532.0 1132.0 148.0 Permanent
1716.0 14532.0 568.0 148.0 Wave

1380.0 15404.0 708.0 176.0 Beauty

748.0 15720.0 524.0 112.0 Downtown,
1332.0 15724.0 116.0 96.0 M
1516.0 15720.0 300.0 104.0 MT7I

828.0 15836.0 368.0 104.0 Mineral.
1256.0 15840.0 116.0 92.0 TE
1440.0 15836.0 296.0 96.0 1-9829

772.0 15940.0 420.0 120.0 'Swiften,
1256.0 15956.0 128.0 96.0 ME
1456.0 15956.0 296.0 96.0 l-Hst

660.0 16064.0 372.0 100.0 Wislira
1088.0 16068.0 256.0 108.0 Hills,
1392.0 16072.0 140.0 100.0 MO
1596.0 16072.0 304.0 100.0 l-SKI

288.0 18552.0 1696.0 304.0 WEDNESDAY

272.0 19760.0 1728.0 528.0 HHEEi!

1372.0 20908.0 860.0 208.0 ONE-DAY
2344.0 20900.0 840.0 208.0 SPECIAL!

952.0 21264.0 624.0 208.0 GIRLS'
1692.0 21256.0 720.0 208.0 ORLON'
2524.0 21252.0 1056.0 208.0 PILE-LINED

1264.0 21612.0 812.0 208.0 MELTON
2184.0 21608.0 392.0 208.0 BOY
2684.0 21604.0 616.0 208.0 COATS

1136.0 22020.0 784.0 276.0 11.00
2668.0 22012.0 832.0 276.0 13.00

1060.0 22372.0 296.0 112.0 sizes
1436.0 22372.0 64.0 116.0 3
1584.0 22372.0 136.0 108.0 to
1804.0 22368.0 136.0 108.0 4x

768.0 22688.0 340.0 148.0 Hurry
1184.0 22696.0 96.0 112.0 in
1348.0 22684.0 164.0 120.0 for
1584.0 22688.0 200.0 120.0 this
1856.0 22680.0 376.0 156.0 special
2300.0 22676.0 324.0 120.0 value!
2748.0 22684.0 184.0 108.0 100
3136.0 22664.0 668.0 156.0 reprocessed

760.0 22892.0 272.0 120.0 woo)
1100.0 22892.0 376.0 120.0 melton
1536.0 22936.0 324.0 76.0 wears
1920.0 22884.0 196.0 124.0 and
2180.0 22932.0 340.0 76.0 wears.
2576.0 22880.0 240.0 124.0 And
2880.0 22884.0 156.0 116.0 it's
3092.0 22876.0 344.0 152.0 snugly
3500.0 22916.0 304.0 76.0 warm

760.0 23092.0 236.0 116.0 with
1068.0 23092.0 188.0 116.0 the
1316.0 23088.0 316.0 116.0 Orion
1780.0 23084.0 364.0 152.0 acrylic
2208.0 23080.0 196.0 152.0 pile
2464.0 23084.0 292.0 144.0 lining
2824.0 23076.0 304.0 116.0 that's
3180.0 23072.0 628.0 128.0 tn'-colortd.

780.0 23292.0 264.0 120.0 Back
1108.0 23292.0 216.0 120.0 belt
1376.0 23296.0 200.0 116.0 and
1640.0 23292.0 300.0 124.0 whit,
1996.0 23292.0 444.0 116.0 buttons.
2496.0 23288.0 296.0 144.0 Navy
2848.0 23284.0 256.0 144.0 only.
3160.0 23284.0 196.0 148.0 Buy
3416.0 23328.0 216.0 72.0 now
3688.0 23296.0 120.0 104.0 at

776.0 23492.0 200.0 124.0 this
1040.0 23540.0 252.0 108.0 very
1344.0 23492.0 380.0 152.0 special
1792.0 23492.0 312.0 148.0 price!
3640.0 23536.0 32.0 44.0 -

1360.0 23816.0 428.0 144.0 Pogue's
1864.0 23812.0 288.0 116.0 Girls'
2220.0 23812.0 344.0 128.0 Wear,
2640.0 23808.0 592.0 116.0 Downstairs

1040.0 24512.0 244.0 84.0 guei
1332.0 24484.0 456.0 108.0 talgphona
1836.0 24480.0 240.0 92.0 ordgr
2124.0 24476.0 268.0 92.0 board
2444.0 24484.0 60.0 84.0 it
2544.0 24504.0 208.0 64.0 oev
2816.0 24472.0 112.0 88.0 24
2972.0 24500.0 236.0 60.0 nonri
3352.0 24468.0 164.0 108.0 day
3660.0 24476.0 204.0 92.0 cpi
3916.0 24456.0 372.0 96.0 Surds.
4336.0 24456.0 192.0 92.0 Ct'4
4576.0 24452.0 144.0 100.0 Ctf
4784.0 24460.0 28.0 80.0 I
4840.0 24448.0 276.0 96.0 -"00!

1552.0 24680.0 384.0 116.0 SHOP
2012.0 24676.0 512.0 116.0 TODAY:
2608.0 24668.0 872.0 124.0 DOWNTOWN
3648.0 24668.0 184.0 112.0 :iS
3912.0 24660.0 192.0 116.0 TO
4196.0 24660.0 272.0 112.0 5:30

2352.0 1632.0 1880.0 400.0 Winchell

2288.0 2696.0 240.0 96.0 star
2624.0 2692.0 524.0 120.0 Tempest
3252.0 2692.0 400.0 104.0 Storm)
3756.0 2708.0 192.0 84.0 are

2292.0 2824.0 368.0 116.0 giving
2752.0 2824.0 372.0 100.0 mixed
3216.0 2840.0 488.0 100.0 mergers
3796.0 2840.0 156.0 76.0 an

2292.0 2952.0 528.0 116.0 unhappy
2888.0 2952.0 372.0 112.0 rating
3324.0 3016.0 32.0 32.0 .
3424.0 3016.0 32.0 32.0 .
3528.0 3016.0 28.0 32.0 .
3632.0 2944.0 276.0 100.0 Mari-

2292.0 3080.0 184.0 116.0 lyn
2536.0 3084.0 448.0 96.0 Monroe
3032.0 3080.0 100.0 100.0 is
3176.0 3080.0 192.0 100.0 the
3416.0 3076.0 268.0 120.0 only
3732.0 3096.0 220.0 76.0 one

2284.0 3208.0 468.0 108.0 (besides
2840.0 3208.0 184.0 100.0 his
3124.0 3204.0 472.0 108.0 mother)
3696.0 3204.0 252.0 100.0 who

2288.0 3340.0 276.0 100.0 calls
2636.0 3340.0 76.0 96.0 F
2720.0 3332.0 388.0 100.0 rankle
3180.0 3332.0 448.0 112.0 Francis
3700.0 3400.0 28.0 32.0 .
3812.0 3400.0 28.0 32.0 .
3908.0 3400.0 40.0 32.0 .

2280.0 3468.0 196.0 96.0 Ike
2536.0 3484.0 248.0 100.0 says
2840.0 3468.0 152.0 96.0 he
3048.0 3464.0 328.0 116.0 plans
3432.0 3456.0 516.0 124.0 ignoring

2280.0 3596.0 376.0 96.0 future
2752.0 3592.0 812.0 120.0 birthdays
3644.0 3656.0 48.0 36.0 .
3780.0 3656.0 32.0 36.0 .
3912.0 3660.0 32.0 32.0 .

2280.0 3724.0 428.0 116.0 Mickey
2824.0 3720.0 508.0 100.0 Mantle's
3444.0 3716.0 508.0 124.0 physical

2280.0 3852.0 568.0 100.0 condition
2892.0 3868.0 268.0 96.0 may
3208.0 3844.0 232.0 104.0 cost
3492.0 3848.0 456.0 100.0 Yankee

2280.0 3976.0 708.0 104.0 broadcaster
3068.0 3976.0 216.0 100.0 Mel
3360.0 3976.0 324.0 100.0 Alien
3760.0 3972.0 184.0 104.0 his

2284.0 4124.0 248.0 84.0 own
2656.0 4104.0 592.0 104.0 Health.
3348.0 4104.0 224.0 100.0 Mel
3684.0 4104.0 264.0 96.0 took

2276.0 4236.0 428.0 116.0 Mickey
2772.0 4236.0 120.0 100.0 to
2964.0 4236.0 184.0 100.0 his
3216.0 4232.0 388.0 100.0 medic.
3676.0 4232.0 272.0 100.0 This

2280.0 4360.0 600.0 108.0 Infuriated
2924.0 4364.0 200.0 100.0 the
3168.0 4364.0 444.0 100.0 Yankee
3656.0 4380.0 240.0 80.0 own-

2268.0 4512.0 212.0 80.0 ers.
2560.0 4492.0 216.0 100.0 Mel
2860.0 4492.0 96.0 100.0 is
3040.0 4508.0 276.0 84.0 near
3396.0 4508.0 72.0 84.0 a
3552.0 4488.0 344.0 100.0 break-

2276.0 4620.0 320.0 100.0 down
2660.0 4620.0 292.0 104.0 from
3012.0 4636.0 372.0 104.0 worry.

2264.0 4796.0 24.0 32.0 '
2400.0 4804.0 244.0 100.0 JFK
2720.0 4804.0 432.0 100.0 HOPES
3228.0 4800.0 280.0 120.0 High
3604.0 4796.0 344.0 104.0 Court

2272.0 4928.0 476.0 108.0 Justices
2820.0 4936.0 344.0 96.0 Black
3236.0 4932.0 220.0 100.0 and
3532.0 4932.0 364.0 100.0 Frank-

2272.0 5056.0 360.0 100.0 furter
2704.0 5060.0 208.0 100.0 live
2984.0 5064.0 120.0 96.0 to
3176.0 5080.0 64.0 84.0 a
3304.0 5060.0 640.0 108.0 Thousand,

2292.0 5184.0 200.0 104.0 but
2596.0 5188.0 396.0 104.0 wishes
3100.0 5188.0 368.0 120.0 they'd
3580.0 5184.0 364.0 104.0 retire.

2268.0 5312.0 160.0 96.0 He
2548.0 5316.0 340.0 100.0 needs
3012.0 5316.0 192.0 100.0 the
3324.0 5312.0 604.0 100.0 vacancies.

2272.0 5444.0 228.0 96.0 Sec.
2552.0 5444.0 472.0 96.0 Ribicoff
3068.0 5448.0 100.0 100.0 is
3208.0 5444.0 728.0 112.0 breathlessly

2200.0 15404.0 648.0 144.0 Salons

2328.0 15732.0 368.0 108.0 Newport
2760.0 15732.0 324.0 100.0 Cintir,
3144.0 15724.0 116.0 100.0 HE
3336.0 15720.0 292.0 104.0 1-8500

2668.0 15904.0 224.0 108.0 lint,
2972.0 15896.0 120.0 92.0 VI
3160.0 15896.0 28.0 96.0 I
3208.0 15888.0 248.0 108.0 -Mil

2512.0 16072.0 372.0 104.0 Cheviot.
2944.0 16072.0 136.0 100.0 MO
3144.0 16068.0 296.0 100.0 l-ITBI

2644.0 22364.0 292.0 116.0 sizes
3016.0 22360.0 64.0 116.0 7
3156.0 22364.0 132.0 108.0 to
3372.0 22356.0 140.0 116.0 14

3888.0 16144.0 80.0 112.0 I

4128.0 2376.0 488.0 124.0 panting
4712.0 2380.0 172.0 100.0 for
4972.0 2380.0 212.0 100.0 the
5280.0 2376.0 180.0 120.0 Job
5556.0 2440.0 28.0 32.0 .

4136.0 2508.0 336.0 100.0 Don't
4552.0 2508.0 340.0 108.0 invite
4956.0 2508.0 376.0 100.0 NATO
5400.0 2500.0 432.0 108.0 Comdr.

4136.0 2640.0 660.0 96.0 Norstad
4912.0 2636.0 240.0 96.0 and
5260.0 2632.0 568.0 112.0 Pentagon

4132.0 2780.0 320.0 100.0 press
4532.0 2760.0 304.0 104.0 chief
4912.0 2768.0 428.0 92.0 Arthur
5420.0 2760.0 368.0 112.0 Sylves-

4136.0 2896.0 172.0 92.0 ter
4384.0 2900.0 128.0 88.0 to
4588.0 2896.0 196.0 92.0 the
4860.0 2912.0 324.0 76.0 same
5268.0 2892.0 252.0 92.0 War
5596.0 2956.0 24.0 28.0 .
5700.0 2956.0 24.0 24.0 .
5804.0 2952.0 24.0 28.0 .

4128.0 3020.0 736.0 120.0 Washington
5036.0 3020.0 384.0 96.0 solons
5580.0 3028.0 248.0 84.0 are

4132.0 3152.0 436.0 112.0 quietly
4744.0 3148.0 492.0 120.0 plotting
5416.0 3140.0 416.0 104.0 several

4136.0 3276.0 592.0 104.0 anti-trust
4864.0 3276.0 388.0 100.0 bills
5400.0 3268.0 432.0 120.0 against

4132.0 3408.0 444.0 100.0 Unions
4656.0 3476.0 28.0 32.0 .
4764.0 3472.0 28.0 28.0 .
4876.0 3476.0 28.0 28.0 .
4988.0 3404.0 248.0 100.0 The
5312.0 3400.0 320.0 116.0 Dept.
5712.0 3396.0 120.0 96.0 of

4128.0 3532.0 436.0 100.0 Justice
4620.0 3532.0 276.0 100.0 feels
4956.0 3532.0 96.0 100.0 it
5108.0 3532.0 212.0 100.0 has
5384.0 3528.0 444.0 112.0 enough

4128.0 3680.0 256.0 80.0 new
4440.0 3656.0 532.0 108.0 evidence
5020.0 3664.0 128.0 96.0 to
5196.0 3664.0 172.0 116.0 try
5408.0 3660.0 188.0 96.0 lor
5640.0 3676.0 140.0 76.0 an-

4128.0 3792.0 340.0 100.0 other
4592.0 3784.0 680.0 104.0 indictment
5392.0 3780.0 440.0 124.0 against

4124.0 3916.0 100.0 100.0 J.
4272.0 3916.0 352.0 100.0 Hoffa
4672.0 3936.0 144.0 80.0 on
4864.0 3920.0 264.0 100.0 that
5176.0 3916.0 268.0 100.0 mail
5500.0 3908.0 320.0 100.0 fraud

4120.0 4064.0 208.0 96.0 rap
4396.0 4112.0 28.0 32.0 .
4500.0 4116.0 24.0 24.0 .
4592.0 4112.0 32.0 36.0 .
4688.0 4048.0 500.0 96.0 Panama
5256.0 4044.0 356.0 96.0 wants
5676.0 4040.0 144.0 96.0 its

4160.0 4176.0 368.0 96.0 take"
4680.0 4172.0 292.0 100.0 from
5132.0 4176.0 196.0 96.0 the
5480.0 4168.0 344.0 96.0 Canal

4128.0 4300.0 268.0 120.0 up'd
4452.0 4368.0 28.0 32.0 .
4528.0 4368.0 28.0 28.0 .
4604.0 4368.0 28.0 28.0 .
4676.0 4300.0 228.0 100.0 The
4948.0 4304.0 436.0 96.0 newest
5432.0 4296.0 404.0 116.0 Gallup

4120.0 4428.0 236.0 100.0 Poll
4440.0 4432.0 368.0 100.0 shows
4884.0 4452.0 152.0 80.0 an
5132.0 4432.0 496.0 96.0 Increase
5704.0 4428.0 116.0 100.0 in

4124.0 4556.0 576.0 124.0 hooching
4792.0 4576.0 428.0 100.0 among
5316.0 4560.0 196.0 96.0 the
5612.0 4556.0 168.0 100.0 Un-

4128.0 4688.0 220.0 96.0 fair
4432.0 4692.0 220.0 96.0 Sex
4736.0 4684.0 216.0 100.0 and
5044.0 4692.0 452.0 96.0 teeners
5580.0 4752.0 28.0 28.0 .
5684.0 4752.0 28.0 32.0 .
5796.0 4752.0 24.0 28.0 .

4124.0 4816.0 236.0 92.0 CIA
4500.0 4812.0 560.0 100.0 informed
5196.0 4816.0 256.0 96.0 JFK
5580.0 4816.0 244.0 92.0 that

4124.0 4940.0 192.0 100.0 Kb
4424.0 4944.0 336.0 116.0 plans
4856.0 4940.0 224.0 100.0 call
5196.0 4944.0 172.0 96.0 for
5468.0 4944.0 320.0 112.0 explo-

4124.0 5068.0 316.0 100.0 sions
4500.0 5088.0 160.0 96.0 up
4716.0 5076.0 116.0 92.0 to
4956.0 5072.0 240.0 96.0 and
5252.0 5068.0 572.0 116.0 including

4248.0 5196.0 204.0 100.0 the
4556.0 5200.0 176.0 96.0 100
4832.0 5204.0 532.0 108.0 megtaon
5468.0 5196.0 356.0 116.0 bomb,

4132.0 5328.0 116.0 92.0 at
4312.0 5324.0 380.0 104.0 which
4744.0 5320.0 276.0 104.0 time
5080.0 5328.0 108.0 96.0 K
5240.0 5324.0 220.0 96.0 will
5516.0 5344.0 264.0 80.0 sanc-

4128.0 5448.0 732.0 116.0 timoniously
5048.0 5456.0 456.0 112.0 request
5680.0 5472.0 144.0 80.0 no

4124.0 5596.0 324.0 84.0 more
4516.0 5580.0 468.0 100.0 nuclear
5060.0 5580.0 448.0 116.0 testing.

4244.0 5760.0 280.0 96.0 THE
4580.0 5760.0 856.0 100.0 PRESIDENT'S
5476.0 5764.0 368.0 100.0 father

4116.0 5892.0 220.0 100.0 will
4464.0 5892.0 324.0 100.0 dwell
4904.0 5896.0 128.0 100.0 at
5156.0 5900.0 120.0 96.0 24
5384.0 5896.0 444.0 96.0 central

4116.0 6024.0 296.0 96.0 Parle
4500.0 6028.0 352.0 96.0 South
4932.0 6096.0 28.0 28.0 .
5048.0 6092.0 28.0 32.0 .
5160.0 6096.0 24.0 32.0 .
5268.0 6028.0 564.0 96.0 Socialites

4116.0 6176.0 192.0 80.0 are
4396.0 6156.0 708.0 116.0 discovering
5192.0 6156.0 252.0 100.0 that
5528.0 6160.0 116.0 96.0 U.
5732.0 6160.0 100.0 96.0 S.

4116.0 6288.0 536.0 100.0 Customs
4696.0 6292.0 400.0 108.0 agents
5144.0 6292.0 304.0 96.0 show
5496.0 6308.0 144.0 80.0 no
5684.0 6288.0 100.0 100.0 le-

4108.0 6420.0 448.0 116.0 niency.
4696.0 6424.0 236.0 92.0 One
5080.0 6420.0 244.0 96.0 well
5356.0 6468.0 44.0 28.0 -
5436.0 6420.0 392.0 100.0 known

4116.0 6552.0 248.0 104.0 (her
4420.0 6548.0 424.0 104.0 initials
4900.0 6572.0 200.0 80.0 are
5160.0 6556.0 200.0 104.0 CL)
5420.0 6552.0 216.0 100.0 will
5692.0 6552.0 132.0 96.0 be

4108.0 6680.0 320.0 100.0 fined
4540.0 6680.0 464.0 112.0 $100,000
5116.0 6684.0 176.0 100.0 for
5400.0 6680.0 420.0 120.0 alleged

4112.0 6812.0 292.0 100.0 false
4460.0 6812.0 696.0 100.0 declaration
5208.0 6884.0 24.0 24.0 .
5280.0 6884.0 32.0 28.0 .
5356.0 6884.0 32.0 28.0 .
5444.0 6812.0 380.0 112.0 Singer

4108.0 6944.0 220.0 96.0 Jan
4448.0 6948.0 476.0 108.0 Conway
5044.0 6944.0 228.0 100.0 and
5384.0 6948.0 436.0 96.0 Martha

4108.0 7076.0 400.0 112.0 Raye's
4580.0 7096.0 568.0 92.0 ex-groom
5216.0 7076.0 268.0 96.0 Nick
5552.0 7080.0 224.0 92.0 Con-

4108.0 7208.0 204.0 92.0 dos
4356.0 7228.0 196.0 80.0 are
4596.0 7208.0 384.0 116.0 steady
5028.0 7208.0 792.0 100.0 hand-holders

4112.0 7340.0 116.0 96.0 at
4284.0 7340.0 204.0 96.0 the
4544.0 7336.0 532.0 100.0 Warwick
5136.0 7408.0 188.0 32.0 ...
5380.0 7344.0 88.0 92.0 A
5528.0 7340.0 252.0 96.0 base-

4116.0 7468.0 224.0 100.0 ball
4388.0 7472.0 280.0 96.0 hero
4708.0 7468.0 92.0 96.0 Is
4840.0 7472.0 676.0 96.0 threatened
5560.0 7472.0 260.0 96.0 with

4108.0 7600.0 720.0 116.0 papaternlty
4888.0 7600.0 236.0 100.0 suit
5184.0 7604.0 288.0 96.0 from
5536.0 7624.0 64.0 76.0 a
4112.0 7600.0 1708.0 248.0 19-year-old

4672.0 7800.0 28.0 32.0 .
4748.0 7800.0 28.0 28.0 .
4828.0 7800.0 24.0 28.0 .
4908.0 7736.0 408.0 92.0 Steven
5368.0 7732.0 452.0 116.0 Phillips

4108.0 7864.0 120.0 96.0 of
4300.0 7864.0 208.0 96.0 the
4584.0 7864.0 404.0 116.0 Uppity
5064.0 7868.0 192.0 92.0 Set
5328.0 7864.0 228.0 96.0 and
5624.0 7868.0 152.0 96.0 Ca-

4108.0 7992.0 440.0 104.0 nadian
4624.0 7996.0 424.0 100.0 heiress
5128.0 8000.0 408.0 96.0 Helene
5612.0 7996.0 164.0 96.0 Du-

4112.0 8128.0 384.0 96.0 fresne
4548.0 8124.0 276.0 104.0 have
4868.0 8144.0 452.0 100.0 merger
5368.0 8128.0 112.0 96.0 in
5536.0 8124.0 284.0 104.0 their

4116.0 8256.0 396.0 100.0 hearts
4560.0 8328.0 24.0 28.0 .
4636.0 8332.0 24.0 24.0 .
4704.0 8328.0 24.0 28.0 .
4772.0 8260.0 560.0 96.0 Producer
5380.0 8260.0 124.0 92.0 D.
5552.0 8264.0 232.0 88.0 Mer-

4112.0 8388.0 332.0 96.0 rick's
4488.0 8392.0 256.0 96.0 date
4784.0 8392.0 116.0 92.0 at
4944.0 8392.0 152.0 96.0 La
5136.0 8392.0 396.0 96.0 Strada
5576.0 8392.0 256.0 96.0 East

4104.0 8540.0 228.0 80.0 was
4384.0 8524.0 304.0 92.0 Ruth
4728.0 8520.0 620.0 108.0 Batchelor,
5388.0 8520.0 428.0 100.0 H'wood

4116.0 8652.0 396.0 120.0 lovely,
4564.0 8656.0 240.0 92.0 who
4856.0 8652.0 372.0 100.0 writes
5276.0 8656.0 196.0 96.0 the
5520.0 8652.0 252.0 96.0 rock-

4112.0 8788.0 296.0 96.0 nroll
4520.0 8804.0 328.0 100.0 songs
4960.0 8784.0 184.0 100.0 for
5240.0 8784.0 196.0 100.0 the
5544.0 8784.0 280.0 100.0 Elvis

4116.0 8920.0 312.0 96.0 films
4528.0 8984.0 28.0 28.0 .
4652.0 8984.0 24.0 32.0 .
4776.0 8984.0 20.0 28.0 .
4896.0 8916.0 432.0 112.0 Mickey
5424.0 8920.0 392.0 92.0 Jelke's

4108.0 9048.0 444.0 112.0 lawyer,
4692.0 9052.0 364.0 108.0 Marty
5196.0 9044.0 620.0 120.0 Benjamin,

4104.0 9180.0 408.0 116.0 eloped
4552.0 9176.0 256.0 100.0 with
4844.0 9180.0 412.0 96.0 Marcie
5296.0 9180.0 524.0 108.0 Garfield,

4112.0 9332.0 60.0 76.0 a
4296.0 9312.0 520.0 96.0 brunette
4940.0 9316.0 480.0 92.0 stunner
5536.0 9316.0 284.0 92.0 from

4116.0 9448.0 388.0 96.0 Ocean
4568.0 9444.0 264.0 116.0 City,
4896.0 9440.0 620.0 120.0 Maryland.

4232.0 9628.0 908.0 96.0 HUNTINGTON
5216.0 9628.0 608.0 96.0 Hartford's

4108.0 9780.0 256.0 76.0 new
4488.0 9760.0 464.0 96.0 interest
5072.0 9760.0 92.0 100.0 is
5276.0 9760.0 544.0 96.0 Muriel

4116.0 9892.0 572.0 112.0 Franklin,
4732.0 9892.0 740.0 100.0 afantast
5508.0 9892.0 316.0 116.0 lcally

4108.0 10024.0 556.0 96.0 beautiful
4712.0 10020.0 656.0 116.0 17-year-old
5412.0 10024.0 412.0 96.0 actress

4108.0 10156.0 120.0 96.0 of
4364.0 10156.0 712.0 96.0 Manhattan.
5204.0 10152.0 336.0 100.0 Their
5660.0 10172.0 124.0 76.0 ro-

4108.0 10304.0 416.0 80.0 mance
4612.0 10284.0 628.0 100.0 blossomed
5324.0 10284.0 120.0 100.0 in
5528.0 10284.0 304.0 100.0 Paris

4108.0 10488.0 24.0 28.0 .
4188.0 10488.0 24.0 28.0 .
4264.0 10488.0 28.0 28.0 .
4348.0 10420.0 420.0 96.0 Cafake
4824.0 10416.0 440.0 112.0 Society
5316.0 10416.0 504.0 100.0 wonders

4112.0 10552.0 332.0 92.0 when
4524.0 10552.0 196.0 92.0 the
4792.0 10548.0 320.0 100.0 front
5188.0 10568.0 340.0 96.0 pages
5604.0 10548.0 216.0 96.0 will

4108.0 10680.0 352.0 96.0 break
4508.0 10680.0 192.0 96.0 the
4744.0 10700.0 532.0 76.0 romance
5320.0 10680.0 496.0 96.0 between

4100.0 10812.0 200.0 96.0 the
4360.0 10808.0 544.0 100.0 beautiful
4964.0 10812.0 256.0 96.0 wife
5268.0 10812.0 124.0 96.0 of
5444.0 10832.0 68.0 76.0 a
5564.0 10812.0 252.0 96.0 New

4100.0 10940.0 308.0 100.0 York
4448.0 10940.0 1044.0 100.0 multi-millionaire
5540.0 10940.0 232.0 96.0 busi-

4096.0 11092.0 548.0 80.0 nessman
4720.0 11072.0 228.0 96.0 and
5028.0 11076.0 196.0 92.0 the
5300.0 11072.0 516.0 96.0 husband

4104.0 11204.0 124.0 96.0 of
4288.0 11224.0 232.0 76.0 one
4580.0 11204.0 120.0 100.0 of
4752.0 11204.0 388.0 112.0 Italy's
5196.0 11204.0 384.0 96.0 famed
5640.0 11204.0 132.0 96.0 de-

4104.0 11336.0 444.0 112.0 signers
4608.0 11404.0 24.0 28.0 .
4696.0 11404.0 20.0 24.0 .
4780.0 11404.0 20.0 24.0 .
4868.0 11340.0 240.0 92.0 Met
5164.0 11336.0 364.0 116.0 Opera
5584.0 11336.0 232.0 96.0 star

4100.0 11464.0 540.0 96.0 Rosalind
4680.0 11464.0 288.0 100.0 Elias
5012.0 11468.0 204.0 96.0 has
5252.0 11472.0 204.0 92.0 her
5488.0 11484.0 332.0 80.0 name

4100.0 11600.0 232.0 96.0 and
4396.0 11596.0 336.0 100.0 social
4796.0 11600.0 488.0 112.0 security
5336.0 11600.0 480.0 96.0 number

4096.0 11728.0 516.0 100.0 tattooed
4700.0 11732.0 376.0 96.0 where
5172.0 11728.0 204.0 96.0 her
5468.0 11724.0 340.0 100.0 bikini

4104.0 11860.0 404.0 116.0 begins
4568.0 11932.0 24.0 24.0 .
4652.0 11928.0 24.0 32.0 .
4732.0 11928.0 24.0 28.0 .
4816.0 11864.0 340.0 112.0 Oops,
5208.0 11864.0 228.0 108.0 Beg
5484.0 11860.0 340.0 96.0 Pod'n

4096.0 11992.0 332.0 112.0 Dept:
4520.0 11992.0 100.0 96.0 It
4696.0 12008.0 224.0 80.0 was
5008.0 11996.0 280.0 92.0 Jean
5376.0 11988.0 436.0 112.0 Lochill,

4096.0 12132.0 208.0 88.0 not
4436.0 12124.0 292.0 96.0 June
4856.0 12124.0 592.0 104.0 Lockhart,
5568.0 12120.0 248.0 96.0 who

4092.0 12256.0 356.0 96.0 dated
4544.0 12256.0 320.0 96.0 Hank
4972.0 12256.0 632.0 108.0 Greenberg
5696.0 12256.0 120.0 92.0 at

4100.0 12388.0 356.0 112.0 JUly's
4508.0 12444.0 176.0 40.0 ...
4728.0 12384.0 180.0 96.0 Lis
4960.0 12384.0 404.0 112.0 Taylor
5412.0 12388.0 180.0 108.0 got
5640.0 12380.0 168.0 100.0 rid

4088.0 12516.0 124.0 96.0 of
4308.0 12516.0 216.0 96.0 her
4608.0 12516.0 864.0 116.0 avoirdupolson
5556.0 12580.0 28.0 32.0 .
5672.0 12580.0 24.0 28.0 .
5788.0 12580.0 24.0 32.0 .

4100.0 12648.0 264.0 100.0 56th
4488.0 12648.0 356.0 100.0 Street
4972.0 12652.0 536.0 100.0 (between
5628.0 12644.0 188.0 96.0 5th

4096.0 12780.0 236.0 96.0 and
4404.0 12780.0 232.0 104.0 6th)
4700.0 12800.0 228.0 76.0 was
4996.0 12780.0 176.0 96.0 hit
5236.0 12776.0 144.0 112.0 by
5440.0 12776.0 60.0 96.0 7
5564.0 12776.0 208.0 96.0 bur-

4100.0 12908.0 420.0 120.0 glaries
4588.0 12908.0 128.0 100.0 in
4808.0 12912.0 116.0 96.0 15
5020.0 12908.0 412.0 116.0 nights.

4128.0 13192.0 816.0 184.0 TABLE
5080.0 13188.0 704.0 188.0 PADS

4232.0 13420.0 312.0 92.0 HEAT
4612.0 13420.0 376.0 88.0 PROOF
5120.0 13416.0 612.0 92.0 WASHABtf

4176.0 13536.0 272.0 92.0 MCE
4524.0 13536.0 672.0 92.0 UfASURINi
5268.0 13532.0 452.0 92.0 SCHVICS

4384.0 13676.0 224.0 92.0 EVE.
4672.0 13692.0 188.0 80.0 ana
4932.0 13672.0 244.0 100.0 SAT.
5240.0 13672.0 352.0 100.0 CALLS
5700.0 13636.0 28.0 40.0 '

4292.0 13820.0 548.0 212.0 VaVco"
4972.0 13852.0 196.0 160.0 RE
5252.0 13844.0 480.0 168.0 L394I

4088.0 15528.0 724.0 160.0 DUST
4892.0 15508.0 892.0 168.0 CLOTH

4200.0 15724.0 560.0 116.0 Washable
4808.0 15744.0 156.0 100.0 up
5004.0 15728.0 116.0 96.0 to
5160.0 15712.0 156.0 108.0 20
5364.0 15712.0 312.0 104.0 timet

4196.0 15892.0 476.0 116.0 Absorbs
4716.0 15888.0 268.0 112.0 Dust

4196.0 16080.0 280.0 108.0 LASTS
4520.0 16076.0 52.0 112.0 t
4612.0 16076.0 200.0 108.0 MOS.
4864.0 16036.0 296.0 172.0 CQfc

4860.0 16208.0 296.0 76.0 MM'

5956.0 1232.0 312.0 128.0 THE
6348.0 1224.0 872.0 132.0 NEIGHBORS

6016.0 5880.0 132.0 116.0 "I
6232.0 5876.0 456.0 148.0 always
6768.0 5880.0 280.0 136.0 stay
7128.0 5876.0 284.0 144.0 four
7496.0 5872.0 736.0 140.0 car-lenghts
8320.0 5876.0 432.0 112.0 behind
8852.0 5876.0 196.0 112.0 the
9136.0 5872.0 400.0 116.0 driver

6016.0 6024.0 380.0 116.0 ahead
6636.0 6024.0 208.0 112.0 but
6928.0 6024.0 332.0 112.0 three
7336.0 6048.0 268.0 88.0 cars
7680.0 6020.0 304.0 112.0 have
8060.0 6020.0 416.0 112.0 moved
8552.0 6052.0 156.0 112.0 up
8792.0 6020.0 524.0 112.0 between
9388.0 6048.0 144.0 80.0 ita

7600.0 6160.0 376.0 116.0 now."

6432.0 6856.0 480.0 416.0 Tips
7088.0 6840.0 600.0 416.0 M

6100.0 7340.0 172.0 120.0 BV
6380.0 7360.0 364.0 96.0 ELLIS
6860.0 7352.0 720.0 100.0 RAWNSLEY

6112.0 7496.0 532.0 112.0 Enquirer
6700.0 7492.0 440.0 96.0 Garden
7204.0 7488.0 368.0 96.0 Editor

6120.0 7684.0 132.0 96.0 IT
6296.0 7676.0 484.0 104.0 WOULD
6828.0 7680.0 128.0 96.0 be
7000.0 7676.0 232.0 116.0 just
7276.0 7696.0 120.0 80.0 as
7436.0 7676.0 240.0 100.0 well

5996.0 7816.0 112.0 96.0 to
6164.0 7816.0 332.0 96.0 make
6548.0 7832.0 308.0 80.0 some
6912.0 7808.0 764.0 120.0 preparations

5996.0 7952.0 172.0 96.0 for
6252.0 7948.0 404.0 112.0 hilling
6744.0 7960.0 152.0 100.0 up
6984.0 7960.0 276.0 96.0 your
7348.0 7960.0 328.0 84.0 roses,

5988.0 8096.0 280.0 80.0 even
6320.0 8076.0 432.0 116.0 though
6804.0 8080.0 192.0 92.0 the
7044.0 8072.0 188.0 116.0 job
7280.0 8072.0 400.0 96.0 should

5992.0 8212.0 256.0 96.0 wait
6296.0 8212.0 292.0 96.0 until
6640.0 8208.0 252.0 96.0 cold
6940.0 8208.0 488.0 96.0 weather
7472.0 8204.0 204.0 100.0 has

5996.0 8364.0 312.0 84.0 come
6380.0 8344.0 120.0 96.0 to
6572.0 8344.0 276.0 108.0 stay.

6116.0 8476.0 168.0 96.0 All
6372.0 8476.0 200.0 96.0 the
6652.0 8472.0 444.0 116.0 experts
7176.0 8488.0 300.0 80.0 seem
7564.0 8468.0 116.0 96.0 to

5992.0 8604.0 136.0 100.0 be
6224.0 8604.0 404.0 116.0 agreed
6720.0 8604.0 256.0 96.0 that
7064.0 8600.0 616.0 120.0 mounding

5996.0 8740.0 188.0 96.0 the
6300.0 8736.0 412.0 100.0 bushes
6820.0 8732.0 268.0 100.0 with
7196.0 8732.0 200.0 100.0 soli
7508.0 8732.0 172.0 96.0 for

5996.0 8872.0 304.0 112.0 eight
6392.0 8872.0 120.0 92.0 to
6612.0 8868.0 108.0 96.0 12
6824.0 8864.0 380.0 100.0 Inches
7304.0 8864.0 92.0 100.0 Is
7484.0 8864.0 196.0 100.0 the

5996.0 9000.0 244.0 100.0 best
6296.0 9000.0 328.0 116.0 thing
6680.0 9004.0 120.0 92.0 to
6860.0 9000.0 168.0 108.0 do,
7092.0 8996.0 224.0 96.0 and
7376.0 9012.0 304.0 84.0 some

5992.0 9136.0 240.0 96.0 sort
6292.0 9132.0 124.0 100.0 Of
6488.0 9132.0 344.0 96.0 collar
6904.0 9128.0 428.0 100.0 around
7400.0 9128.0 276.0 96.0 each

5928.0 9268.0 348.0 100.0 shrub
6360.0 9264.0 392.0 96.0 makes
6832.0 9264.0 192.0 96.0 the
7104.0 9256.0 580.0 120.0 moulding

5996.0 9420.0 64.0 76.0 a
6132.0 9400.0 156.0 96.0 lot
6356.0 9396.0 380.0 96.0 easier.

6116.0 9556.0 240.0 100.0 One
6452.0 9552.0 388.0 116.0 expert
6928.0 9548.0 396.0 112.0 friend,
7412.0 9548.0 264.0 100.0 with

5992.0 9708.0 308.0 76.0 more
6400.0 9688.0 280.0 96.0 than
6784.0 9688.0 184.0 92.0 400
7060.0 9684.0 408.0 96.0 shrubs
7560.0 9688.0 120.0 92.0 to

5996.0 9820.0 300.0 112.0 tend,
6352.0 9820.0 392.0 96.0 makes
6800.0 9816.0 180.0 96.0 his
7032.0 9812.0 120.0 100.0 of
7208.0 9816.0 472.0 96.0 36-inch-

5936.0 9936.0 12.0 16.0 '
5996.0 9956.0 260.0 108.0 long
6340.0 9952.0 368.0 112.0 pieces
6792.0 9948.0 120.0 96.0 of
6988.0 9948.0 260.0 96.0 wire
7328.0 9948.0 344.0 96.0 mesh.

5996.0 10080.0 236.0 100.0 Roll
6284.0 10080.0 436.0 116.0 roofing
6760.0 10076.0 512.0 100.0 material
7320.0 10076.0 356.0 96.0 would

5992.0 10212.0 300.0 100.0 work
6380.0 10212.0 276.0 108.0 well,
6748.0 10212.0 216.0 108.0 too,
7052.0 10204.0 224.0 100.0 and
7364.0 10208.0 320.0 100.0 there

5996.0 10364.0 188.0 80.0 are
6248.0 10360.0 320.0 84.0 some
6628.0 10340.0 396.0 120.0 plastic
7096.0 10344.0 304.0 92.0 "rose
7464.0 10340.0 172.0 96.0 col-

5996.0 10480.0 280.0 96.0 lars"
6340.0 10496.0 148.0 76.0 on
6556.0 10476.0 192.0 96.0 the
6812.0 10472.0 444.0 100.0 market
7316.0 10472.0 88.0 100.0 If
7464.0 10492.0 212.0 100.0 you

5996.0 10632.0 212.0 80.0 can
6300.0 10604.0 248.0 100.0 find
6640.0 10608.0 344.0 96.0 them.

6112.0 10952.0 816.0 276.0 Tobe
7108.0 10960.0 604.0 364.0 Says

6112.0 11432.0 504.0 96.0 MANY'S
6720.0 11428.0 264.0 100.0 THE
7088.0 11420.0 276.0 100.0 time
7464.0 11420.0 212.0 100.0 I've

5992.0 11560.0 280.0 100.0 been
6356.0 11556.0 376.0 104.0 asked:
6820.0 11560.0 348.0 96.0 When
7252.0 11556.0 296.0 96.0 must
7624.0 11552.0 56.0 96.0 I

5992.0 11708.0 288.0 88.0 wear
6388.0 11712.0 68.0 80.0 a
6560.0 11688.0 256.0 100.0 hat?
6924.0 11692.0 184.0 116.0 My
7216.0 11704.0 456.0 80.0 answer:

5992.0 11832.0 316.0 96.0 Wear
6396.0 11844.0 64.0 80.0 a
6548.0 11824.0 204.0 96.0 hat
6832.0 11824.0 264.0 112.0 only
7180.0 11824.0 316.0 92.0 when
7588.0 11816.0 96.0 100.0 it

5988.0 11960.0 440.0 100.0 flatters
6504.0 11976.0 212.0 96.0 you
6992.0 11948.0 224.0 100.0 and
7292.0 11952.0 384.0 96.0 makes

5988.0 12108.0 212.0 100.0 you
6264.0 12088.0 260.0 100.0 look
6592.0 12084.0 460.0 120.0 prettier
7112.0 12084.0 280.0 96.0 than
7464.0 12100.0 212.0 100.0 you

5992.0 12228.0 140.0 92.0 do
6224.0 12220.0 472.0 100.0 without
6788.0 12236.0 64.0 80.0 a
6948.0 12220.0 228.0 96.0 hat.
7276.0 12220.0 184.0 96.0 It's
7552.0 12232.0 128.0 80.0 as

5992.0 12352.0 400.0 120.0 simple
6452.0 12372.0 124.0 80.0 as
6632.0 12352.0 280.0 96.0 that.

6108.0 12488.0 228.0 92.0 But
6488.0 12488.0 320.0 92.0 there
6960.0 12500.0 192.0 80.0 are
7308.0 12496.0 368.0 96.0 many,

5984.0 12636.0 344.0 96.0 many
6440.0 12616.0 564.0 100.0 flatterers
7112.0 12612.0 228.0 100.0 tills
7444.0 12632.0 188.0 80.0 sea-

5988.0 12768.0 240.0 92.0 son,
6352.0 12748.0 600.0 116.0 especially
7076.0 12744.0 196.0 96.0 fur
7392.0 12744.0 284.0 96.0 hats,

5992.0 12888.0 316.0 92.0 wear
6372.0 12896.0 276.0 100.0 your
6708.0 12880.0 188.0 96.0 fur
6956.0 12876.0 208.0 96.0 hat
7220.0 12892.0 280.0 92.0 now,
7560.0 12876.0 116.0 96.0 to

5988.0 13012.0 312.0 100.0 dress
6388.0 13028.0 152.0 100.0 up
6620.0 13028.0 280.0 100.0 your
6972.0 13008.0 204.0 96.0 fall
7256.0 13004.0 224.0 104.0 suit
7552.0 13024.0 132.0 80.0 or

5988.0 13148.0 116.0 96.0 to
6148.0 13148.0 240.0 112.0 give
6432.0 13144.0 232.0 112.0 just
6704.0 13144.0 196.0 96.0 the
6944.0 13140.0 300.0 116.0 right
7288.0 13140.0 392.0 96.0 accent

5988.0 13276.0 112.0 100.0 to
6160.0 13296.0 144.0 76.0 an
6364.0 13276.0 456.0 116.0 elegant
6876.0 13272.0 552.0 100.0 after-five
7488.0 13292.0 140.0 76.0 en

5984.0 13408.0 448.0 100.0 semble.

6100.0 13544.0 144.0 96.0 At
6340.0 13536.0 476.0 104.0 cocktail
6920.0 13536.0 416.0 120.0 parties
7440.0 13532.0 224.0 100.0 and

5980.0 13680.0 692.0 92.0 restaurants
6732.0 13676.0 204.0 92.0 I'm
7000.0 13672.0 232.0 96.0 also
7300.0 13668.0 316.0 112.0 begin-

5972.0 13804.0 280.0 116.0 ning
6288.0 13808.0 128.0 92.0 to
6472.0 13824.0 184.0 80.0 see
6708.0 13820.0 308.0 80.0 more
7072.0 13800.0 228.0 100.0 and
7352.0 13820.0 308.0 80.0 more

5968.0 13936.0 124.0 100.0 of
6200.0 13940.0 476.0 92.0 another
6784.0 13932.0 576.0 116.0 flattering
7460.0 13932.0 204.0 100.0 hat

5972.0 14068.0 448.0 100.0 fashion
6704.0 14068.0 324.0 96.0 sheer
7168.0 14060.0 496.0 120.0 veilings,

5972.0 14204.0 332.0 96.0 tulles
6440.0 14200.0 224.0 100.0 and
6796.0 14200.0 292.0 100.0 laces
7220.0 14200.0 120.0 96.0 in
7464.0 14204.0 200.0 92.0 the

5972.0 14340.0 508.0 116.0 prettiest
6588.0 14336.0 260.0 100.0 hats
6952.0 14332.0 704.0 116.0 imaginable.

5976.0 14472.0 344.0 96.0 You'll
6400.0 14472.0 128.0 96.0 be
6604.0 14472.0 376.0 112.0 seeing
7052.0 14484.0 308.0 88.0 more
7432.0 14464.0 228.0 96.0 and

5972.0 14624.0 300.0 80.0 more
6368.0 14604.0 124.0 96.0 of
6584.0 14604.0 316.0 92.0 these
6992.0 14616.0 328.0 100.0 every
7412.0 14600.0 240.0 116.0 day,

5968.0 14740.0 196.0 96.0 I'm
6248.0 14752.0 288.0 80.0 sure.

5968.0 14976.0 660.0 188.0 Interns'
6728.0 14976.0 544.0 180.0 Wives

6092.0 15236.0 792.0 104.0 CINCINNATI
6992.0 15228.0 668.0 104.0 General

5972.0 15372.0 596.0 116.0 Hospital's
6624.0 15372.0 384.0 96.0 Intern
7076.0 15368.0 228.0 96.0 and
7364.0 15364.0 248.0 100.0 Resi-

5976.0 15508.0 272.0 96.0 dent
6312.0 15504.0 356.0 96.0 Wives
6732.0 15500.0 276.0 100.0 Club
7076.0 15500.0 216.0 100.0 will
7360.0 15500.0 300.0 96.0 meet

5976.0 15640.0 116.0 96.0 at
6148.0 15640.0 56.0 96.0 8
6268.0 15656.0 100.0 96.0 p.
6436.0 15656.0 140.0 76.0 m.
6640.0 15632.0 580.0 116.0 Thursday
7284.0 15632.0 112.0 96.0 in
7460.0 15636.0 200.0 92.0 the

5972.0 15772.0 316.0 96.0 Mont
6380.0 15768.0 268.0 96.0 Reld
6752.0 15768.0 400.0 108.0 lounge
7252.0 15768.0 120.0 96.0 at
7464.0 15768.0 192.0 96.0 the

5972.0 15900.0 512.0 116.0 hospital.
6632.0 15900.0 256.0 96.0 Mrs.
7004.0 15900.0 312.0 112.0 Mary
7432.0 15896.0 220.0 96.0 Lou

5972.0 16040.0 216.0 96.0 Duf
6200.0 16036.0 180.0 112.0 fey
6424.0 16032.0 220.0 96.0 will
6692.0 16028.0 464.0 120.0 preside.
7236.0 16032.0 88.0 92.0 A
7360.0 16024.0 300.0 104.0 book

5972.0 16168.0 392.0 100.0 review
6404.0 16164.0 220.0 100.0 will
6672.0 16164.0 132.0 96.0 be
6856.0 16164.0 320.0 116.0 given
7220.0 16160.0 136.0 116.0 by
7396.0 16164.0 260.0 96.0 Mrs.

5968.0 16304.0 120.0 96.0 O.
6160.0 16300.0 116.0 96.0 C.
6348.0 16296.0 748.0 120.0 Sappenfield.
7200.0 16292.0 460.0 100.0 Plans

5968.0 16432.0 212.0 96.0 will
6284.0 16428.0 144.0 100.0 be
6520.0 16428.0 572.0 100.0 discussed
7192.0 16428.0 176.0 96.0 for
7456.0 16428.0 204.0 96.0 the

5972.0 16568.0 340.0 96.0 club's
6388.0 16564.0 308.0 96.0 main
6772.0 16560.0 428.0 116.0 project
7264.0 16560.0 120.0 96.0 of
7456.0 16560.0 204.0 100.0 the

5968.0 16716.0 292.0 100.0 year,
6336.0 16716.0 68.0 76.0 a
6480.0 16692.0 620.0 104.0 Christmas
7172.0 16696.0 288.0 92.0 treat
7536.0 16700.0 120.0 92.0 to

5972.0 16856.0 64.0 76.0 a
6100.0 16828.0 368.0 116.0 needy
6536.0 16828.0 416.0 112.0 family.

5948.0 17072.0 848.0 192.0 Marriage
6908.0 17068.0 756.0 168.0 Licenses

6052.0 17308.0 276.0 76.0 lltiwrd
6396.0 17312.0 192.0 76.0 Hot.
6652.0 17312.0 112.0 76.0 5,
6832.0 17308.0 180.0 72.0 2714
7072.0 17304.0 292.0 76.0 IViil'
7468.0 17308.0 200.0 80.0 Avt.,

5956.0 17412.0 416.0 60.0 IfptfV'Wf.
6480.0 17400.0 84.0 72.0 n4
6620.0 17392.0 368.0 72.0 CMirint
7040.0 17392.0 80.0 68.0 V.
7184.0 17388.0 304.0 84.0 lUlttflh,
7540.0 17392.0 128.0 76.0 54,

5956.0 17480.0 180.0 76.0 J877
6196.0 17480.0 88.0 64.0 W.
6344.0 17480.0 232.0 72.0 Totr
6632.0 17476.0 164.0 68.0 Avi.
6884.0 17480.0 336.0 68.0 rrpertn.

6136.0 17560.0 256.0 80.0 ynonl
6484.0 17560.0 72.0 72.0 C.
6656.0 17552.0 256.0 76.0 Mwck.
7004.0 17560.0 124.0 68.0 39,
7236.0 17556.0 176.0 72.0 1257
7512.0 17548.0 152.0 72.0 Hiff

5956.0 17644.0 188.0 72.0 Ave.,
6200.0 17640.0 396.0 76.0 machinist,
6692.0 17644.0 96.0 64.0 n4
6836.0 17640.0 356.0 72.0 Mrgrtt
7240.0 17644.0 76.0 60.0 A.
7364.0 17636.0 304.0 80.0 Onow,

5952.0 17728.0 116.0 72.0 34,
6128.0 17724.0 184.0 72.0 J234
6360.0 17724.0 236.0 68.0 Mom
6652.0 17724.0 192.0 88.0 Aw.,
6900.0 17720.0 272.0 76.0 tKtwv
7224.0 17720.0 288.0 68.0 worker.

6048.0 17804.0 320.0 76.0 Aflrhoffy
6428.0 17808.0 84.0 64.0 M.
6588.0 17788.0 312.0 88.0 Innili.
6956.0 17800.0 120.0 76.0 "22.
7152.0 17800.0 180.0 76.0 1130
7388.0 17800.0 272.0 72.0 Ptmeli

5952.0 17884.0 136.0 80.0 Dr.,
6148.0 17888.0 372.0 72.0 slvTn.
6628.0 17888.0 88.0 64.0 nd
6780.0 17884.0 252.0 76.0 Phyltti
7092.0 17880.0 80.0 72.0 6.
7228.0 17888.0 76.0 68.0 A.
7368.0 17876.0 296.0 84.0 Dintltr,

5964.0 17968.0 100.0 88.0 19,
6124.0 17968.0 188.0 72.0 3926
6424.0 17972.0 180.0 68.0 iwr
6748.0 17964.0 140.0 76.0 Hi..
7028.0 17972.0 296.0 68.0 crUry.

6048.0 18048.0 268.0 72.0 Vtrnon
6372.0 18028.0 72.0 92.0 I.
6520.0 18048.0 196.0 68.0 Elder
6812.0 18048.0 108.0 72.0 26.
6992.0 18044.0 92.0 68.0 RK
7160.0 18044.0 68.0 76.0 2.
7296.0 18040.0 96.0 80.0 Oil
7408.0 18044.0 252.0 80.0 litem,

5956.0 18132.0 168.0 76.0 ld.,
6228.0 18132.0 352.0 64.0 ;ctrlcitn
6668.0 18128.0 132.0 68.0 tnd
6852.0 18128.0 380.0 72.0 Marctlint
7276.0 18132.0 96.0 64.0 M.
7416.0 18132.0 244.0 72.0 Knne,

5952.0 18216.0 88.0 76.0 23
6140.0 18216.0 184.0 68.0 1635
6384.0 18220.0 144.0 64.0 Ko
6636.0 18208.0 124.0 80.0 St..
6824.0 18212.0 420.0 72.0 beHlKXi.

6048.0 18296.0 308.0 72.0 Kenneth
6432.0 18296.0 60.0 68.0 I.
6572.0 18296.0 248.0 72.0 Hutxr.
6888.0 18296.0 112.0 72.0 23.
7068.0 18296.0 84.0 64.0 61
7184.0 18292.0 76.0 72.0 H
7328.0 18288.0 332.0 80.0 SunridM

5952.0 18376.0 128.0 76.0 Dr..
6172.0 18380.0 48.0 72.0 U
6344.0 18376.0 64.0 72.0 S.
6504.0 18376.0 216.0 72.0 Armv.
6864.0 18376.0 88.0 64.0 nt
7044.0 18372.0 136.0 76.0 Sue
7264.0 18380.0 184.0 72.0 May,
7536.0 18372.0 124.0 80.0 22,

5952.0 18460.0 184.0 76.0 3274
6196.0 18456.0 200.0 76.0 IlHM
6452.0 18452.0 132.0 80.0 Cl..
6648.0 18468.0 304.0 60.0 TMCher.

6044.0 18540.0 260.0 72.0 Doneld
6396.0 18544.0 56.0 68.0 J.
6548.0 18540.0 196.0 68.0 Heni.
6840.0 18540.0 84.0 68.0 24
7040.0 18536.0 144.0 76.0 OJ5
7272.0 18536.0 388.0 72.0 Woo-ti.wn

5948.0 18624.0 192.0 76.0 Ave.,
6228.0 18636.0 356.0 64.0 ensineer,
6680.0 18616.0 132.0 76.0 end
6904.0 18620.0 212.0 68.0 He'tn
7208.0 18616.0 68.0 72.0 It.
7372.0 18620.0 252.0 68.0 Wwifl-

5948.0 18704.0 252.0 72.0 becntr
6304.0 18704.0 100.0 76.0 19.
6456.0 18700.0 208.0 76.0 i960
6724.0 18704.0 140.0 72.0 Dev
6928.0 18704.0 152.0 76.0 Sd..
7140.0 18708.0 368.0 68.0 letretery.

6048.0 18788.0 284.0 72.0 Ihomei
6404.0 18780.0 64.0 80.0 C.
6552.0 18788.0 304.0 68.0 Meeker.
6936.0 18784.0 112.0 72.0 28,
7132.0 18784.0 188.0 72.0 7029
7388.0 18780.0 272.0 72.0 Sritfwi

5948.0 18868.0 188.0 80.0 Avt.,
6224.0 18872.0 448.0 68.0 eccountent,
6752.0 18868.0 136.0 68.0 end
6964.0 18872.0 208.0 68.0 Jenef
7252.0 18868.0 92.0 64.0 M.
7428.0 18864.0 236.0 80.0 leder,

5944.0 18952.0 96.0 72.0 20
6128.0 18948.0 172.0 72.0 7111
6380.0 18948.0 348.0 72.0 Devewert
6788.0 18952.0 192.0 72.0 Ave.,
7040.0 18956.0 376.0 64.0 jecrerenr.

6044.0 19024.0 312.0 76.0 Kenneth
6452.0 19028.0 64.0 72.0 S.
6620.0 19028.0 284.0 68.0 Leiitier
7024.0 19028.0 116.0 72.0 30.
7240.0 19028.0 140.0 68.0 420
7472.0 19028.0 192.0 64.0 Hew.

5948.0 19112.0 248.0 68.0 thorne
6260.0 19116.0 200.0 72.0 Avt.,
6536.0 19116.0 252.0 68.0 recruit
6860.0 19108.0 328.0 76.0 ftrtmen.
7256.0 19108.0 132.0 68.0 end
7464.0 19112.0 196.0 76.0 Mary

5944.0 19196.0 96.0 72.0 M.
6112.0 19192.0 256.0 92.0 trliry.
6440.0 19192.0 116.0 76.0 22.
6628.0 19192.0 188.0 76.0 2862
6884.0 19192.0 304.0 72.0 Cnrtieim
7252.0 19196.0 160.0 72.0 Ave.

6040.0 19268.0 288.0 80.0 ticSerd
6420.0 19276.0 348.0 76.0 Ammen,
6860.0 19276.0 116.0 72.0 21.
7064.0 19276.0 196.0 68.0 9244
7348.0 19268.0 312.0 72.0 Hembler

5952.0 19352.0 132.0 80.0 Dr.,
6140.0 19360.0 124.0 72.0 dor
6324.0 19356.0 160.0 72.0 well
6540.0 19360.0 504.0 72.0 construction,
7108.0 19356.0 132.0 72.0 end
7300.0 19356.0 228.0 76.0 Hency
7592.0 19356.0 60.0 68.0 L

5948.0 19424.0 244.0 92.0 tVetn.
6264.0 19436.0 112.0 80.0 18.
6432.0 19436.0 184.0 72.0 4734
6680.0 19444.0 344.0 64.0 Hemiiton
7088.0 19440.0 160.0 68.0 Ave.

6048.0 19516.0 256.0 76.0 DWd
6416.0 19516.0 276.0 72.0 leader.
6808.0 19520.0 112.0 72.0 26.
7028.0 19516.0 192.0 76.0 5309
7320.0 19516.0 336.0 68.0 Ce-thee

5948.0 19600.0 188.0 76.0 Ave.,
6236.0 19600.0 272.0 76.0 fectery
6608.0 19596.0 288.0 76.0 worker,
6996.0 19604.0 132.0 68.0 rd
7228.0 19600.0 236.0 72.0 Grace
7564.0 19604.0 92.0 64.0 M.

5952.0 19684.0 196.0 72.0 lane.
6256.0 19680.0 92.0 80.0 23
6476.0 19684.0 188.0 72.0 4204
6764.0 19680.0 216.0 72.0 f'orel
7088.0 19684.0 196.0 72.0 Ave.,
7384.0 19684.0 276.0 72.0 tecronf

5948.0 19768.0 292.0 68.0 worker.

6044.0 19848.0 160.0 68.0 Paul
6264.0 19844.0 68.0 72.0 S.
6388.0 19844.0 232.0 80.0 Enole,
6672.0 19840.0 92.0 72.0 27
6840.0 19844.0 180.0 76.0 7328
7076.0 19840.0 332.0 72.0 Overman
7460.0 19844.0 200.0 76.0 Ave..

5948.0 19924.0 332.0 72.0 Norwood
6372.0 19932.0 216.0 68.0 clerk,
6660.0 19924.0 136.0 72.0 and
6864.0 19928.0 344.0 72.0 rrWoe'et
7276.0 19928.0 88.0 68.0 W.
7432.0 19928.0 44.0 68.0 K
7516.0 19944.0 140.0 56.0 en.

5948.0 20008.0 108.0 76.0 21,
6160.0 20008.0 200.0 76.0 5250
6464.0 20016.0 472.0 68.0 Uorsteomarv
7044.0 20004.0 148.0 80.0 ltd.,
7296.0 20000.0 360.0 84.0 ttforwood,

5956.0 20076.0 140.0 88.0 IBM
6156.0 20096.0 348.0 68.0 ooeretor.

6040.0 20176.0 164.0 68.0 ;eck
6312.0 20168.0 440.0 76.0 tvitewieid.
6792.0 20220.0 24.0 32.0 ,
6860.0 20168.0 88.0 76.0 33
7080.0 20168.0 140.0 72.0 209
7316.0 20172.0 340.0 68.0 A'nson

5948.0 20248.0 124.0 84.0 St.,
6144.0 20252.0 204.0 68.0 truck
6420.0 20260.0 224.0 60.0 driver
6788.0 20264.0 88.0 52.0 na
6948.0 20252.0 208.0 68.0 Rome
7232.0 20256.0 56.0 68.0 J.
7364.0 20256.0 292.0 76.0 Wllitlt,

5956.0 20332.0 104.0 72.0 19.
6112.0 20332.0 196.0 80.0 4625
6360.0 20336.0 168.0 64.0 fehr
6580.0 20328.0 148.0 84.0 Rd..
6780.0 20336.0 244.0 68.0 binder
7124.0 20340.0 256.0 60.0 worker

6040.0 20416.0 200.0 72.0 Ptier
6324.0 20416.0 396.0 72.0 Marschail.
6812.0 20420.0 132.0 68.0 233
7060.0 20416.0 140.0 64.0 427
7336.0 20420.0 320.0 64.0 Harrison

5944.0 20496.0 192.0 76.0 Avt..
6196.0 20512.0 356.0 60.0 enairnver,
6616.0 20492.0 136.0 72.0 and
6808.0 20496.0 336.0 68.0 Kathleen
7204.0 20496.0 72.0 68.0 A.
7340.0 20496.0 312.0 72.0 SinDh.

5944.0 20580.0 92.0 72.0 24
6132.0 20580.0 168.0 72.0 1751
6380.0 20580.0 272.0 72.0 lincoin
6708.0 20584.0 200.0 76.0 Ave..
6968.0 20576.0 356.0 76.0 Morwood.
7388.0 20592.0 268.0 56.0 atrnct

5948.0 20664.0 572.0 68.0 retvtsentative.

6044.0 20740.0 208.0 72.0 Bevid
6304.0 20728.0 76.0 84.0 L
6436.0 20748.0 164.0 64.0 toe.
6656.0 20736.0 120.0 84.0 21,
6824.0 20736.0 192.0 76.0 7720
7064.0 20732.0 348.0 76.0 Wirtdwey
7464.0 20740.0 188.0 76.0 Way.

5944.0 20824.0 416.0 80.0 purchasing
6428.0 20828.0 236.0 68.0 atent,
6728.0 20824.0 132.0 68.0 and
6924.0 20824.0 232.0 72.0 Nancy
7220.0 20824.0 88.0 64.0 M.
7372.0 20824.0 280.0 76.0 Arncrd.

5944.0 20904.0 108.0 72.0 20.
6104.0 20904.0 200.0 76.0 6016
6352.0 20908.0 348.0 68.0 Yosem'tt
6744.0 20908.0 196.0 76.0 Ave.,
6992.0 20900.0 460.0 72.0 twokkeeoer.

6036.0 20988.0 276.0 68.0 Werner
6376.0 20988.0 64.0 68.0 f.
6516.0 20992.0 220.0 68.0 Huh".
6804.0 20988.0 112.0 72.0 M.
6980.0 20988.0 196.0 72.0 2503
7240.0 20988.0 412.0 72.0 AeterHtria

5944.0 21064.0 128.0 88.0 PI.,
6132.0 21068.0 412.0 76.0 ieutrigatt,
6608.0 21068.0 344.0 72.0 insotctor
7036.0 21072.0 136.0 76.0 and
7232.0 21064.0 288.0 76.0 PtlrKit
7584.0 21068.0 68.0 68.0 L.

5948.0 21128.0 348.0 96.0 Ho'tmen.
6360.0 21148.0 120.0 80.0 27.
6540.0 21148.0 192.0 68.0 4315
6796.0 21148.0 276.0 72.0 iUxr"e
7136.0 21152.0 28.0 64.0 f

6040.0 21224.0 284.0 76.0 rrwmae
6392.0 21236.0 64.0 68.0 J.
6524.0 21228.0 336.0 76.0 Drertinf,
6924.0 21228.0 96.0 72.0 25
7112.0 21232.0 192.0 72.0 6560
7364.0 21224.0 288.0 72.0 Cheviot

5944.0 21304.0 144.0 80.0 HI.
6196.0 21316.0 204.0 64.0 radar
6504.0 21328.0 408.0 56.0 reoairman.
7016.0 21320.0 136.0 60.0 and
7256.0 21308.0 212.0 76.0 Susan
7572.0 21312.0 76.0 68.0 K.

5940.0 21392.0 280.0 68.0 Darling
6316.0 21392.0 112.0 72.0 22.
6500.0 21392.0 184.0 72.0 5424
6748.0 21392.0 296.0 68.0 Head".
7168.0 21388.0 92.0 76.0 d..
7320.0 21408.0 228.0 52.0 nurse.

6032.0 21468.0 252.0 76.0 Harohj
6352.0 21476.0 208.0 76.0 Wait,
6628.0 21476.0 116.0 72.0 32.
6820.0 21472.0 176.0 72.0 1205
7060.0 21468.0 380.0 76.0 Geeesbeck
7608.0 21520.0 48.0 24.0 ..

5984.0 21560.0 336.0 68.0 eienin.
6380.0 21564.0 132.0 68.0 end
6572.0 21548.0 288.0 72.0 Ceroivri
6924.0 21560.0 304.0 72.0 Nocbaov.
7284.0 21556.0 120.0 72.0 23.
7456.0 21556.0 196.0 76.0 5624

5944.0 21636.0 308.0 72.0 Semont
6320.0 21636.0 188.0 72.0 Ave.,
6568.0 21652.0 112.0 60.0 sec
6696.0 21652.0 224.0 52.0 '-'.

6036.0 21724.0 164.0 60.0 Jack
6300.0 21716.0 296.0 84.0 Dervron,
6700.0 21720.0 112.0 68.0 26.
6912.0 21716.0 136.0 80.0 30J
7148.0 21716.0 236.0 68.0 Walnu
7524.0 21712.0 124.0 76.0 Sr.

5944.0 21796.0 336.0 76.0 plomtver.
6352.0 21800.0 136.0 68.0 and
6564.0 21800.0 300.0 72.0 Doro.'.y
6936.0 21800.0 312.0 72.0 p-i:.os.
7320.0 21800.0 116.0 72.0 30.
7508.0 21796.0 144.0 72.0 308

5944.0 21884.0 108.0 64.0 Wa
6088.0 21888.0 120.0 60.0 nut
6276.0 21872.0 128.0 80.0 St..
6468.0 21880.0 364.0 72.0 Crnwooo.

6044.0 21956.0 152.0 76.0 Paid
6304.0 21956.0 204.0 76.0 Kilns
6640.0 21964.0 84.0 60.0 19
6848.0 21960.0 68.0 68.0 11
7068.0 21960.0 76.0 64.0 W
7268.0 21960.0 160.0 68.0 15rh
7524.0 21956.0 128.0 80.0 St..

5948.0 22044.0 388.0 72.0 rwcuroist.
6408.0 22040.0 132.0 72.0 and
6612.0 22040.0 200.0 80.0 Inty
6880.0 22044.0 64.0 72.0 L
7008.0 22044.0 208.0 76.0 tack,
7292.0 22044.0 100.0 72.0 i.
7456.0 22044.0 92.0 72.0 32
7572.0 22044.0 12.0 52.0 1

5948.0 22124.0 84.0 64.0 W.
6100.0 22128.0 40.0 68.0 8
6288.0 22120.0 124.0 80.0 St.,
6472.0 22132.0 308.0 64.0 atudem.

6036.0 22188.0 264.0 88.0 GeVga
6372.0 22204.0 68.0 68.0 A.
6520.0 22212.0 272.0 68.0 lorstn,
6860.0 22212.0 112.0 68.0 46.
7044.0 22200.0 152.0 72.0 '10
7260.0 22204.0 188.0 72.0 Plir-t
7516.0 22196.0 132.0 84.0 St.,

5944.0 22300.0 256.0 60.0 fennce
6288.0 22288.0 176.0 76.0 hgt
6544.0 22308.0 180.0 52.0 man.
6812.0 22304.0 72.0 52.0 ar
7024.0 22284.0 256.0 72.0 Seuiah
7360.0 22288.0 288.0 76.0 Wester,

5944.0 22364.0 88.0 76.0 28
6116.0 22364.0 192.0 72.0 4t07
6368.0 22368.0 280.0 72.0 Eastern
6708.0 22372.0 132.0 64.0 Ave
6956.0 22376.0 296.0 60.0 matt.

6036.0 22448.0 264.0 76.0 Gaorgt
6356.0 22448.0 76.0 72.0 8.
6492.0 22452.0 496.0 68.0 werkenorKk
7080.0 22448.0 112.0 72.0 29.
7252.0 22448.0 184.0 72.0 ?"6
7492.0 22452.0 156.0 64.0 Hat.

5936.0 22544.0 148.0 52.0 ma,
6100.0 22548.0 72.0 48.0 a.
6252.0 22536.0 140.0 64.0 Avt
6524.0 22548.0 328.0 56.0 p-trmrer.
6936.0 22528.0 136.0 68.0 end
7220.0 22540.0 268.0 64.0 erseret
7568.0 22528.0 76.0 72.0 A.

5940.0 22612.0 356.0 76.0 fefovrm.
6368.0 22612.0 112.0 76.0 27.
6552.0 22616.0 192.0 68.0 442
6816.0 22612.0 276.0 68.0 Eestarn
7164.0 22620.0 184.0 64.0 Ave..
7424.0 22624.0 220.0 56.0 tKre.

5944.0 22700.0 144.0 64.0 ta'v
6192.0 22756.0 16.0 8.0 .

6112.0 22768.0 220.0 72.0 .llkm
6404.0 22776.0 472.0 68.0 Wethinton.
6960.0 22772.0 112.0 72.0 20.
7152.0 22772.0 140.0 72.0 372
7364.0 22772.0 284.0 76.0 Armory

5940.0 22852.0 188.0 76.0 Ave.,
6188.0 22860.0 272.0 68.0 tactsry
6512.0 22864.0 260.0 64.0 sro-tr
6856.0 22856.0 132.0 68.0 and
7048.0 22852.0 184.0 72.0 Erttel
7288.0 22860.0 356.0 68.0 Mu-dock.

5952.0 22936.0 100.0 72.0 18.
6120.0 22932.0 168.0 72.0 1341
6352.0 22940.0 176.0 64.0 John
6584.0 22940.0 100.0 72.0 St.

6036.0 23024.0 228.0 64.0 Jemes
6328.0 23024.0 316.0 68.0 t'Cvdus
6732.0 23016.0 116.0 76.0 50.
6912.0 23016.0 136.0 72.0 224
7108.0 23020.0 284.0 68.0 Ehrmen
7448.0 23020.0 140.0 72.0 Ave
7624.0 23072.0 20.0 24.0 ,

5940.0 23100.0 236.0 76.0 he:oer
6300.0 23108.0 136.0 64.0 e"d
6532.0 23100.0 240.0 72.0 Cteora
6872.0 23096.0 316.0 80.0 5artdrs.
7288.0 23108.0 116.0 64.0 46.
7500.0 23104.0 144.0 72.0 224

5940.0 23180.0 288.0 72.0 fivman
6292.0 23188.0 160.0 68.0 Avt.

6028.0 23260.0 256.0 72.0 Claude
6384.0 23268.0 228.0 64.0 Veoce
6736.0 23264.0 112.0 72.0 2t.
6944.0 23264.0 188.0 72.0 4'23
7232.0 23264.0 416.0 68.0 teMdnw-g

5940.0 23340.0 184.0 80.0 Ave.,
6212.0 23348.0 296.0 60.0 imeman
6616.0 23352.0 132.0 64.0 ged
6824.0 23332.0 280.0 88.0 julv'e
7176.0 23352.0 468.0 72.0 AVLeugiMB,

5936.0 23424.0 112.0 80.0 20.
6116.0 23424.0 188.0 72.0 4555
6364.0 23428.0 256.0 68.0 Conrjf
6688.0 23428.0 84.0 72.0 (d
6812.0 23480.0 16.0 20.0 ,
6888.0 23444.0 160.0 52.0 ca-f
7116.0 23444.0 252.0 48.0 wo'er

6028.0 23504.0 176.0 72.0 John
6256.0 23508.0 96.0 68.0 M.
6404.0 23508.0 280.0 72.0 Poiand.
6740.0 23516.0 88.0 64.0 40
6900.0 23508.0 176.0 72.0 6881
7140.0 23512.0 96.0 72.0 0a
7316.0 23508.0 128.0 68.0 e-d
7496.0 23504.0 148.0 84.0 td.,

5936.0 23584.0 176.0 72.0 love
6140.0 23588.0 156.0 72.0 and.
6368.0 23588.0 100.0 64.0 tie
6504.0 23596.0 36.0 60.0 rj
6608.0 23612.0 40.0 48.0 a
6772.0 23608.0 120.0 44.0 r-ee
7024.0 23596.0 136.0 60.0 and
7228.0 23596.0 256.0 64.0 haame
7568.0 23596.0 72.0 64.0 A.

5936.0 23668.0 232.0 72.0 Keorer
6268.0 23672.0 84.0 72.0 31
6452.0 23672.0 144.0 76.0 918
6660.0 23672.0 344.0 72.0 Rei.wood
7068.0 23676.0 144.0 72.0 fir.,
7276.0 23680.0 172.0 60.0 iove
7480.0 23692.0 164.0 60.0 ano,

5928.0 23768.0 92.0 52.0 co
6048.0 23764.0 16.0 48.0 i
6128.0 23760.0 292.0 64.0 winder.

6032.0 23840.0 200.0 72.0 tawy
6280.0 23832.0 40.0 68.0 T
6404.0 23836.0 212.0 68.0 toro
6736.0 23836.0 112.0 72.0 20.
6896.0 23836.0 196.0 68.0 f'O
7140.0 23836.0 184.0 68.0 Jedw
7356.0 23848.0 40.0 44.0 n
7444.0 23836.0 144.0 72.0 Ave
7624.0 23892.0 16.0 16.0 .

5924.0 23912.0 284.0 156.0 Ilerer.
6280.0 23912.0 140.0 76.0 gnd
6488.0 23920.0 204.0 68.0 ianet
6760.0 23920.0 72.0 60.0 A.
6908.0 23912.0 336.0 72.0 Sotsert.
7324.0 23916.0 104.0 72.0 19.
7496.0 23916.0 144.0 72.0 3:2

5984.0 24048.0 8.0 8.0 .
6072.0 23996.0 268.0 68.0 8ecn
6424.0 23992.0 120.0 76.0 St..
6624.0 24004.0 296.0 64.0 teeoiis
7028.0 24016.0 84.0 44.0 sr.
7148.0 24004.0 244.0 60.0 rereTr.

6024.0 24076.0 180.0 64.0 Amz.
6304.0 24076.0 176.0 72.0 Grey
6580.0 24080.0 116.0 72.0 K.
6800.0 24076.0 104.0 72.0 20,
7016.0 24076.0 120.0 68.0 141
7244.0 24080.0 164.0 64.0 f.'sl
7508.0 24072.0 128.0 80.0 St..

5924.0 24156.0 384.0 72.0 Acktrs'oei.
6392.0 24168.0 292.0 68.0 larrere',
6752.0 24164.0 136.0 64.0 end
6956.0 24156.0 264.0 76.0 Snaron
7288.0 24160.0 68.0 60.0 K.
7436.0 24156.0 196.0 76.0 tost.

5940.0 24232.0 76.0 72.0 17
6104.0 24240.0 92.0 60.0 et
6260.0 24236.0 68.0 76.0 2.
6384.0 24240.0 36.0 72.0 C
6460.0 24256.0 156.0 52.0 eves

6020.0 24320.0 264.0 68.0 Mevin
6344.0 24316.0 64.0 72.0 t.
6472.0 24324.0 188.0 68.0 Dcn
6752.0 24320.0 116.0 72.0 Jl,
6928.0 24320.0 192.0 68.0 4470
7176.0 24324.0 244.0 64.0 Kue'er
7564.0 24320.0 68.0 68.0 ;'t

5924.0 24396.0 96.0 72.0 tS
6056.0 24460.0 12.0 12.0 .
6136.0 24404.0 276.0 68.0 farrn-v
6468.0 24416.0 292.0 60.0 trcarr.
6820.0 24412.0 132.0 60.0 a-d
7012.0 24404.0 96.0 64.0 &a
7144.0 24404.0 12.0 60.0 i
7224.0 24404.0 200.0 64.0 TesrS
7516.0 24404.0 116.0 72.0 23.

5928.0 24480.0 180.0 72.0 5.'54
6184.0 24484.0 288.0 68.0 to-stae.
6544.0 24488.0 168.0 64.0 Ave.
6816.0 24484.0 360.0 72.0 florwood.
7252.0 24480.0 380.0 72.0 reais-erad

5928.0 24580.0 208.0 52.0 Burst

6020.0 24652.0 364.0 72.0 W-vai
6460.0 24644.0 152.0 72.0 lott
6720.0 24644.0 88.0 72.0 24
6908.0 24648.0 248.0 64.0 r-e-ch
7228.0 24648.0 88.0 60.0 He
7356.0 24644.0 40.0 72.0 !.
7476.0 24648.0 156.0 64.0 0i-

5920.0 24736.0 264.0 64.0 yervty
6248.0 24748.0 44.0 44.0 o
6384.0 24728.0 152.0 68.0 Cine
6580.0 24740.0 188.0 56.0 -ier-
6864.0 24736.0 280.0 60.0 sruor-.
7236.0 24736.0 136.0 56.0 e"fl
7440.0 24732.0 188.0 68.0 Inge-
7696.0 24744.0 12.0 48.0 I

5924.0 24816.0 160.0 64.0 hnT,
6172.0 24812.0 248.0 68.0 Hemes
6532.0 24812.0 116.0 72.0 23.
6736.0 24812.0 184.0 72.0 36
7000.0 24808.0 348.0 72.0 ie"eon
7432.0 24812.0 88.0 60.0 A.
7608.0 24860.0 20.0 16.0 .
7688.0 24844.0 28.0 40.0 ,

5920.0 24892.0 244.0 68.0 tvalt.
7684.0 24888.0 28.0 56.0 f

8208.0 2192.0 192.0 144.0 n

7832.0 6392.0 324.0 184.0 Hot
8260.0 6392.0 700.0 184.0 Peaches

7980.0 6652.0 132.0 96.0 IF
8196.0 6648.0 804.0 104.0 BREAKFAST
9084.0 6652.0 208.0 96.0 has
9376.0 6644.0 132.0 100.0 be-

7856.0 6800.0 312.0 80.0 come
8268.0 6780.0 684.0 112.0 hum-drum,
9052.0 6780.0 180.0 112.0 try
9324.0 6772.0 228.0 104.0 this

7860.0 6912.0 368.0 116.0 bright
8332.0 6912.0 272.0 100.0 fruit
8716.0 6912.0 276.0 96.0 dish.
9136.0 6908.0 424.0 116.0 Simply

7860.0 7044.0 264.0 96.0 heat
8240.0 7040.0 436.0 112.0 canned
8796.0 7040.0 292.0 120.0 cling
9204.0 7040.0 352.0 116.0 peach

7856.0 7172.0 380.0 100.0 halves
8300.0 7192.0 128.0 80.0 or
8484.0 7176.0 324.0 96.0 slices
8872.0 7172.0 112.0 96.0 in
9052.0 7188.0 64.0 80.0 a
9180.0 7184.0 328.0 84.0 sauce-

7856.0 7324.0 252.0 96.0 pan,
8188.0 7304.0 224.0 100.0 and
8488.0 7304.0 196.0 116.0 top
8760.0 7304.0 276.0 96.0 each
9112.0 7300.0 440.0 112.0 serving

7856.0 7432.0 264.0 100.0 with
8172.0 7452.0 68.0 80.0 a
8296.0 7432.0 524.0 120.0 spoonful
8876.0 7432.0 112.0 96.0 of
9044.0 7428.0 508.0 116.0 whipped

7852.0 7564.0 392.0 120.0 honey.
8412.0 7564.0 292.0 96.0 With
8836.0 7580.0 128.0 80.0 or
9088.0 7556.0 468.0 100.0 without

7848.0 7712.0 532.0 88.0 cream,
8500.0 7692.0 232.0 100.0 this
8856.0 7688.0 212.0 100.0 will
9196.0 7688.0 360.0 116.0 tempt

7852.0 7824.0 572.0 100.0 breakfast
8484.0 7824.0 576.0 120.0 appetites.

8092.0 8256.0 428.0 244.0 For
8636.0 8344.0 396.0 224.0 you
9212.0 8256.0 468.0 304.0 busy

8456.0 8772.0 500.0 112.0 Whei-har
9016.0 8780.0 116.0 104.0 at
9200.0 8764.0 324.0 128.0 home,
9600.0 8752.0 324.0 120.0 office
9992.0 8788.0 108.0 76.0 or
10160.0 8788.0 124.0 72.0 on
10352.0 8784.0 64.0 72.0 a
10488.0 8740.0 492.0 144.0 shopping
11056.0 8772.0 296.0 108.0 sprea

8460.0 9056.0 232.0 36.0 ...
8768.0 8968.0 168.0 116.0 the
9008.0 8964.0 300.0 120.0 Linda
9380.0 8964.0 76.0 116.0 is
9528.0 8952.0 164.0 120.0 for
9756.0 8992.0 240.0 108.0 you.
10072.0 8948.0 72.0 108.0 It
10208.0 8940.0 524.0 120.0 combines
10796.0 8928.0 552.0 120.0 functional

8452.0 9168.0 396.0 120.0 fashion
8928.0 9164.0 228.0 116.0 with
9236.0 9152.0 548.0 124.0 wonderful
9872.0 9144.0 468.0 120.0 comfort.
10436.0 9140.0 268.0 116.0 Black
10788.0 9184.0 112.0 68.0 or
10976.0 9140.0 376.0 112.0 brown.

8380.0 9752.0 244.0 120.0 ALL
8684.0 9748.0 384.0 116.0 THESE
9128.0 9740.0 360.0 120.0 SIZES!

8572.0 9988.0 304.0 112.0 AAA
8952.0 9976.0 288.0 152.0 5I2-I
9284.0 9984.0 20.0 108.0 I

8676.0 10192.0 200.0 108.0 AA
8952.0 10192.0 64.0 108.0 5

8684.0 12524.0 280.0 96.0 OPEN
9036.0 12524.0 528.0 96.0 EVENINGS

8172.0 12700.0 336.0 92.0 Swifton
8632.0 12700.0 404.0 104.0 Monday,
9092.0 12696.0 420.0 112.0 Thursday
9568.0 12696.0 168.0 92.0 end
9804.0 12696.0 292.0 112.0 Friday

8296.0 12852.0 156.0 84.0 Mt.
8516.0 12840.0 364.0 108.0 Hsolthy
9000.0 12840.0 376.0 112.0 Monday
9432.0 12836.0 176.0 96.0 and
9672.0 12836.0 296.0 116.0 Friday

8620.0 12984.0 364.0 112.0 Coll.g.
9048.0 12984.0 572.0 112.0 Hill-Friday

7808.0 15960.0 832.0 440.0 m&
8832.0 16056.0 312.0 344.0 f
10728.0 15808.0 544.0 584.0 iv
11888.0 15808.0 88.0 208.0 '
12440.0 15912.0 312.0 488.0 to
12976.0 16024.0 408.0 376.0 u
14848.0 16288.0 128.0 112.0 ,

12788.0 21172.0 64.0 100.0 r
14352.0 21156.0 76.0 96.0 4
14472.0 21136.0 256.0 116.0 Lr,Mi

8544.0 22028.0 616.0 156.0 ---T
10644.0 22064.0 456.0 104.0 ey-?
11836.0 22116.0 28.0 32.0 .
12284.0 22052.0 36.0 40.0 '
12476.0 22024.0 340.0 148.0 "-'I
13280.0 22036.0 40.0 80.0 J
13428.0 22064.0 36.0 32.0 .
14896.0 21992.0 236.0 140.0 "A

7816.0 22464.0 396.0 212.0 IT'S
8288.0 22468.0 428.0 208.0 THE
8788.0 22476.0 684.0 204.0 ADULT
9544.0 22472.0 660.0 208.0 THING
10296.0 22472.0 284.0 208.0 TO
10680.0 22468.0 572.0 212.0 DO...

7812.0 22912.0 452.0 208.0 drink
8364.0 22912.0 792.0 216.0 Borden's
9268.0 22916.0 852.0 212.0 LIFELINE.
10240.0 22912.0 832.0 212.0 Delicious
11176.0 22960.0 376.0 164.0 new
11648.0 22908.0 436.0 212.0 skim
12188.0 22908.0 388.0 212.0 milk
12684.0 22904.0 940.0 256.0 especially

7812.0 23244.0 1008.0 212.0 formulated
8924.0 23248.0 260.0 208.0 for
9276.0 23252.0 680.0 208.0 modern
10064.0 23248.0 600.0 208.0 trends
10772.0 23240.0 164.0 212.0 in
11052.0 23244.0 472.0 208.0 adult
11632.0 23244.0 864.0 212.0 nutrition.
12612.0 23244.0 376.0 204.0 Low
13088.0 23240.0 164.0 208.0 in
13356.0 23240.0 324.0 208.0 fat.

7812.0 23580.0 412.0 248.0 High
8348.0 23580.0 152.0 208.0 in
8628.0 23584.0 716.0 252.0 protein.
9424.0 23584.0 420.0 208.0 Your
9944.0 23580.0 444.0 256.0 daily
10476.0 23584.0 528.0 248.0 quota
11128.0 23576.0 184.0 208.0 of
11424.0 23576.0 800.0 212.0 minerals
12348.0 23576.0 340.0 208.0 and
12804.0 23568.0 820.0 216.0 vitamins

7804.0 23968.0 624.0 160.0 -even
8512.0 23912.0 720.0 212.0 "C"-in
9352.0 23916.0 436.0 212.0 each
9900.0 23928.0 552.0 240.0 quart.
10572.0 23912.0 524.0 252.0 Every
11188.0 23908.0 272.0 256.0 sip
11572.0 23908.0 1000.0 256.0 refreshing,
12676.0 23908.0 1000.0 252.0 satisfying.

9684.0 1048.0 724.0 120.0 Wednesday.
10460.0 1048.0 268.0 100.0 Nov.
10784.0 1044.0 92.0 120.0 1,
10932.0 1048.0 244.0 104.0 1961

9724.0 1292.0 736.0 256.0 Surgeon
10564.0 1296.0 240.0 184.0 To
10896.0 1296.0 424.0 184.0 Talk

9868.0 1556.0 224.0 92.0 DR.
10224.0 1552.0 464.0 100.0 FRANK
10828.0 1556.0 120.0 96.0 H.
11088.0 1556.0 304.0 100.0 MAY-

9740.0 1684.0 424.0 108.0 FIELD,
10232.0 1704.0 912.0 96.0 neuro-surgeon.
11216.0 1688.0 212.0 104.0 will

9744.0 1820.0 460.0 96.0 address
10260.0 1820.0 200.0 96.0 the
10520.0 1820.0 544.0 96.0 Women's
11128.0 1820.0 260.0 96.0 Serv-

9744.0 1944.0 164.0 100.0 ice
9976.0 1948.0 424.0 108.0 League
10464.0 1952.0 120.0 92.0 of
10652.0 1952.0 196.0 100.0 the
10912.0 1952.0 516.0 96.0 Pleasant

9740.0 2080.0 348.0 108.0 Ridge
10152.0 2080.0 760.0 112.0 Presbyterian
10980.0 2084.0 452.0 96.0 Church

9740.0 2212.0 560.0 112.0 following
10428.0 2232.0 64.0 80.0 a
10624.0 2212.0 564.0 100.0 luncheon
11316.0 2220.0 116.0 92.0 at

9736.0 2360.0 308.0 76.0 noon
10140.0 2344.0 792.0 116.0 Thursday
11020.0 2344.0 120.0 96.0 in
11236.0 2348.0 192.0 96.0 the

9728.0 2472.0 432.0 100.0 church
10232.0 2472.0 736.0 116.0 gymnasium.
11076.0 2476.0 348.0 100.0 Music

9732.0 2604.0 220.0 96.0 will
10044.0 2608.0 124.0 96.0 be
10244.0 2604.0 528.0 112.0 provided
10844.0 2604.0 144.0 120.0 by
11068.0 2624.0 68.0 76.0 a
11216.0 2608.0 212.0 100.0 trio

9736.0 2736.0 588.0 112.0 composed
10424.0 2736.0 124.0 96.0 of
10636.0 2740.0 256.0 92.0 Mrs.
10988.0 2736.0 436.0 100.0 Donald

9736.0 2864.0 396.0 108.0 Drake,
10188.0 2868.0 252.0 96.0 Mrs.
10504.0 2868.0 276.0 100.0 Fred
10840.0 2872.0 580.0 96.0 Stemman

9736.0 2996.0 232.0 96.0 and
10056.0 3000.0 248.0 96.0 Mrs.
10392.0 3000.0 416.0 100.0 Harold
10892.0 3004.0 528.0 96.0 Elchorst.

9728.0 3128.0 240.0 96.0 The
10116.0 3132.0 468.0 112.0 league's
10728.0 3132.0 340.0 100.0 board
11208.0 3132.0 212.0 104.0 will

9732.0 3260.0 312.0 92.0 meet
10116.0 3260.0 108.0 96.0 at
10304.0 3264.0 276.0 92.0 10:30
10660.0 3280.0 92.0 80.0 a.
10832.0 3280.0 140.0 76.0 m.

9716.0 3476.0 248.0 188.0 To
10068.0 3484.0 632.0 180.0 Review
10800.0 3480.0 452.0 184.0 Book

9844.0 3744.0 268.0 96.0 THE
10176.0 3740.0 448.0 112.0 QUEEN
10688.0 3740.0 316.0 104.0 CITY
11072.0 3744.0 304.0 96.0 Wom-

9720.0 3876.0 240.0 92.0 en's
10016.0 3872.0 264.0 100.0 Club
10340.0 3872.0 216.0 96.0 will
10612.0 3872.0 264.0 100.0 hold
10928.0 3892.0 64.0 76.0 a
11044.0 3868.0 372.0 100.0 closed

9724.0 4000.0 508.0 96.0 business
10276.0 4000.0 496.0 120.0 meeting
10820.0 4004.0 112.0 92.0 at
10984.0 4004.0 104.0 92.0 11
11144.0 4020.0 96.0 76.0 a.
11276.0 4020.0 136.0 76.0 m.

9720.0 4132.0 396.0 116.0 Friday
10232.0 4136.0 120.0 92.0 at
10480.0 4136.0 184.0 88.0 the
10788.0 4128.0 628.0 100.0 Cincinnati

9720.0 4260.0 316.0 96.0 Club.
10124.0 4264.0 248.0 96.0 Mrs.
10476.0 4260.0 364.0 96.0 Urban
10936.0 4260.0 488.0 104.0 Outjahr

9724.0 4392.0 220.0 96.0 will
10036.0 4392.0 424.0 120.0 preside
10552.0 4392.0 120.0 96.0 at
10752.0 4388.0 192.0 96.0 the
11032.0 4388.0 344.0 96.0 lunch-

9724.0 4540.0 212.0 80.0 eon
10016.0 4528.0 112.0 92.0 at
10192.0 4540.0 332.0 80.0 noon.
10596.0 4516.0 256.0 100.0 Mrs.
10920.0 4512.0 496.0 100.0 Bernard

9720.0 4652.0 112.0 96.0 C.
9928.0 4652.0 332.0 104.0 Elam,
10352.0 4648.0 584.0 96.0 chairman
11020.0 4644.0 124.0 96.0 of
11232.0 4644.0 184.0 96.0 the

9720.0 4780.0 256.0 112.0 day.
10064.0 4780.0 204.0 96.0 will
10364.0 4796.0 272.0 96.0 gave
10728.0 4796.0 64.0 80.0 a
10884.0 4772.0 284.0 96.0 book
11268.0 4788.0 112.0 80.0 re-

9720.0 4912.0 276.0 96.0 view
10088.0 4908.0 112.0 96.0 of
10288.0 4908.0 504.0 96.0 Bernard
10892.0 4900.0 528.0 96.0 Baruch's

9720.0 5044.0 248.0 108.0 "My
10016.0 5040.0 252.0 92.0 Own
10316.0 5040.0 348.0 108.0 Story.
10680.0 5008.0 336.0 116.0 'trs.
11056.0 5028.0 364.0 96.0 Oliver

9720.0 5172.0 148.0 92.0 W.
9956.0 5168.0 408.0 96.0 Hardin
10448.0 5164.0 212.0 96.0 will
10748.0 5184.0 124.0 76.0 ue
10952.0 5160.0 464.0 96.0 hostess.

9720.0 5296.0 780.0 100.0 Reservations
10568.0 5308.0 256.0 96.0 may
10888.0 5288.0 132.0 96.0 be
11088.0 5288.0 328.0 92.0 made

9724.0 5428.0 272.0 96.0 with
10056.0 5428.0 236.0 92.0 Mrs.
10356.0 5424.0 140.0 92.0 M.
10556.0 5424.0 100.0 92.0 L.
10716.0 5420.0 528.0 96.0 Mockbee
11296.0 5432.0 120.0 76.0 or

9720.0 5556.0 256.0 92.0 Mrs.
10060.0 5556.0 432.0 92.0 Forrest
10564.0 5548.0 596.0 104.0 Townsley.

9840.0 5792.0 888.0 336.0 VISIT

11404.0 5800.0 72.0 156.0 8

11404.0 5960.0 72.0 168.0 I

9828.0 6168.0 252.0 140.0 the

9828.0 6368.0 588.0 144.0 Garden
10484.0 6364.0 512.0 148.0 Center

9888.0 6600.0 1352.0 320.0 (EljrtBtmhfi
11400.0 6568.0 24.0 428.0 j

10020.0 6952.0 1084.0 272.0 GJaramm
11396.0 7004.0 28.0 236.0 j

9636.0 6952.0 96.0 160.0 '8

9636.0 7264.0 100.0 188.0 ijf
9824.0 7312.0 112.0 96.0 at
10000.0 7292.0 480.0 112.0 Thomson
10544.0 7292.0 260.0 108.0 Bros.
10876.0 7276.0 436.0 112.0 Cadillac
11396.0 7240.0 28.0 212.0 j

9636.0 7428.0 8.0 112.0 !
9864.0 7436.0 636.0 124.0 Showrooms,
10556.0 7432.0 260.0 116.0 2820
10876.0 7424.0 372.0 116.0 Gilbert

9632.0 7556.0 104.0 272.0 !i
9852.0 7592.0 648.0 212.0 NOV.
10624.0 7592.0 120.0 212.0 1
10856.0 7584.0 204.0 208.0 &
11160.0 7584.0 152.0 212.0 2

9852.0 8316.0 728.0 156.0 zvomen
10676.0 8412.0 48.0 52.0 .

9724.0 11636.0 24.0 20.0 .
13560.0 11544.0 180.0 108.0 Vy
13972.0 11572.0 28.0 76.0 !
14260.0 11576.0 408.0 88.0 QUAUTt

11652.0 1052.0 328.0 108.0 THE
12104.0 1056.0 1056.0 108.0 CINCINNATI

11592.0 1316.0 312.0 208.0 Job
11992.0 1320.0 600.0 192.0 Forum

11728.0 1576.0 260.0 100.0 THE
12044.0 1580.0 536.0 96.0 SECOND
12632.0 1580.0 508.0 120.0 meeting
13184.0 1580.0 128.0 100.0 of

11600.0 1736.0 204.0 100.0 the
11848.0 1736.0 776.0 120.0 Employment
12668.0 1740.0 416.0 104.0 Forum
13132.0 1740.0 180.0 104.0 for

11600.0 1892.0 200.0 100.0 the
11876.0 1892.0 444.0 104.0 Mature
12392.0 1896.0 500.0 120.0 Woman,
12972.0 1916.0 284.0 96.0 spon-

11604.0 2052.0 320.0 96.0 sored
11996.0 2052.0 148.0 116.0 by
12224.0 2052.0 188.0 100.0 the
12488.0 2056.0 452.0 96.0 Altrusa
13016.0 2056.0 288.0 96.0 Club

11600.0 2204.0 124.0 96.0 of
11792.0 2204.0 664.0 120.0 Cincinnati,
12528.0 2212.0 220.0 96.0 will
12824.0 2216.0 136.0 92.0 be
13036.0 2216.0 264.0 96.0 held

11604.0 2340.0 124.0 92.0 at
11804.0 2340.0 216.0 96.0 7:30
12104.0 2360.0 104.0 96.0 p.
12292.0 2356.0 140.0 84.0 m.
12508.0 2344.0 596.0 112.0 Thursday
13184.0 2348.0 120.0 96.0 at

11588.0 2468.0 200.0 96.0 the
11844.0 2472.0 452.0 96.0 Central
12364.0 2476.0 444.0 100.0 Branch
12868.0 2476.0 432.0 112.0 YWCA.

11596.0 2600.0 348.0 96.0 Ninth
11996.0 2600.0 236.0 100.0 and
12288.0 2604.0 444.0 100.0 Walnut
12780.0 2608.0 216.0 96.0 Sts.
13084.0 2612.0 168.0 92.0 Au-

11600.0 2728.0 512.0 100.0 thorities
12208.0 2732.0 120.0 100.0 in
12424.0 2736.0 440.0 100.0 various
12968.0 2736.0 332.0 100.0 fields

11600.0 2860.0 216.0 96.0 will
11888.0 2860.0 436.0 100.0 discuss
12388.0 2864.0 188.0 116.0 Job
12648.0 2872.0 604.0 108.0 opportuni-

11596.0 2988.0 216.0 96.0 ties
11868.0 2988.0 112.0 100.0 in
12040.0 2996.0 736.0 116.0 occupations
12824.0 3020.0 296.0 92.0 open
13180.0 3004.0 124.0 96.0 to

11596.0 3120.0 200.0 96.0 the
11896.0 3124.0 320.0 96.0 older
12320.0 3128.0 448.0 100.0 worker.
12908.0 3132.0 388.0 96.0 Coffee

11600.0 3252.0 228.0 96.0 and
11928.0 3256.0 708.0 112.0 registration
12736.0 3260.0 216.0 96.0 will
13064.0 3280.0 188.0 96.0 pre-

11596.0 3380.0 272.0 100.0 cede
11932.0 3384.0 204.0 100.0 the
12204.0 3388.0 516.0 116.0 meeting.
12820.0 3388.0 184.0 100.0 All
13068.0 3412.0 188.0 76.0 ma-

11592.0 3512.0 256.0 96.0 ture
11916.0 3532.0 436.0 84.0 women
12420.0 3536.0 196.0 80.0 are
12684.0 3520.0 424.0 100.0 Invited
13180.0 3532.0 120.0 88.0 to

11596.0 3644.0 424.0 96.0 attend.

11712.0 5212.0 216.0 92.0 4807

12044.0 5204.0 468.0 92.0 READING

12648.0 5204.0 308.0 96.0 ROAD
13044.0 5256.0 104.0 20.0 -

12400.0 5384.0 100.0 104.0 By
12560.0 5388.0 628.0 100.0 Appointment

11700.0 5556.0 40.0 72.0 9
11752.0 5576.0 108.0 52.0 ret
11908.0 5552.0 288.0 76.0 Prints
12244.0 5548.0 508.0 76.0 Ceaevltattat.
12832.0 5552.0 336.0 76.0 Sesaratt

11552.0 5784.0 424.0 392.0 c

11808.0 6232.0 324.0 76.0 NOHMJU.

11808.0 6328.0 208.0 68.0 HAND

11664.0 6448.0 624.0 976.0 1

12392.0 6232.0 496.0 100.0 Research
12956.0 6244.0 108.0 88.0 at
13128.0 6236.0 520.0 100.0 SPEARS
13712.0 6236.0 180.0 100.0 hai
13952.0 6240.0 372.0 116.0 opened

12392.0 6352.0 172.0 96.0 the
12608.0 6356.0 244.0 96.0 door
12900.0 6364.0 112.0 88.0 to
13052.0 6352.0 340.0 104.0 health
13444.0 6364.0 156.0 92.0 for
13644.0 6356.0 536.0 100.0 thousands
14224.0 6364.0 104.0 92.0 of

12392.0 6472.0 464.0 96.0 eufferera
12920.0 6472.0 224.0 96.0 who
13204.0 6472.0 216.0 100.0 had
13484.0 6476.0 240.0 96.0 been
13792.0 6480.0 156.0 92.0 led
14004.0 6492.0 104.0 84.0 to
14168.0 6476.0 116.0 96.0 be-

12392.0 6588.0 248.0 96.0 lieve
12712.0 6588.0 284.0 96.0 there
13064.0 6620.0 204.0 64.0 waa
13340.0 6620.0 140.0 68.0 no
13548.0 6596.0 232.0 112.0 help
13848.0 6600.0 160.0 92.0 for
14076.0 6596.0 256.0 96.0 their

12388.0 6704.0 448.0 100.0 arthritic
12904.0 6708.0 204.0 96.0 and
13176.0 6712.0 548.0 92.0 rheumatic
13788.0 6712.0 412.0 104.0 aroniet.

12392.0 6828.0 96.0 96.0 If
12540.0 6828.0 268.0 96.0 YOU
12864.0 6856.0 180.0 68.0 are
13092.0 6828.0 528.0 100.0 interested
13668.0 6832.0 104.0 96.0 in
13828.0 6836.0 164.0 92.0 the
14036.0 6840.0 248.0 88.0 treat-

12388.0 6964.0 276.0 76.0 ment
12748.0 6944.0 228.0 100.0 that
13052.0 6948.0 180.0 96.0 has
13324.0 6952.0 436.0 96.0 released
13832.0 6980.0 112.0 64.0 so
14028.0 6976.0 296.0 80.0 many

12388.0 7064.0 256.0 96.0 from
12708.0 7064.0 172.0 96.0 the
12944.0 7064.0 452.0 112.0 bondage
13452.0 7072.0 104.0 92.0 of
13624.0 7064.0 232.0 112.0 pain
13920.0 7068.0 196.0 92.0 and
14180.0 7068.0 104.0 96.0 in-

12384.0 7184.0 484.0 100.0 validism,
12936.0 7188.0 276.0 88.0 write
13272.0 7192.0 164.0 88.0 for
13496.0 7216.0 184.0 64.0 our
13744.0 7184.0 200.0 92.0 free
14004.0 7184.0 276.0 92.0 litera-

12372.0 7304.0 256.0 108.0 ture;
12668.0 7300.0 200.0 100.0 and
12904.0 7328.0 168.0 68.0 see
13092.0 7296.0 520.0 120.0 yourlocal
13636.0 7292.0 688.0 124.0 chiropractor.

11712.0 7472.0 756.0 164.0 Spears
12588.0 7472.0 1356.0 172.0 Chiropractic
14064.0 7484.0 872.0 160.0 Hospital

11852.0 7688.0 320.0 144.0 Dept.
12256.0 7696.0 28.0 112.0 I
13548.0 7680.0 376.0 104.0 Denver
13968.0 7684.0 164.0 116.0 20,
14172.0 7680.0 504.0 108.0 Colorado

12704.0 9644.0 476.0 232.0 j&
13232.0 9820.0 48.0 44.0 p.
13444.0 9668.0 60.0 212.0 i

11464.0 12636.0 296.0 112.0 5845
11816.0 12636.0 584.0 116.0 Hamilton
12456.0 12640.0 332.0 124.0 Ave.,
12844.0 12636.0 320.0 112.0 Near
13216.0 12636.0 412.0 112.0 Cedar
13676.0 12632.0 328.0 128.0 Avt.,
14060.0 12628.0 484.0 140.0 College
14608.0 12624.0 216.0 112.0 Hill

11628.0 12836.0 268.0 116.0 7601
11980.0 12836.0 584.0 116.0 Hamilton
12620.0 12836.0 332.0 128.0 Ave.,
13004.0 12844.0 136.0 108.0 at
13200.0 12836.0 628.0 144.0 Compten,
13888.0 12832.0 208.0 116.0 Mt.
14152.0 12828.0 508.0 148.0 Healthy

12020.0 13036.0 292.0 120.0 7030
12376.0 13036.0 520.0 136.0 Reodlna.
12964.0 13036.0 232.0 128.0 Rd.,
13264.0 13032.0 492.0 120.0 Swiften
13820.0 13028.0 440.0 120.0 Center

13280.0 1060.0 904.0 120.0 ENQUIRER

14688.0 1056.0 288.0 120.0 Pape
15040.0 1056.0 120.0 104.0 IT

13480.0 1304.0 504.0 168.0 Plant
14056.0 1304.0 312.0 172.0 TV
14432.0 1308.0 656.0 192.0 System

13608.0 1544.0 480.0 108.0 LAGOS,
14184.0 1544.0 232.0 96.0 Oct
14520.0 1540.0 116.0 104.0 31
14736.0 1552.0 160.0 88.0 CP
15020.0 1532.0 132.0 108.0 Ni-

13476.0 1700.0 344.0 120.0 geria,
13964.0 1700.0 548.0 116.0 planning
14652.0 1700.0 120.0 96.0 to
14908.0 1696.0 288.0 104.0 start

13480.0 1848.0 584.0 108.0 television
14116.0 1852.0 416.0 104.0 service
14580.0 1856.0 272.0 100.0 next
14896.0 1872.0 300.0 100.0 year,

13480.0 2012.0 212.0 100.0 has
13772.0 2016.0 256.0 96.0 sent
14104.0 2008.0 488.0 104.0 officials
14668.0 2008.0 120.0 100.0 to
14864.0 2012.0 324.0 100.0 Cairo

13480.0 2172.0 120.0 100.0 to
13692.0 2172.0 336.0 116.0 study
14128.0 2172.0 192.0 100.0 the
14420.0 2168.0 180.0 104.0 TV
14692.0 2168.0 500.0 100.0 network

13472.0 2328.0 536.0 116.0 operated
14076.0 2328.0 148.0 116.0 by
14284.0 2324.0 580.0 104.0 President
14920.0 2324.0 224.0 104.0 Nas-

13472.0 2464.0 272.0 96.0 ser's
13812.0 2468.0 760.0 108.0 government.

13508.0 2728.0 880.0 164.0 DRAPERIES
14456.0 2720.0 704.0 164.0 CLEANED

13504.0 2928.0 136.0 112.0 to
13712.0 2924.0 596.0 112.0 Mtasurt-
14428.0 2924.0 220.0 112.0 Fan
14732.0 2924.0 424.0 112.0 Folded

13872.0 3072.0 292.0 96.0 CALL
14232.0 3076.0 152.0 88.0 UN
14456.0 3072.0 340.0 92.0 11551

12744.0 3944.0 936.0 160.0 COMPLETE
13816.0 3944.0 640.0 152.0 FACIAL
14584.0 3932.0 504.0 160.0 CARE-

12800.0 4204.0 408.0 76.0 lackheeds.
13284.0 4196.0 480.0 76.0 WhHthee.
13848.0 4192.0 404.0 80.0 Ilemsslsae,
14328.0 4192.0 132.0 76.0 Dry
14532.0 4208.0 80.0 60.0 sr
14684.0 4188.0 152.0 88.0 Oily
14908.0 4188.0 116.0 76.0 Ski

13132.0 4304.0 400.0 76.0 Centered.
13644.0 4304.0 256.0 72.0 Sein
14040.0 4300.0 232.0 76.0 Tissue
14396.0 4296.0 292.0 80.0 firmed.

12840.0 4472.0 456.0 76.0 UNWANTIS
13404.0 4472.0 196.0 72.0 Mill
13700.0 4468.0 532.0 72.0 MtMANINTl
14448.0 4464.0 328.0 76.0 IMOVIt
14872.0 4460.0 104.0 80.0 IT

13296.0 4580.0 188.0 72.0 NIK
13564.0 4580.0 512.0 76.0 IHOIT-WAVI
14164.0 4572.0 352.0 76.0 MITKOe.

12904.0 4748.0 232.0 204.0 DR.
13264.0 4748.0 572.0 208.0 MARTIN
13952.0 4744.0 336.0 224.0 LITZ,
14408.0 4736.0 132.0 216.0 C.
14664.0 4740.0 204.0 208.0 Th.

13052.0 5032.0 328.0 80.0 Uee.se:
13636.0 5032.0 132.0 72.0 Ml
13892.0 5028.0 196.0 76.0 SliN
14168.0 5028.0 296.0 80.0 Mtjicai
14544.0 5032.0 200.0 76.0 lean

13232.0 5200.0 308.0 96.0 BONO
13656.0 5200.0 232.0 100.0 HILL

13968.0 5240.0 328.0 200.0 ME
14424.0 5232.0 624.0 208.0 1-1266

13216.0 5548.0 496.0 80.0 SiMrfntatt
13760.0 5548.0 112.0 72.0 fee
13920.0 5544.0 184.0 80.0 Mm.
14152.0 5548.0 228.0 68.0 Weeae
14476.0 5568.0 136.0 56.0 ana
14656.0 5540.0 432.0 84.0 Tteg.aterr

14524.0 6236.0 420.0 84.0 AIHltlC

14628.0 6336.0 212.0 72.0 HAND
