15564 25524
9648.0 992.0 720.0 116.0 Wednesday,
10424.0 992.0 260.0 96.0 No.
10748.0 988.0 88.0 112.0 1.
10900.0 984.0 228.0 104.0 1961
11616.0 988.0 332.0 100.0 THE
12068.0 984.0 1044.0 108.0 CINCINNATI
13228.0 984.0 892.0 124.0 ENQUIRER

352.0 1216.0 432.0 408.0 U.
888.0 1208.0 336.0 408.0 S.
1352.0 1208.0 872.0 496.0 Jury
2328.0 1192.0 1456.0 488.0 Seated;
3992.0 1432.0 1776.0 304.0 coiT
6984.0 1184.0 1120.0 320.0 Chiefs
8216.0 1184.0 1296.0 312.0 Brother

344.0 1776.0 352.0 280.0 T
1064.0 1776.0 648.0 280.0 Qtft
1832.0 1760.0 1784.0 296.0 r.a,;?
4328.0 1760.0 216.0 296.0 Y
5880.0 1760.0 824.0 280.0 Uoes
6888.0 1760.0 120.0 264.0 1
7088.0 1824.0 200.0 200.0 o
7424.0 1760.0 1912.0 264.0 Workhouse

428.0 2344.0 96.0 92.0 A
588.0 2340.0 452.0 96.0 Federal
1104.0 2336.0 396.0 100.0 Grand
1560.0 2340.0 264.0 112.0 Jury
1892.0 2336.0 120.0 96.0 of

308.0 2472.0 120.0 100.0 12
492.0 2492.0 272.0 80.0 men
836.0 2472.0 212.0 100.0 and
1120.0 2472.0 108.0 96.0 11
1304.0 2488.0 420.0 80.0 women
1792.0 2484.0 228.0 84.0 was

304.0 2600.0 652.0 116.0 Impaneled
1132.0 2604.0 576.0 112.0 yesterday
1896.0 2596.0 116.0 100.0 in

304.0 2736.0 120.0 92.0 U.
524.0 2736.0 104.0 92.0 S.
724.0 2732.0 448.0 96.0 District
1264.0 2736.0 352.0 112.0 Judge
1704.0 2732.0 312.0 100.0 John

304.0 2868.0 124.0 96.0 H.
500.0 2864.0 532.0 100.0 Druffel's
1088.0 2864.0 380.0 96.0 Court

428.0 3020.0 340.0 100.0 Chief
876.0 3024.0 592.0 116.0 Deputy
1564.0 3020.0 452.0 100.0 Clerk

300.0 3156.0 476.0 100.0 Charles
872.0 3156.0 112.0 96.0 C.
1080.0 3156.0 272.0 96.0 Ebel
1452.0 3176.0 332.0 76.0 swore
1888.0 3156.0 116.0 100.0 in

300.0 3288.0 200.0 96.0 the
676.0 3284.0 256.0 116.0 jury
1100.0 3284.0 388.0 100.0 before
1644.0 3288.0 364.0 112.0 Judge

296.0 3420.0 452.0 96.0 Druffel
916.0 3420.0 252.0 96.0 read
1348.0 3420.0 172.0 96.0 his
1676.0 3416.0 332.0 100.0 usual

296.0 3552.0 452.0 112.0 charge.
800.0 3552.0 224.0 100.0 The
1072.0 3548.0 264.0 120.0 jury
1384.0 3552.0 624.0 112.0 reportedly

296.0 3684.0 228.0 100.0 will
628.0 3680.0 664.0 116.0 investigate
1396.0 3684.0 392.0 112.0 phases
1888.0 3684.0 120.0 96.0 of

296.0 3812.0 244.0 104.0 vice
632.0 3816.0 224.0 92.0 and
948.0 3812.0 568.0 116.0 gambling
1600.0 3812.0 112.0 96.0 in
1804.0 3816.0 204.0 96.0 the

304.0 3964.0 260.0 80.0 area
648.0 3944.0 264.0 100.0 with
988.0 3968.0 136.0 76.0 an
1208.0 3944.0 572.0 112.0 emphasis
1852.0 3968.0 152.0 84.0 on

296.0 4080.0 200.0 96.0 the
564.0 4080.0 536.0 96.0 numbers
1160.0 4080.0 412.0 96.0 racket.

416.0 4232.0 372.0 116.0 Judge
924.0 4236.0 536.0 100.0 Druffel's
1588.0 4240.0 416.0 112.0 charge

296.0 4368.0 308.0 112.0 read,
660.0 4368.0 120.0 100.0 in
836.0 4372.0 276.0 112.0 part:
1172.0 4372.0 304.0 96.0 'The
1524.0 4388.0 476.0 96.0 purpose

296.0 4500.0 124.0 96.0 of
472.0 4500.0 288.0 100.0 such
816.0 4520.0 64.0 80.0 a
932.0 4496.0 244.0 120.0 jury
1232.0 4500.0 100.0 100.0 is
1384.0 4504.0 240.0 96.0 that
1680.0 4504.0 320.0 100.0 there

296.0 4648.0 268.0 100.0 may
624.0 4632.0 136.0 96.0 be
820.0 4648.0 64.0 80.0 a
936.0 4632.0 432.0 96.0 careful
1424.0 4632.0 532.0 116.0 investiga-

296.0 4764.0 244.0 96.0 tion
632.0 4764.0 128.0 96.0 of
852.0 4764.0 140.0 96.0 all
1084.0 4768.0 704.0 92.0 accusations
1880.0 4764.0 124.0 96.0 of

288.0 4896.0 520.0 96.0 offenses
856.0 4896.0 652.0 96.0 committed
1560.0 4896.0 444.0 112.0 against

292.0 5028.0 204.0 100.0 the
632.0 5024.0 268.0 100.0 laws
1020.0 5028.0 116.0 96.0 of
1272.0 5032.0 196.0 92.0 the
1592.0 5028.0 408.0 100.0 United

296.0 5160.0 380.0 96.0 States
768.0 5156.0 216.0 100.0 and
1072.0 5180.0 148.0 76.0 an
1320.0 5160.0 424.0 112.0 orderly
1840.0 5160.0 116.0 96.0 in-

292.0 5288.0 564.0 100.0 dictment
956.0 5292.0 112.0 96.0 of
1176.0 5292.0 328.0 96.0 those
1604.0 5308.0 360.0 100.0 appar-

292.0 5420.0 320.0 116.0 ently
740.0 5416.0 332.0 120.0 guilty
1196.0 5424.0 128.0 96.0 of
1448.0 5428.0 260.0 92.0 such
1840.0 5424.0 116.0 92.0 of-

292.0 5552.0 392.0 96.0 fenses
748.0 5552.0 364.0 96.0 before
1176.0 5556.0 276.0 112.0 they
1512.0 5556.0 288.0 100.0 shall
1864.0 5556.0 132.0 96.0 be

296.0 5684.0 792.0 112.0 apprehended
1180.0 5708.0 136.0 76.0 or
1408.0 5692.0 192.0 108.0 put
1684.0 5704.0 308.0 100.0 upon

292.0 5816.0 264.0 96.0 trial
612.0 5816.0 376.0 96.0 before
1036.0 5836.0 64.0 72.0 a
1152.0 5816.0 288.0 112.0 petit
1484.0 5816.0 272.0 120.0 Jury.

416.0 5948.0 372.0 96.0 "Such
876.0 5952.0 436.0 112.0 orderly
1400.0 5952.0 208.0 96.0 and
1696.0 5972.0 260.0 80.0 care-

288.0 6076.0 172.0 100.0 ful
536.0 6084.0 636.0 92.0 accusation
1256.0 6084.0 92.0 96.0 is
1416.0 6100.0 584.0 100.0 necessary

292.0 6208.0 280.0 100.0 both
628.0 6208.0 184.0 100.0 for
864.0 6208.0 524.0 116.0 bringing
1440.0 6212.0 304.0 96.0 those
1812.0 6232.0 152.0 96.0 ap-

288.0 6340.0 532.0 120.0 parently
880.0 6344.0 344.0 112.0 gi'ilty
1280.0 6344.0 120.0 96.0 to
1464.0 6344.0 228.0 96.0 tria'
1768.0 6340.0 228.0 100.0 and

292.0 6472.0 176.0 96.0 for
532.0 6472.0 200.0 100.0 the
808.0 6472.0 616.0 116.0 protection
1496.0 6476.0 108.0 92.0 of
1664.0 6472.0 332.0 100.0 those

284.0 6600.0 556.0 100.0 Innocent
888.0 6620.0 468.0 96.0 persons
1440.0 6624.0 60.0 76.0 a
1536.0 6624.0 60.0 92.0 g
1632.0 6620.0 60.0 80.0 a
1736.0 6604.0 32.0 96.0 i
1808.0 6604.0 188.0 96.0 nst

284.0 6732.0 472.0 96.0 whom
848.0 6732.0 388.0 112.0 unjust
1300.0 6716.0 696.0 116.0 accusations

288.0 6880.0 268.0 96.0 may
612.0 6860.0 284.0 100.0 have
952.0 6864.0 284.0 100.0 been
1300.0 6864.0 584.0 96.0 founded."

412.0 6996.0 820.0 112.0 Representing
1292.0 6996.0 192.0 96.0 the
1544.0 7016.0 408.0 92.0 govern-

272.0 7124.0 328.0 100.0 ment
644.0 7124.0 116.0 100.0 in
804.0 7124.0 188.0 100.0 the
1032.0 7128.0 628.0 96.0 courtroom
1708.0 7144.0 284.0 80.0 were

284.0 7256.0 484.0 96.0 William
820.0 7256.0 564.0 112.0 Lynch,
1436.0 7256.0 516.0 116.0 Washing-

284.0 7384.0 236.0 112.0 ton,
604.0 7384.0 520.0 100.0 attached
1212.0 7392.0 120.0 92.0 to
1412.0 7388.0 180.0 96.0 the
1668.0 7388.0 284.0 96.0 crim-

288.0 7516.0 244.0 104.0 inal
588.0 7516.0 456.0 100.0 division
1104.0 7516.0 128.0 96.0 of
1292.0 7520.0 192.0 96.0 the
1536.0 7520.0 416.0 116.0 Depart-

232.0 7648.0 380.0 104.0 .ment
684.0 7648.0 124.0 100.0 of
880.0 7648.0 420.0 100.0 Justice
1384.0 7648.0 344.0 96.0 under
1808.0 7644.0 148.0 100.0 At-

188.0 7768.0 24.0 108.0 i
280.0 7780.0 408.0 112.0 torney
792.0 7780.0 476.0 96.0 General
1380.0 7780.0 400.0 96.0 Robert
1884.0 7784.0 108.0 92.0 F.

220.0 7900.0 656.0 124.0 "Kennedy;
980.0 7912.0 428.0 112.0 Joseph
1512.0 7912.0 100.0 92.0 P.
1724.0 7908.0 220.0 96.0 Kln-

284.0 8060.0 384.0 92.0 neary,
700.0 8052.0 16.0 16.0 '
748.0 8040.0 636.0 112.0 Columbus,
1460.0 8040.0 112.0 96.0 U.
1648.0 8040.0 100.0 92.0 S.
1836.0 8040.0 116.0 96.0 at-

284.0 8172.0 400.0 112.0 torney
816.0 8172.0 168.0 96.0 for
1104.0 8172.0 204.0 96.0 the
1436.0 8172.0 552.0 96.0 Southern

280.0 8304.0 472.0 96.0 District
792.0 8300.0 116.0 96.0 of
956.0 8300.0 328.0 112.0 Ohio;
1344.0 8300.0 476.0 100.0 Thomas
1872.0 8304.0 116.0 92.0 A.

280.0 8436.0 424.0 104.0 Luken,
780.0 8432.0 244.0 104.0 first
1092.0 8432.0 532.0 96.0 assistant
1692.0 8432.0 120.0 92.0 U.
1888.0 8432.0 100.0 96.0 S.

284.0 8564.0 764.0 116.0 attorney,
1108.0 8564.0 236.0 92.0 and
1408.0 8564.0 584.0 96.0 assistants

284.0 8696.0 492.0 96.0 Richard
832.0 8696.0 116.0 92.0 H.
1000.0 8692.0 704.0 116.0 Pennington
1764.0 8688.0 228.0 100.0 and

280.0 8824.0 432.0 100.0 Arnold
760.0 8824.0 448.0 96.0 Morelli.

404.0 8956.0 368.0 100.0 There
916.0 8972.0 220.0 76.0 was
1300.0 8952.0 688.0 116.0 speculation
2032.0 8952.0 20.0 32.0 '

276.0 9088.0 264.0 100.0 that
632.0 9088.0 196.0 100.0 the
916.0 9088.0 248.0 116.0 Jury
1268.0 9084.0 344.0 100.0 would
1708.0 9088.0 284.0 96.0 hear

276.0 9220.0 508.0 120.0 pending
880.0 9220.0 444.0 96.0 routine
1416.0 9236.0 296.0 80.0 cases
1816.0 9220.0 176.0 100.0 for

276.0 9356.0 436.0 100.0 several
776.0 9352.0 260.0 116.0 days
1096.0 9356.0 388.0 92.0 before
1540.0 9352.0 448.0 112.0 delving

276.0 9488.0 248.0 100.0 into
580.0 9492.0 196.0 92.0 the
832.0 9488.0 540.0 96.0 numbers
1424.0 9488.0 404.0 96.0 racket.
1892.0 9488.0 96.0 92.0 It

272.0 9644.0 236.0 76.0 was
556.0 9620.0 516.0 100.0 rumored
1124.0 9620.0 264.0 96.0 that
1432.0 9620.0 556.0 96.0 members

276.0 9756.0 120.0 96.0 of
568.0 9756.0 200.0 100.0 the
924.0 9756.0 636.0 96.0 Cincinnati
1724.0 9752.0 260.0 96.0 Vice

276.0 9892.0 380.0 116.0 Squad
728.0 9908.0 272.0 76.0 were
1072.0 9888.0 120.0 96.0 in
1272.0 9888.0 188.0 96.0 the
1524.0 9884.0 456.0 100.0 Federal

272.0 10028.0 452.0 104.0 Bureau
792.0 10024.0 112.0 96.0 of
964.0 10020.0 792.0 116.0 Investigation
1828.0 10016.0 116.0 100.0 of-

276.0 10160.0 280.0 96.0 fices
712.0 10152.0 584.0 120.0 yesterday
1440.0 10152.0 544.0 104.0 morning,

272.0 10292.0 212.0 100.0 but
528.0 10292.0 156.0 96.0 Ed
728.0 10292.0 416.0 100.0 Mason,
1192.0 10284.0 400.0 120.0 special
1644.0 10288.0 340.0 108.0 agent

276.0 10428.0 112.0 96.0 in
528.0 10428.0 408.0 108.0 charge
1060.0 10424.0 312.0 100.0 here,
1492.0 10416.0 212.0 100.0 had
1840.0 10436.0 144.0 76.0 no

272.0 10564.0 584.0 92.0 comment
932.0 10560.0 112.0 96.0 to
1128.0 10556.0 336.0 100.0 make
1544.0 10552.0 396.0 112.0 regard-

276.0 10696.0 200.0 112.0 ing
552.0 10696.0 196.0 96.0 the
824.0 10696.0 444.0 92.0 matter.

404.0 10828.0 464.0 112.0 Rodney
960.0 10824.0 356.0 116.0 Kelly,
1420.0 10820.0 220.0 96.0 133C
1744.0 10816.0 240.0 100.0 Voll

272.0 10964.0 240.0 112.0 Rd.,
648.0 10960.0 580.0 100.0 Anderson
1368.0 10952.0 616.0 112.0 Township,

272.0 11116.0 232.0 80.0 was
564.0 11096.0 408.0 96.0 named
1036.0 11092.0 508.0 96.0 foreman
1608.0 11092.0 116.0 92.0 of
1788.0 11088.0 192.0 92.0 the

268.0 11232.0 296.0 120.0 Jury,
640.0 11228.0 220.0 96.0 and
936.0 11224.0 420.0 100.0 Walter
1424.0 11224.0 96.0 92.0 P.
1592.0 11220.0 356.0 96.0 Corco-

272.0 11388.0 248.0 84.0 ran,
660.0 11364.0 240.0 96.0 4900
1036.0 11356.0 572.0 96.0 Belleview
1756.0 11348.0 228.0 108.0 Rd..

268.0 11504.0 288.0 92.0 Blue
648.0 11496.0 256.0 104.0 Ash,
988.0 11512.0 232.0 76.0 was
1312.0 11484.0 396.0 104.0 named
1804.0 11480.0 136.0 96.0 de-

268.0 11640.0 284.0 116.0 puty
624.0 11632.0 540.0 92.0 foreman.

396.0 11768.0 152.0 96.0 Of
624.0 11768.0 176.0 92.0 100
868.0 11756.0 676.0 120.0 prospective
1612.0 11752.0 368.0 116.0 Jurors

272.0 11896.0 704.0 108.0 summoned,
1120.0 11892.0 128.0 96.0 70
1392.0 11908.0 264.0 76.0 were
1808.0 11904.0 132.0 76.0 ex-

272.0 12032.0 348.0 100.0 cused
732.0 12032.0 164.0 96.0 for
992.0 12024.0 288.0 116.0 good
1384.0 12040.0 352.0 76.0 cause.
1844.0 12016.0 140.0 96.0 Of

272.0 12172.0 200.0 96.0 the
560.0 12168.0 116.0 92.0 23
764.0 12160.0 512.0 108.0 selected,
1368.0 12156.0 104.0 92.0 18
1548.0 12172.0 188.0 76.0 are
1824.0 12168.0 116.0 76.0 re-

276.0 12300.0 396.0 116.0 quired
776.0 12300.0 132.0 112.0 by
1008.0 12296.0 208.0 92.0 law
1320.0 12292.0 112.0 92.0 to
1524.0 12288.0 292.0 92.0 form
1920.0 12300.0 64.0 76.0 a

272.0 12452.0 488.0 100.0 quorum
844.0 12428.0 216.0 96.0 and
1156.0 12428.0 120.0 92.0 12
1360.0 12424.0 288.0 92.0 must
1736.0 12424.0 248.0 88.0 vote

268.0 12572.0 120.0 96.0 to
468.0 12572.0 388.0 96.0 return
932.0 12580.0 140.0 76.0 an
1160.0 12556.0 696.0 96.0 indictment.

400.0 12700.0 460.0 100.0 Besides
920.0 12700.0 188.0 88.0 the
1184.0 12692.0 500.0 92.0 foreman
1760.0 12676.0 220.0 104.0 and

284.0 12836.0 428.0 120.0 deputy
892.0 12828.0 544.0 100.0 foreman,
1608.0 12816.0 372.0 116.0 Jurors

276.0 12964.0 500.0 108.0 selected
844.0 12976.0 212.0 80.0 are;

368.0 13100.0 300.0 76.0 Strnard
744.0 13100.0 272.0 72.0 Waswl.
1144.0 13092.0 92.0 68.0 86
1316.0 13088.0 312.0 72.0 NorrJvma
1712.0 13084.0 124.0 72.0 St..
1928.0 13100.0 36.0 48.0 n-

260.0 13200.0 252.0 56.0 arson
600.0 13180.0 376.0 72.0 TownshtD:
1064.0 13172.0 224.0 80.0 Georfl
1460.0 13224.0 12.0 16.0 .
1556.0 13176.0 36.0 56.0 X
1632.0 13188.0 136.0 56.0 e'n,
1856.0 13164.0 132.0 72.0 572

268.0 13268.0 312.0 72.0 Emoress
860.0 13264.0 176.0 64.0 Wafv
1252.0 13256.0 248.0 72.0 Brown,
1564.0 13252.0 84.0 64.0 RR
1732.0 13252.0 60.0 68.0 1.
1860.0 13248.0 124.0 68.0 Boi

264.0 13348.0 164.0 72.0 207.
548.0 13344.0 312.0 68.0 Pltasant
964.0 13340.0 220.0 72.0 Plain,
1300.0 13336.0 188.0 72.0 Omo;
1596.0 13324.0 212.0 76.0 frank
1924.0 13328.0 64.0 68.0 E.

268.0 13428.0 276.0 72.0 Sntati.
632.0 13424.0 180.0 68.0 a'13
892.0 13420.0 556.0 72.0 Clevei-Warsaw
1828.0 13408.0 136.0 72.0 Mar-

312.0 13520.0 220.0 60.0 u.nte
620.0 13508.0 340.0 68.0 N,man,
1056.0 13500.0 132.0 68.0 116
1284.0 13500.0 212.0 68.0 Bower
1584.0 13492.0 124.0 72.0 S'..
1804.0 13496.0 164.0 60.0 H.lls-

268.0 13564.0 200.0 100.0 toto.
528.0 13588.0 204.0 72.0 Ohio;
796.0 13588.0 336.0 68.0 Hinrittta
1204.0 13580.0 304.0 72.0 Bruckar.
1572.0 13576.0 180.0 68.0 7635
1816.0 13576.0 148.0 60.0 Wn-

268.0 13676.0 108.0 64.0 del
444.0 13672.0 132.0 68.0 Dr..
640.0 13672.0 160.0 64.0 Deer
860.0 13668.0 192.0 68.0 Park:
1120.0 13664.0 200.0 72.0 Dollv
1380.0 13660.0 52.0 68.0 f.
1500.0 13656.0 248.0 72.0 Denny,
1812.0 13652.0 180.0 72.0 4028

260.0 13752.0 40.0 72.0 5
396.0 13748.0 356.0 76.0 JeMerson
820.0 13744.0 116.0 76.0 St..
1000.0 13740.0 360.0 72.0 Norwood,
1428.0 13740.0 116.0 72.0 end
1612.0 13736.0 216.0 72.0 Jacob
1892.0 13736.0 92.0 68.0 W.

260.0 13832.0 164.0 76.0 Hall.
488.0 13832.0 172.0 72.0 8621
736.0 13828.0 352.0 72.0 Pleinfiaid
1156.0 13828.0 144.0 76.0 In.,
1364.0 13820.0 336.0 76.0 Sycamore
1768.0 13812.0 216.0 76.0 Town-

272.0 13932.0 32.0 56.0 '
364.0 13996.0 168.0 68.0 Also
640.0 14012.0 132.0 52.0 nna
824.0 13988.0 148.0 72.0 Mae
1024.0 13984.0 384.0 72.0 Srummar.
1464.0 13980.0 20.0 68.0 1
1504.0 13980.0 128.0 72.0 258
1688.0 13972.0 312.0 80.0 Colonial

264.0 14072.0 140.0 80.0 Dr.,
484.0 14076.0 368.0 68.0 Hamilton!
932.0 14068.0 256.0 72.0 Donald
1272.0 14064.0 60.0 72.0 S.
1408.0 14060.0 164.0 72.0 Cisle
1648.0 14064.0 128.0 72.0 Jr.,
1860.0 14056.0 128.0 76.0 772

616.0 14288.0 424.0 164.0 Suits
1164.0 14276.0 456.0 168.0 Filed

332.0 14524.0 604.0 100.0 COMMON
992.0 14516.0 424.0 100.0 PLEAS
1468.0 14508.0 460.0 100.0 COURT

368.0 14696.0 48.0 64.0 A
436.0 14688.0 304.0 68.0 185630.
852.0 14676.0 376.0 80.0 Joseohine
1344.0 14676.0 64.0 72.0 C.
1512.0 14672.0 272.0 80.0 Worlev
1980.0 14720.0 16.0 24.0 .

264.0 14768.0 288.0 76.0 Charles
620.0 14772.0 72.0 64.0 V.
760.0 14768.0 276.0 72.0 Worle.
1108.0 14768.0 120.0 68.0 For
1296.0 14756.0 284.0 76.0 divorce.

364.0 14852.0 376.0 72.0 AI8563I.
816.0 14852.0 160.0 72.0 Hovt
1052.0 14844.0 72.0 68.0 P..
1204.0 14840.0 196.0 72.0 Cross
1472.0 14860.0 84.0 48.0 vs.
1640.0 14832.0 352.0 72.0 Avondale

268.0 14936.0 236.0 68.0 AAotor
584.0 14932.0 124.0 72.0 Car
780.0 14928.0 112.0 72.0 Co.
968.0 14924.0 80.0 72.0 To
1136.0 14920.0 272.0 80.0 ricind
1476.0 14924.0 316.0 68.0 contract
1872.0 14928.0 128.0 60.0 and

272.0 15016.0 112.0 72.0 foe
448.0 15016.0 192.0 72.0 S800
700.0 15012.0 340.0 76.0 damages.

364.0 15096.0 352.0 72.0 AI85632
816.0 15096.0 168.0 72.0 Elsie
1060.0 15092.0 76.0 68.0 A.
1224.0 15092.0 232.0 68.0 Brown
1520.0 15100.0 100.0 56.0 vs.
1700.0 15080.0 296.0 76.0 William

216.0 15188.0 12.0 16.0 '
272.0 15180.0 72.0 76.0 I.
416.0 15184.0 260.0 68.0 Brown.
744.0 15180.0 112.0 68.0 For
912.0 15176.0 300.0 68.0 divorce.

368.0 15268.0 48.0 60.0 A
440.0 15260.0 300.0 68.0 185633.
800.0 15260.0 220.0 68.0 Vanda
1064.0 15256.0 60.0 68.0 la
1188.0 15252.0 192.0 68.0 Sales
1436.0 15256.0 124.0 64.0 Inc.
1616.0 15264.0 108.0 52.0 vs.
1784.0 15248.0 212.0 64.0 Merit,

272.0 15360.0 132.0 60.0 aoa
464.0 15344.0 312.0 68.0 Builoers
836.0 15344.0 128.0 64.0 Inc.
1020.0 15344.0 68.0 64.0 It
1152.0 15336.0 96.0 68.0 al.
1308.0 15336.0 108.0 64.0 For
1468.0 15348.0 80.0 52.0 an
1604.0 15332.0 392.0 68.0 imunction

264.0 15432.0 140.0 68.0 and
472.0 15424.0 308.0 76.0 190.418
844.0 15420.0 124.0 68.0 and
1004.0 15416.0 432.0 72.0 foreclosure
1468.0 15408.0 72.0 76.0 of
1572.0 15408.0 428.0 72.0 mtctianic'l

272.0 15508.0 144.0 72.0 lien
480.0 15504.0 132.0 68.0 and
680.0 15520.0 316.0 52.0 receiver.

376.0 15588.0 348.0 72.0 AI85634
804.0 15588.0 152.0 64.0 Paul
1012.0 15580.0 316.0 68.0 Loudner
1376.0 15592.0 92.0 56.0 vs.
1516.0 15576.0 248.0 72.0 Armco
1820.0 15568.0 176.0 72.0 Steel

268.0 15668.0 196.0 76.0 Corp.
548.0 15672.0 116.0 64.0 For
740.0 15664.0 300.0 76.0 S45.000
1108.0 15664.0 356.0 72.0 damages.

372.0 15752.0 372.0 72.0 A185635.
836.0 15744.0 280.0 76.0 General
1220.0 15748.0 256.0 64.0 Motors
1572.0 15736.0 432.0 72.0 Accerjtanca

268.0 15828.0 204.0 80.0 Corp.
556.0 15848.0 100.0 56.0 vs.
740.0 15828.0 268.0 72.0 Stanley
1092.0 15824.0 68.0 68.0 R.
1252.0 15816.0 320.0 80.0 Schrotel,
1652.0 15816.0 196.0 72.0 Chief
1924.0 15812.0 72.0 72.0 of

276.0 15920.0 236.0 64.0 Police
568.0 15916.0 76.0 64.0 of
708.0 15908.0 140.0 76.0 Citv
904.0 15908.0 72.0 72.0 of
1032.0 15904.0 424.0 72.0 Cincinnati,
1508.0 15908.0 116.0 68.0 for
1688.0 15900.0 308.0 76.0 replevin

276.0 15996.0 76.0 76.0 of
420.0 15996.0 320.0 76.0 personal
808.0 15996.0 344.0 68.0 oropertv.

372.0 16080.0 372.0 68.0 A185634.
808.0 16076.0 292.0 64.0 Reoecca
1164.0 16072.0 72.0 72.0 E.
1300.0 16068.0 284.0 72.0 Breeden
1640.0 16080.0 108.0 56.0 vs.
1812.0 16064.0 188.0 72.0 Jerry

272.0 16160.0 60.0 72.0 L
404.0 16160.0 332.0 68.0 Breeden.
800.0 16160.0 112.0 64.0 for
968.0 16152.0 316.0 72.0 divorct.
1340.0 16148.0 276.0 72.0 custody
1680.0 16140.0 76.0 76.0 of
1812.0 16144.0 184.0 68.0 child

276.0 16244.0 140.0 72.0 and
476.0 16244.0 332.0 72.0 alimony.

372.0 16324.0 52.0 64.0 A
448.0 16320.0 300.0 72.0 18537.
820.0 16312.0 148.0 76.0 torn
1036.0 16312.0 224.0 80.0 Anoef
1332.0 16328.0 96.0 52.0 w.
1496.0 16316.0 192.0 68.0 Mary
1756.0 16308.0 244.0 96.0 AfjoH.

268.0 16404.0 128.0 72.0 for
464.0 16408.0 300.0 64.0 divorce.

368.0 16484.0 376.0 72.0 AI85638.
808.0 16476.0 300.0 80.0 Romilda
1176.0 16472.0 184.0 72.0 Reiff
1416.0 16492.0 92.0 52.0 vs.
1568.0 16468.0 308.0 76.0 William
1936.0 16468.0 52.0 72.0 F.

272.0 16564.0 216.0 76.0 teiff.
568.0 16568.0 116.0 64.0 For
752.0 16564.0 264.0 68.0 divorce
1088.0 16560.0 140.0 68.0 and
1300.0 16552.0 276.0 76.0 custody
1640.0 16552.0 76.0 72.0 Of
1784.0 16548.0 204.0 72.0 Cild.

360.0 16648.0 380.0 68.0 A185&39.
828.0 16644.0 288.0 68.0 Patricia
1216.0 16636.0 224.0 72.0 Fricke
1524.0 16652.0 96.0 56.0 vs.
1720.0 16632.0 280.0 76.0 Hicrura

276.0 16728.0 264.0 72.0 Fricke.
612.0 16732.0 116.0 64.0 For
788.0 16732.0 276.0 68.0 support
1132.0 16724.0 76.0 68.0 of
1268.0 16716.0 324.0 72.0 children.

372.0 16816.0 48.0 60.0 A
444.0 16808.0 296.0 68.0 185640.
796.0 16804.0 492.0 72.0 Conservative
1348.0 16796.0 52.0 72.0 S.
1564.0 16796.0 60.0 72.0 I.
1684.0 16812.0 108.0 52.0 vs.
1848.0 16792.0 120.0 72.0 Wil-

272.0 16888.0 172.0 72.0 liam
532.0 16888.0 36.0 72.0 E
684.0 16896.0 160.0 68.0 King
952.0 16892.0 64.0 64.0 et
1104.0 16888.0 92.0 64.0 al.
1288.0 16884.0 108.0 68.0 For
1476.0 16880.0 312.0 76.0 S1S.413
1868.0 16872.0 132.0 72.0 and

272.0 16972.0 444.0 68.0 foreclosure
776.0 16964.0 64.0 72.0 of
908.0 16972.0 388.0 68.0 mortgage.

372.0 17056.0 372.0 68.0 AI8564I.
812.0 17052.0 180.0 72.0 Mary
1064.0 17048.0 68.0 68.0 L.
1204.0 17052.0 236.0 68.0 Owens
1500.0 17060.0 100.0 48.0 vs.
1672.0 17036.0 324.0 76.0 Claranti

268.0 17136.0 284.0 72.0 Owens.
620.0 17140.0 116.0 64.0 For
796.0 17132.0 296.0 72.0 divorce.

376.0 17216.0 368.0 68.0 AI&S642.
824.0 17216.0 152.0 64.0 Nick
1056.0 17204.0 320.0 72.0 Farsalas
1440.0 17220.0 96.0 52.0 vs.
1604.0 17200.0 392.0 72.0 Cincinnati

264.0 17300.0 280.0 68.0 Transit
620.0 17300.0 112.0 68.0 Co.
808.0 17300.0 124.0 68.0 and
1000.0 17288.0 452.0 80.0 YoungOlood
1520.0 17284.0 216.0 72.0 Trvck
1808.0 17284.0 188.0 72.0 tines

276.0 17384.0 136.0 68.0 Inc.
488.0 17384.0 116.0 60.0 For
672.0 17376.0 300.0 76.0 $25,000
1032.0 17376.0 364.0 68.0 damages.

376.0 17460.0 368.0 72.0 AI85643.
852.0 17456.0 168.0 72.0 Elsie
1132.0 17456.0 220.0 68.0 Smith
1448.0 17464.0 92.0 56.0 vs.
1644.0 17444.0 184.0 80.0 John
1932.0 17448.0 64.0 68.0 I,

276.0 17544.0 432.0 68.0 Farhnbach.
772.0 17540.0 104.0 68.0 For
936.0 17536.0 244.0 76.0 $1600
1240.0 17548.0 84.0 52.0 on
1384.0 17540.0 212.0 60.0 notes.

372.0 17624.0 372.0 72.0 A1B5644.
804.0 17616.0 248.0 76.0 Liberal
1112.0 17616.0 64.0 72.0 S.
1344.0 17612.0 52.0 72.0 I.
1452.0 17612.0 104.0 76.0 Co.
1612.0 17628.0 108.0 56.0 vs.
1776.0 17608.0 228.0 72.0 Buddy

276.0 17704.0 68.0 68.0 P.
420.0 17708.0 236.0 64.0 Porter
760.0 17704.0 60.0 64.0 et
888.0 17716.0 88.0 52.0 ai.
1052.0 17700.0 124.0 68.0 for
1252.0 17692.0 296.0 80.0 $20,110
1616.0 17688.0 156.0 96.0 and,
1828.0 17692.0 144.0 64.0 tore-

272.0 17804.0 40.0 52.0 c
348.0 17804.0 208.0 52.0 Mure
616.0 17784.0 76.0 68.0 of
744.0 17788.0 380.0 68.0 mortgage.

376.0 17868.0 372.0 68.0 AI85645.
824.0 17864.0 164.0 68.0 John
1064.0 17864.0 96.0 64.0 M.
1240.0 17856.0 280.0 68.0 Mualltt
1592.0 17872.0 100.0 52.0 vt.
1776.0 17848.0 192.0 76.0 Geral-

272.0 17948.0 172.0 72.0 dine
500.0 17948.0 64.0 68.0 B.
628.0 17948.0 304.0 68.0 Mueller.
992.0 17944.0 124.0 68.0 For
1172.0 17940.0 288.0 68.0 divorce.

380.0 18032.0 368.0 68.0 AIB5646.
804.0 18032.0 204.0 64.0 Helen
1064.0 18028.0 64.0 68.0 I.
1196.0 18024.0 324.0 72.0 Fleischee
1572.0 18036.0 104.0 52.0 vs.
1736.0 18008.0 264.0 76.0 Russell

276.0 18112.0 376.0 72.0 Fleischer.
712.0 18116.0 112.0 60.0 For
876.0 18116.0 300.0 60.0 divorce.

376.0 18196.0 48.0 64.0 A
444.0 18196.0 20.0 60.0 1
484.0 18192.0 264.0 68.0 85647.
836.0 18192.0 216.0 72.0 Agnes
1148.0 18184.0 68.0 72.0 T.
1304.0 18180.0 236.0 76.0 Zannis
1624.0 18196.0 104.0 56.0 w.
1828.0 18180.0 168.0 72.0 John

272.0 18276.0 288.0 68.0 Zenms.
624.0 18280.0 120.0 64.0 For
800.0 18276.0 324.0 68.0 alimony.

376.0 18356.0 88.0 68.0 Al
488.0 18356.0 260.0 68.0 85648.
808.0 18356.0 192.0 72.0 Eagle
1060.0 18344.0 64.0 72.0 S.
1300.0 18344.0 60.0 72.0 I.
1412.0 18348.0 64.0 64.0 A.
1536.0 18360.0 96.0 52.0 vs.
1692.0 18344.0 304.0 76.0 Virginia

272.0 18440.0 88.0 64.0 M.
468.0 18436.0 372.0 72.0 Neiheisel.
968.0 18440.0 24.0 60.0 t
1080.0 18432.0 96.0 68.0 al.
1276.0 18432.0 112.0 68.0 For
1468.0 18428.0 312.0 76.0 $16,743
1868.0 18420.0 128.0 72.0 and
2064.0 18416.0 12.0 76.0 I

276.0 18520.0 440.0 56.0 fnrrlniir.
776.0 18508.0 68.0 68.0 of
904.0 18520.0 396.0 56.0 mortoaae.

376.0 18600.0 368.0 68.0 AI85649,
860.0 18596.0 296.0 68.0 Roberta
1280.0 18592.0 56.0 72.0 J.
1444.0 18588.0 336.0 76.0 Bullough
1900.0 18600.0 96.0 52.0 vs.

276.0 18680.0 216.0 76.0 Lerov
548.0 18680.0 60.0 68.0 S.
672.0 18676.0 296.0 84.0 Bulough
1052.0 18680.0 128.0 64.0 for
1236.0 18672.0 288.0 72.0 divorce,
1576.0 18676.0 300.0 76.0 custody
1928.0 18672.0 68.0 68.0 of

268.0 18760.0 328.0 76.0 children
660.0 18764.0 132.0 72.0 and
844.0 18776.0 332.0 56.0 aumony.

380.0 18848.0 44.0 60.0 A
448.0 18844.0 300.0 72.0 185650.
800.0 18848.0 304.0 72.0 Virginia
1164.0 18836.0 376.0 68.0 Middltton
1592.0 18852.0 104.0 52.0 vs.
1756.0 18828.0 244.0 80.0 Sidney

272.0 18928.0 424.0 68.0 Widd'eron.
764.0 18928.0 112.0 64.0 For
936.0 18924.0 312.0 72.0 divorce.

380.0 19008.0 364.0 68.0 A165651.
804.0 19004.0 228.0 72.0 louise
1096.0 19000.0 288.0 68.0 W.lkins
1464.0 19004.0 272.0 60.0 admm.
1776.0 18992.0 76.0 72.0 of
1880.0 18996.0 116.0 64.0 the

320.0 19100.0 192.0 64.0 state
592.0 19088.0 80.0 72.0 of
756.0 19092.0 64.0 64.0 W
860.0 19092.0 168.0 68.0 Hard
1120.0 19088.0 272.0 72.0 Eugene
1464.0 19084.0 344.0 64.0 Werman.
1892.0 19076.0 80.0 68.0 de-

272.0 19168.0 288.0 76.0 ceased,
628.0 19188.0 100.0 52.0 vs.
796.0 19172.0 288.0 64.0 William
1152.0 19168.0 68.0 72.0 L
1284.0 19164.0 240.0 72.0 Miller,
1584.0 19172.0 72.0 60.0 et
1724.0 19160.0 92.0 72.0 al.
1884.0 19156.0 112.0 68.0 far

276.0 19252.0 328.0 76.0 $50,000
660.0 19252.0 344.0 76.0 damages.

2168.0 2332.0 336.0 68.0 Oakwood
2572.0 2336.0 128.0 64.0 Dr..
2768.0 2328.0 380.0 72.0 HamtHofli
3216.0 2328.0 168.0 72.0 tuHt

2168.0 2416.0 176.0 64.0 9739
2412.0 2420.0 232.0 60.0 Brehm
2704.0 2412.0 116.0 68.0 St..
2888.0 2412.0 416.0 68.0 Groasback:
3376.0 2412.0 68.0 68.0 El

2172.0 2496.0 236.0 76.0 lunch.
2484.0 2496.0 180.0 72.0 3611
2724.0 2492.0 264.0 76.0 laSalt
3060.0 2496.0 124.0 80.0 St.,
3256.0 2496.0 212.0 76.0 Edgar

2172.0 2596.0 108.0 44.0 ner
2368.0 2576.0 188.0 64.0 363A
2604.0 2576.0 340.0 64.0 columtma
3004.0 2576.0 132.0 64.0 St.,
3200.0 2576.0 116.0 64.0 Ida
3372.0 2576.0 64.0 64.0 B,

2164.0 2660.0 404.0 60.0 McPhersan
2632.0 2656.0 120.0 64.0 St.i
2816.0 2664.0 204.0 56.0 Harrv
3080.0 2656.0 352.0 64.0 famntim.
3500.0 2656.0 120.0 64.0 180
3676.0 2652.0 188.0 68.0 Char.

2172.0 2736.0 168.0 72.0 lotte
2408.0 2740.0 128.0 72.0 St..
2604.0 2744.0 164.0 64.0 West
2832.0 2740.0 316.0 72.0 Peebles.
3216.0 2740.0 188.0 80.0 Onka,
3472.0 2756.0 128.0 60.0 ana
3660.0 2736.0 216.0 76.0 Frank

2164.0 2820.0 296.0 76.0 Meyers.
2528.0 2820.0 92.0 68.0 M
2684.0 2824.0 64.0 72.0 4,
2816.0 2820.0 452.0 72.0 Porrvnouth.

3460.0 2412.0 252.0 72.0 nabeth
3776.0 2412.0 100.0 68.0 M.
4112.0 2384.0 208.0 96.0 IT

3448.0 2512.0 20.0 48.0 r
3536.0 2496.0 64.0 68.0 I.
3668.0 2488.0 212.0 76.0 Gord-
3936.0 2544.0 12.0 12.0 .

3496.0 2576.0 184.0 72.0 Kim.
3736.0 2572.0 92.0 68.0 84
4284.0 2548.0 232.0 108.0 Liai
4788.0 2604.0 64.0 44.0 ii
5324.0 2552.0 132.0 104.0 rHI

360.0 19432.0 456.0 192.0 FLOYD
916.0 19424.0 516.0 196.0 COHEN.
1528.0 19424.0 172.0 188.0 M.
1760.0 19420.0 132.0 188.0 D.

316.0 19684.0 420.0 68.0 Announces
820.0 19696.0 116.0 48.0 me
1024.0 19688.0 312.0 60.0 Majorat
1420.0 19672.0 72.0 68.0 at
1576.0 19688.0 92.0 52.0 tn
1760.0 19668.0 216.0 68.0 offkl

312.0 19756.0 112.0 72.0 for
504.0 19764.0 124.0 64.0 Hie
704.0 19764.0 292.0 68.0 orKiice
1240.0 19752.0 284.0 64.0 interaal
1604.0 19752.0 364.0 64.0 medKine.

308.0 19836.0 252.0 76.0 1121V
656.0 19844.0 408.0 64.0 Brackm.nt
1120.0 19844.0 140.0 60.0 Ave
1360.0 19840.0 92.0 60.0 Ml
1520.0 19832.0 456.0 72.0 WaikingtM

912.0 19920.0 92.0 68.0 BE
1072.0 19912.0 260.0 76.0 14111

420.0 20132.0 744.0 216.0 REMOVAL
1288.0 20128.0 540.0 208.0 NOTICE

380.0 20524.0 256.0 160.0 DR.
716.0 20520.0 640.0 164.0 SAMUEL
1428.0 20520.0 132.0 160.0 B.
1644.0 20512.0 276.0 160.0 LEE

572.0 20748.0 1132.0 168.0 OPTOMETRIST

328.0 21068.0 580.0 116.0 MOVING
956.0 21068.0 196.0 112.0 TO
1212.0 21064.0 408.0 112.0 ROOM
1684.0 21060.0 284.0 112.0 1237

560.0 21268.0 688.0 136.0 ENQUIRER
1340.0 21268.0 388.0 112.0 BLDG.

696.0 21448.0 212.0 108.0 617
992.0 21440.0 320.0 112.0 VINE
1396.0 21440.0 184.0 112.0 ST.

604.0 21644.0 416.0 112.0 AFTER
1116.0 21640.0 328.0 116.0 OCT.
1524.0 21640.0 144.0 112.0 30

2204.0 2984.0 728.0 332.0 Mrs.
3056.0 2984.0 1204.0 412.0 Semple
4372.0 2988.0 1012.0 332.0 Estate

2200.0 3468.0 1348.0 332.0 Exceeds
3664.0 3472.0 416.0 372.0 $7
4192.0 3468.0 1140.0 332.0 Million

2284.0 3988.0 244.0 100.0 The
2580.0 3992.0 212.0 100.0 late
2848.0 3992.0 264.0 100.0 Mrs.
3164.0 3992.0 384.0 104.0 Louise
3596.0 3992.0 268.0 100.0 Taft

2168.0 4148.0 476.0 120.0 Bemple,
2756.0 4152.0 560.0 116.0 daughter
3432.0 4152.0 120.0 96.0 of
3660.0 4152.0 200.0 96.0 the

2164.0 4304.0 224.0 100.0 late
2500.0 4308.0 456.0 100.0 Charles
3064.0 4312.0 404.0 116.0 Phelps
3564.0 4308.0 300.0 116.0 Taft,

2172.0 4460.0 480.0 112.0 founder
2720.0 4468.0 116.0 112.0 pf
2916.0 4468.0 200.0 100.0 the
3192.0 4472.0 184.0 100.0 old
3452.0 4468.0 364.0 100.0 Times-

2172.0 4620.0 280.0 112.0 Star,
2568.0 4624.0 192.0 100.0 left
2868.0 4644.0 152.0 80.0 an
3132.0 4628.0 500.0 100.0 estate
3736.0 4628.0 128.0 96.0 of

2164.0 4776.0 576.0 112.0 $7,042,273,
2780.0 4800.0 144.0 80.0 an
2968.0 4776.0 580.0 124.0 Inventory
3584.0 4784.0 276.0 100.0 filed

2168.0 4936.0 272.0 100.0 filed
2552.0 4940.0 576.0 112.0 yesterday
3236.0 4944.0 264.0 92.0 with
3604.0 4940.0 216.0 96.0 Pro-

2172.0 5064.0 252.0 100.0 bate
2472.0 5068.0 348.0 112.0 Judge
2864.0 5072.0 368.0 96.0 Chase
3276.0 5072.0 140.0 96.0 M.
3464.0 5072.0 400.0 100.0 Davies

2168.0 5200.0 568.0 100.0 disclosed.

2288.0 5328.0 260.0 96.0 Mrs.
2624.0 5328.0 472.0 116.0 Semple,
3172.0 5328.0 248.0 100.0 wife
3496.0 5328.0 112.0 104.0 of
3672.0 5332.0 192.0 100.0 Dr.

2168.0 5456.0 464.0 96.0 William
2708.0 5460.0 108.0 96.0 T.
2892.0 5460.0 480.0 116.0 Semple,
3448.0 5464.0 368.0 112.0 profes-

2160.0 5600.0 184.0 80.0 sor
2416.0 5588.0 532.0 100.0 emeritus
3028.0 5592.0 116.0 92.0 of
3220.0 5592.0 440.0 96.0 classics
3740.0 5592.0 128.0 96.0 at

2168.0 5716.0 192.0 96.0 the
2396.0 5716.0 620.0 112.0 University
3048.0 5720.0 120.0 92.0 of
3200.0 5720.0 668.0 112.0 Cincinnati,

2164.0 5848.0 256.0 96.0 died
2476.0 5848.0 376.0 100.0 March
2908.0 5852.0 156.0 96.0 28.
3124.0 5856.0 216.0 100.0 She
3400.0 5852.0 272.0 96.0 lived
3732.0 5856.0 128.0 92.0 at

2164.0 5976.0 244.0 96.0 8700
2476.0 5980.0 532.0 104.0 Shawnee
3076.0 5980.0 248.0 104.0 Run
3392.0 5984.0 160.0 96.0 Rd
3592.0 6056.0 24.0 40.0 ,
3676.0 5984.0 132.0 96.0 In-

2164.0 6108.0 264.0 100.0 dian
2496.0 6108.0 236.0 96.0 Hill.

2280.0 6240.0 240.0 100.0 The
2668.0 6240.0 588.0 116.0 Inventory
3412.0 6244.0 440.0 100.0 showed

2160.0 6368.0 252.0 100.0 Mrs.
2492.0 6368.0 524.0 120.0 Semple's
3088.0 6372.0 568.0 100.0 collection
3732.0 6376.0 124.0 100.0 of

2160.0 6500.0 592.0 116.0 paintings,
2796.0 6496.0 368.0 104.0 willed
3212.0 6504.0 112.0 100.0 to
3372.0 6504.0 184.0 96.0 the
3604.0 6504.0 204.0 100.0 Cin-

2160.0 6628.0 428.0 104.0 cinnati
2704.0 6628.0 532.0 104.0 Institute
3352.0 6636.0 120.0 92.0 of
3584.0 6636.0 268.0 96.0 Fine

2152.0 6760.0 288.0 108.0 Arts,
2476.0 6776.0 216.0 84.0 was
2724.0 6764.0 592.0 112.0 appraised
3360.0 6764.0 116.0 92.0 at
3508.0 6764.0 268.0 104.0 $241,-

2172.0 6888.0 196.0 96.0 166.
2448.0 6888.0 224.0 96.0 The
2740.0 6888.0 300.0 96.0 "Self
3112.0 6892.0 528.0 96.0 Protrait"
3712.0 6896.0 148.0 112.0 by

2160.0 7020.0 712.0 108.0 Rembrandt,
2960.0 7040.0 228.0 84.0 was
3264.0 7024.0 384.0 100.0 valued
3732.0 7032.0 128.0 96.0 at

2156.0 7152.0 488.0 108.0 $125,000.
2724.0 7152.0 260.0 96.0 Mrs.
3068.0 7156.0 528.0 116.0 Semple's
3672.0 7164.0 184.0 92.0 art

2160.0 7280.0 452.0 116.0 objects,
2716.0 7280.0 376.0 100.0 which
3196.0 7300.0 136.0 96.0 go
3440.0 7288.0 108.0 96.0 to
3648.0 7288.0 204.0 100.0 the

4044.0 3992.0 632.0 104.0 Cincinnati
4752.0 3996.0 196.0 100.0 Art
5036.0 3992.0 676.0 108.0 Museum,

4044.0 4144.0 276.0 84.0 were
4392.0 4128.0 392.0 100.0 valued
4852.0 4132.0 124.0 92.0 at
5044.0 4124.0 420.0 108.0 $30,818.

4168.0 4256.0 392.0 100.0 Stocks
4616.0 4260.0 112.0 96.0 tn
4780.0 4260.0 196.0 92.0 the
5032.0 4260.0 348.0 92.0 estate
5436.0 4272.0 276.0 76.0 were

4048.0 4388.0 388.0 92.0 valued
4504.0 4392.0 120.0 92.0 at
4676.0 4388.0 544.0 104.0 $5,055,579
5280.0 4380.0 220.0 96.0 and
5564.0 4380.0 108.0 96.0 In-

4048.0 4516.0 388.0 104.0 cluded
4504.0 4520.0 236.0 92.0 36O0
4796.0 4520.0 388.0 100.0 shares
5236.0 4516.0 116.0 96.0 of
5408.0 4512.0 264.0 96.0 Proc-

4044.0 4648.0 168.0 96.0 ter
4300.0 4648.0 96.0 92.0 St
4500.0 4644.0 616.0 100.0 Gamble
5204.0 4648.0 180.0 96.0 Co.
5484.0 4644.0 228.0 96.0 The

4040.0 4780.0 536.0 100.0 Shawnee
4668.0 4776.0 240.0 100.0 Run
5008.0 4776.0 300.0 96.0 Road
5400.0 4792.0 272.0 96.0 prop-

4044.0 4916.0 232.0 104.0 erty
4336.0 4924.0 228.0 80.0 was
4624.0 4908.0 392.0 96.0 valued
5080.0 4916.0 116.0 88.0 at
5260.0 4904.0 452.0 104.0 $146,495

4044.0 5040.0 220.0 92.0 and
4344.0 5040.0 144.0 92.0 all
4572.0 5036.0 216.0 100.0 real
4864.0 5040.0 360.0 96.0 estate
5296.0 5036.0 408.0 96.0 totaled

4044.0 5168.0 484.0 112.0 $679,173.

4160.0 5296.0 376.0 108.0 Under
4588.0 5296.0 240.0 100.0 Mrs.
4888.0 5296.0 528.0 116.0 Semple's
5464.0 5292.0 244.0 112.0 will,

4040.0 5424.0 172.0 100.0 Dr.
4268.0 5428.0 432.0 116.0 Semple
4752.0 5432.0 240.0 108.0 gets
5044.0 5428.0 188.0 100.0 the
5280.0 5424.0 428.0 100.0 income

4040.0 5560.0 284.0 96.0 from
4420.0 5560.0 196.0 96.0 the
4704.0 5560.0 432.0 100.0 residue
5232.0 5560.0 168.0 96.0 for
5492.0 5556.0 216.0 112.0 life,

4044.0 5688.0 280.0 104.0 after
4436.0 5688.0 348.0 96.0 which
4900.0 5692.0 296.0 92.0 most
5300.0 5688.0 116.0 92.0 of
5520.0 5688.0 188.0 92.0 the

4040.0 5820.0 432.0 96.0 residue
4520.0 5840.0 248.0 92.0 goes
4812.0 5816.0 240.0 96.0 Into
5096.0 5820.0 188.0 96.0 the
5328.0 5816.0 380.0 96.0 Louise

4036.0 5948.0 256.0 100.0 Taft
4352.0 5952.0 432.0 112.0 Semple
4852.0 5944.0 728.0 108.0 Foundation,
5640.0 5964.0 68.0 76.0 a

4036.0 6080.0 608.0 100.0 charitable
4700.0 6076.0 748.0 116.0 organization
5512.0 6092.0 148.0 80.0 un-

4040.0 6212.0 196.0 96.0 der
4312.0 6212.0 196.0 96.0 the
4592.0 6212.0 252.0 104.0 laws
4928.0 6208.0 120.0 96.0 of
5132.0 6212.0 188.0 96.0 the
5400.0 6208.0 304.0 92.0 State

4040.0 6344.0 116.0 96.0 of
4208.0 6340.0 288.0 100.0 Ohio

6020.0 2272.0 220.0 96.0 The
6296.0 2264.0 468.0 100.0 brother
6812.0 2256.0 116.0 100.0 of
6980.0 2256.0 208.0 100.0 the
7252.0 2252.0 328.0 100.0 Silver

5892.0 2408.0 380.0 100.0 Grove,
6320.0 2400.0 240.0 112.0 Ky.,
6608.0 2388.0 348.0 120.0 police
7004.0 2388.0 316.0 96.0 chief
7364.0 2404.0 216.0 80.0 was

5892.0 2528.0 604.0 104.0 sentenced
6564.0 2524.0 120.0 96.0 to
6744.0 2524.0 316.0 96.0 three
7128.0 2520.0 272.0 108.0 days
7460.0 2512.0 112.0 100.0 In

5884.0 2668.0 200.0 96.0 the
6176.0 2656.0 712.0 108.0 Workhouse,
6984.0 2644.0 328.0 104.0 fined
7404.0 2648.0 168.0 104.0 $50

5888.0 2792.0 224.0 104.0 and
6192.0 2780.0 644.0 128.0 suspended
6916.0 2780.0 312.0 100.0 from
7312.0 2776.0 224.0 96.0 driv-

5884.0 2928.0 196.0 112.0 ing
6164.0 2924.0 184.0 96.0 for
6440.0 2916.0 172.0 104.0 six
6704.0 2912.0 404.0 100.0 month
7268.0 2908.0 304.0 96.0 when

5884.0 3044.0 832.0 112.0 convicted
6800.0 3036.0 584.0 120.0 yesterday
7460.0 3036.0 116.0 96.0 in

5892.0 3184.0 408.0 108.0 Traffic
6352.0 3180.0 352.0 96.0 Court
6744.0 3176.0 112.0 96.0 of
6900.0 3172.0 444.0 112.0 driving
7388.0 3184.0 140.0 80.0 un-

5900.0 3320.0 200.0 96.0 der
6204.0 3316.0 200.0 96.0 the
6524.0 3308.0 564.0 100.0 Influence
7212.0 3300.0 116.0 96.0 of
7436.0 3300.0 100.0 96.0 al-

5888.0 3444.0 352.0 104.0 cohol.
6356.0 3432.0 36.0 36.0 "

6020.0 3572.0 336.0 104.0 David
6452.0 3568.0 100.0 104.0 J.
6648.0 3568.0 416.0 112.0 Sayers,
7168.0 3564.0 148.0 104.0 24,
7408.0 3564.0 160.0 96.0 631

5892.0 3708.0 328.0 104.0 Third
6296.0 3708.0 192.0 104.0 St..
6552.0 3700.0 344.0 96.0 Silver
6960.0 3700.0 400.0 100.0 Grove,
7424.0 3712.0 104.0 80.0 re-

5892.0 3836.0 368.0 104.0 ceived
6368.0 3836.0 200.0 96.0 the
6668.0 3828.0 532.0 100.0 sentence
7300.0 3824.0 276.0 100.0 from

5896.0 3972.0 340.0 108.0 Judge
6332.0 3964.0 432.0 100.0 Gilbert
6844.0 3956.0 732.0 96.0 Bettman.

5896.0 4108.0 384.0 104.0 Sayers
6412.0 4112.0 224.0 80.0 was
6756.0 4084.0 500.0 104.0 arrested
7376.0 4088.0 200.0 96.0 last

5896.0 4232.0 384.0 108.0 Friday
6424.0 4220.0 432.0 112.0 driving
6992.0 4216.0 584.0 112.0 recklessly

5892.0 4384.0 152.0 76.0 on
6164.0 4356.0 464.0 104.0 Central
6752.0 4352.0 556.0 112.0 Parkway.
7428.0 4348.0 148.0 96.0 He

5892.0 4492.0 232.0 100.0 told
6220.0 4488.0 644.0 100.0 Patrolman
6972.0 4476.0 604.0 104.0 Edward

5896.0 4628.0 532.0 92.0 Kammer
6500.0 4620.0 144.0 96.0 he
6716.0 4616.0 88.0 96.0 is
6868.0 4612.0 200.0 96.0 the
7140.0 4612.0 440.0 96.0 brother

5896.0 4756.0 124.0 96.0 of
6064.0 4752.0 344.0 96.0 Silver
6456.0 4752.0 352.0 96.0 Grove
6856.0 4740.0 368.0 100.0 Police
7272.0 4740.0 304.0 100.0 Chief

5896.0 4888.0 284.0 96.0 John
6244.0 4884.0 436.0 112.0 Sayers.

6024.0 5020.0 116.0 92.0 In
6208.0 5012.0 484.0 96.0 another
6752.0 5028.0 244.0 76.0 case
7064.0 5004.0 232.0 96.0 Ted
7356.0 5004.0 176.0 96.0 Mil-

5896.0 5148.0 188.0 108.0 ler,
6164.0 5148.0 152.0 108.0 48,
6408.0 5140.0 244.0 100.0 2010
6736.0 5140.0 264.0 96.0 Vine
7096.0 5140.0 188.0 104.0 St.,
7368.0 5152.0 208.0 76.0 was

5896.0 5272.0 604.0 104.0 sentenced
6616.0 5276.0 116.0 92.0 to
6844.0 5272.0 116.0 92.0 90
7080.0 5268.0 272.0 112.0 days
7460.0 5268.0 112.0 92.0 in

5896.0 5416.0 184.0 92.0 the
6160.0 5404.0 676.0 100.0 Workhouse
6920.0 5400.0 336.0 96.0 when
7332.0 5416.0 196.0 80.0 con-

5896.0 5536.0 348.0 100.0 victed
6308.0 5536.0 124.0 96.0 of
6496.0 5532.0 424.0 116.0 driving
6984.0 5528.0 464.0 96.0 without
7504.0 5544.0 68.0 80.0 a

5896.0 5672.0 432.0 96.0 license.
6448.0 5668.0 104.0 96.0 It
6664.0 5684.0 212.0 76.0 was
6992.0 5660.0 188.0 100.0 his
7292.0 5660.0 280.0 96.0 sixth

5892.0 5796.0 896.0 104.0 conviction
6900.0 5808.0 148.0 84.0 on
7180.0 5784.0 388.0 104.0 license

5892.0 5932.0 460.0 116.0 charges
6424.0 5928.0 308.0 100.0 since
6808.0 5924.0 264.0 100.0 1957.

6016.0 6068.0 148.0 92.0 He
6248.0 6080.0 232.0 76.0 was
6572.0 6052.0 488.0 104.0 arrested
7156.0 6052.0 416.0 116.0 driving

5888.0 6192.0 592.0 112.0 recklessly
6588.0 6208.0 144.0 76.0 on
6836.0 6188.0 276.0 100.0 Vine
7232.0 6188.0 340.0 92.0 Street

5892.0 6324.0 216.0 100.0 and
6168.0 6320.0 416.0 100.0 unable
6644.0 6324.0 116.0 92.0 to
6812.0 6320.0 308.0 96.0 show
7184.0 6336.0 64.0 76.0 a
7308.0 6316.0 216.0 96.0 driv

7760.0 2252.0 212.0 100.0 er's
8044.0 2248.0 448.0 104.0 license.
8572.0 2252.0 364.0 100.0 Police
9012.0 2256.0 452.0 100.0 records

7760.0 2384.0 304.0 100.0 show
8124.0 2384.0 256.0 96.0 that
8444.0 2384.0 356.0 100.0 Miller
8860.0 2384.0 100.0 96.0 is
9012.0 2388.0 448.0 96.0 wanted

7764.0 2532.0 148.0 80.0 on
8004.0 2532.0 64.0 80.0 a
8160.0 2516.0 464.0 96.0 seventh
8724.0 2512.0 520.0 104.0 violation
9340.0 2520.0 124.0 96.0 of

7764.0 2640.0 432.0 116.0 driving
8284.0 2644.0 468.0 100.0 without
8848.0 2668.0 64.0 80.0 a
9008.0 2648.0 452.0 112.0 license;

7764.0 2772.0 228.0 104.0 this
8036.0 2792.0 256.0 80.0 case
8344.0 2792.0 228.0 80.0 was
8620.0 2772.0 604.0 100.0 scheduled
9280.0 2780.0 184.0 96.0 for

7764.0 2924.0 68.0 80.0 a
7912.0 2904.0 472.0 116.0 hearing
8464.0 2904.0 612.0 104.0 November
9156.0 2908.0 88.0 100.0 3.

7752.0 3116.0 492.0 208.0 First
8340.0 3120.0 772.0 248.0 Whisky

7752.0 3388.0 312.0 204.0 On
8164.0 3388.0 424.0 208.0 The
8684.0 3388.0 388.0 200.0 Bar

7888.0 3656.0 540.0 96.0 Common
8552.0 3652.0 444.0 104.0 Pleas
9104.0 3652.0 368.0 108.0 Judge

7760.0 3788.0 272.0 100.0 Ferd
8176.0 3788.0 364.0 100.0 Bader
8676.0 3784.0 448.0 100.0 defined
9272.0 3788.0 204.0 96.0 the

7764.0 3916.0 496.0 124.0 physical
8324.0 3928.0 328.0 108.0 setup
8720.0 3920.0 120.0 96.0 of
8912.0 3920.0 168.0 96.0 his
9144.0 3924.0 336.0 96.0 court

7764.0 4056.0 176.0 96.0 for
8012.0 4072.0 68.0 80.0 a
8160.0 4052.0 260.0 116.0 Jury
8496.0 4052.0 608.0 120.0 yesterday,
9188.0 4056.0 284.0 92.0 then

7764.0 4188.0 336.0 100.0 noted
8212.0 4188.0 256.0 96.0 that
8568.0 4188.0 196.0 96.0 the
8876.0 4184.0 248.0 96.0 trial
9232.0 4184.0 252.0 112.0 Just

7764.0 4316.0 616.0 100.0 concluded
8484.0 4316.0 464.0 100.0 marked
9052.0 4336.0 60.0 76.0 a
9220.0 4336.0 256.0 80.0 new

7764.0 4452.0 500.0 100.0 Incident
8348.0 4448.0 176.0 100.0 for
8604.0 4452.0 272.0 96.0 him.
8964.0 4448.0 324.0 100.0 "This
9380.0 4452.0 96.0 100.0 is

7764.0 4588.0 192.0 96.0 the
8032.0 4584.0 372.0 96.0 bench
8484.0 4584.0 224.0 96.0 and
8792.0 4580.0 224.0 100.0 this
9096.0 4584.0 96.0 96.0 is
9272.0 4584.0 200.0 96.0 the

7764.0 4716.0 288.0 104.0 bar."
8120.0 4720.0 196.0 92.0 the
8388.0 4712.0 332.0 116.0 Jurist
8792.0 4716.0 240.0 96.0 said
9104.0 4712.0 332.0 120.0 point-

7764.0 4852.0 212.0 112.0 ing.
7920.0 4980.0 292.0 104.0 'This
8276.0 4980.0 96.0 100.0 is
8436.0 4984.0 192.0 96.0 the
8696.0 4980.0 252.0 96.0 first
9008.0 4980.0 268.0 96.0 time
9352.0 4980.0 116.0 96.0 in

7760.0 5132.0 188.0 96.0 my
8032.0 5116.0 108.0 96.0 11
8232.0 5132.0 316.0 100.0 years
8632.0 5112.0 112.0 100.0 in
8840.0 5112.0 220.0 100.0 this
9140.0 5124.0 328.0 88.0 court

7760.0 5252.0 248.0 96.0 that
8064.0 5248.0 424.0 112.0 whisky
8548.0 5248.0 224.0 96.0 and
8840.0 5248.0 272.0 96.0 wine
9176.0 5248.0 288.0 96.0 have

7760.0 5384.0 276.0 96.0 been
8124.0 5400.0 140.0 76.0 on
8356.0 5396.0 188.0 96.0 my
8624.0 5380.0 296.0 96.0 bar."

7880.0 5516.0 228.0 96.0 The
8184.0 5512.0 680.0 100.0 intoxicants
8932.0 5532.0 276.0 76.0 were
9284.0 5528.0 140.0 80.0 ex-

7756.0 5648.0 336.0 96.0 hibits
8172.0 5648.0 112.0 96.0 in
8368.0 5652.0 192.0 92.0 the
8636.0 5648.0 512.0 112.0 burglary
9236.0 5644.0 228.0 96.0 and

7756.0 5784.0 448.0 112.0 larceny
8284.0 5780.0 652.0 116.0 charges
9020.0 5780.0 452.0 112.0 against

7756.0 5916.0 376.0 96.0 James
8216.0 5916.0 116.0 92.0 R.
8428.0 5916.0 464.0 104.0 Parrott,
8976.0 5916.0 144.0 104.0 25,
9216.0 5916.0 252.0 92.0 2214

7756.0 6048.0 456.0 96.0 Auburn
8268.0 6048.0 288.0 108.0 Ave.,
8616.0 6048.0 252.0 92.0 who
8924.0 6064.0 216.0 76.0 was
9200.0 6064.0 216.0 80.0 con-

7756.0 6180.0 352.0 100.0 victed
8272.0 6180.0 204.0 100.0 but
8632.0 6180.0 480.0 100.0 referred
9288.0 6180.0 180.0 96.0 for

7764.0 6308.0 572.0 124.0 probation
8400.0 6308.0 804.0 116.0 investigation.

2136.0 7536.0 776.0 164.0 Divorces
2988.0 7544.0 744.0 164.0 Granted

2276.0 7744.0 356.0 112.0 judge
2736.0 7744.0 256.0 96.0 Crl
3104.0 7752.0 148.0 92.0 W.
3352.0 7752.0 268.0 92.0 Rich
3728.0 7752.0 120.0 96.0 in

2152.0 7872.0 552.0 104.0 .Domestic
2824.0 7876.0 576.0 100.0 Relations
3512.0 7884.0 344.0 96.0 Court

2156.0 8008.0 468.0 116.0 granted
2684.0 8008.0 440.0 100.0 divorce
3188.0 8012.0 436.0 100.0 decrees
3684.0 8016.0 160.0 96.0 to:

2236.0 8164.0 268.0 76.0 8-own.
2568.0 8168.0 228.0 72.0 Ofiilt
2856.0 8172.0 128.0 72.0 M..
3048.0 8172.0 120.0 76.0 27,
3276.0 8176.0 88.0 72.0 35
3428.0 8172.0 236.0 72.0 Albion
3728.0 8176.0 136.0 76.0 W.,

2144.0 8252.0 404.0 72.0 lisemDter,
2604.0 8248.0 168.0 72.0 (rom
2828.0 8252.0 280.0 92.0 WInJ(
3164.0 8252.0 112.0 72.0 27.
3344.0 8252.0 168.0 72.0 1787
3560.0 8260.0 272.0 68.0 Amitw-

2144.0 8320.0 156.0 76.0 dam
2364.0 8332.0 188.0 68.0 Pike,
2616.0 8324.0 408.0 80.0 Covington,
3092.0 8332.0 236.0 76.0 iockv

2240.0 8408.0 416.0 100.0 Hendeikon,
2736.0 8412.0 324.0 72.0 Jufcltna.
3148.0 8408.0 112.0 76.0 33.
3352.0 8412.0 180.0 76.0 3402
3612.0 8416.0 260.0 68.0 Burnet

2140.0 8488.0 192.0 72.0 Avt.,
2428.0 8504.0 152.0 56.0 nuri
2656.0 8508.0 32.0 56.0 s
2768.0 8496.0 144.0 68.0 iida
3004.0 8488.0 180.0 76.0 from
3268.0 8492.0 384.0 76.0 ftoottvelt,
3736.0 8496.0 128.0 72.0 42.

2144.0 8564.0 520.0 80.0 8eont1iviHt,
2720.0 8568.0 64.0 72.0 S.
2836.0 8556.0 72.0 84.0 C.

2236.0 8652.0 272.0 68.0 Undii.
2580.0 8652.0 440.0 72.0 Gwendolyn,
3096.0 8652.0 116.0 76.0 52,
3284.0 8652.0 188.0 68.0 4649
3536.0 8652.0 328.0 76.0 Gltnwav

2140.0 8728.0 192.0 72.0 Avt.,
2436.0 8728.0 344.0 76.0 diatitin,
2880.0 8728.0 188.0 72.0 from
3168.0 8732.0 56.0 68.0 J.
3328.0 8736.0 308.0 72.0 Enimtlt,
3740.0 8740.0 124.0 68.0 Su,

2144.0 8808.0 488.0 76.0 Pirkrsttj'9,
2684.0 8812.0 92.0 64.0 W.
2836.0 8812.0 156.0 72.0 V.,
3052.0 8808.0 164.0 72.0 food
3268.0 8832.0 336.0 48.0 mniaer.

2232.0 8892.0 468.0 72.0 Wiifimgton,
2804.0 8884.0 280.0 80.0 ttobert.
3192.0 8888.0 112.0 76.0 52.
3408.0 8896.0 132.0 68.0 414
3640.0 8888.0 224.0 76.0 Bauer

2144.0 8968.0 188.0 76.0 Avt.,
2388.0 8972.0 384.0 68.0 custoditn.
2832.0 8972.0 188.0 72.0 from
3068.0 8976.0 280.0 72.0 Mtmie.
3404.0 8972.0 112.0 76.0 54,
3564.0 8972.0 136.0 68.0 964
3844.0 9024.0 16.0 16.0 .

2148.0 9048.0 244.0 76.0 Eighth
2464.0 9048.0 120.0 76.0 St.,
2644.0 9048.0 192.0 80.0 cook,

2240.0 9128.0 248.0 72.0 Sttsst.
2564.0 9128.0 280.0 72.0 Harlenc
2924.0 9128.0 100.0 76.0 B..
3104.0 9128.0 112.0 76.0 24,
3292.0 9132.0 136.0 72.0 527
3500.0 9132.0 364.0 72.0 UUvetft

2132.0 9208.0 192.0 76.0 Avt..
2388.0 9212.0 420.0 72.0 Sorlngdaie,
2872.0 9208.0 324.0 72.0 business
3256.0 9208.0 308.0 72.0 machine
3616.0 9228.0 216.0 56.0 opera-

2144.0 9296.0 128.0 68.0 tor,
2324.0 9288.0 184.0 72.0 from
2556.0 9292.0 212.0 72.0 Larry.
2816.0 9292.0 120.0 72.0 25.
3000.0 9292.0 80.0 68.0 19
3132.0 9288.0 320.0 76.0 FVkvav
3500.0 9296.0 184.0 72.0 Ave.,
3732.0 9296.0 128.0 72.0 (try

2144.0 9368.0 160.0 72.0 wall
2372.0 9368.0 312.0 72.0 finisher.

2240.0 9448.0 300.0 76.0 Ktsiler.
2604.0 9448.0 264.0 76.0 Itllian,
2936.0 9448.0 120.0 76.0 42,
3128.0 9452.0 176.0 68.0 1417
3372.0 9448.0 132.0 72.0 Elm
3568.0 9448.0 124.0 80.0 St.,
3760.0 9468.0 88.0 56.0 iu-

2144.0 9532.0 332.0 72.0 pervifcor.
2556.0 9528.0 172.0 72.0 from
2804.0 9528.0 260.0 80.0 Oliver,
3148.0 9532.0 112.0 72.0 55,
3344.0 9532.0 256.0 68.0 Kanset
3680.0 9524.0 184.0 80.0 Citv,

2144.0 9612.0 164.0 72.0 Mo.,
2372.0 9612.0 328.0 72.0 assistant
2760.0 9608.0 192.0 72.0 chef.

2236.0 9692.0 232.0 72.0 Davis.
2540.0 9692.0 208.0 68.0 W.llia
2816.0 9696.0 128.0 68.0 M..
3012.0 9688.0 116.0 72.0 30.
3196.0 9688.0 124.0 72.0 921
3396.0 9688.0 92.0 68.0 W.
3556.0 9688.0 304.0 72.0 $tvnfti

2144.0 9768.0 64.0 72.0 St
2248.0 9824.0 12.0 20.0 ,
2348.0 9772.0 180.0 72.0 from
2608.0 9772.0 244.0 72.0 Benny.
2936.0 9768.0 120.0 80.0 34,
3140.0 9772.0 136.0 72.0 825
3356.0 9768.0 284.0 72.0 Beecher
3724.0 9768.0 136.0 76.0 St.,

2180.0 9856.0 220.0 64.0 orter.

2240.0 9932.0 228.0 72.0 Perry,
2532.0 9932.0 272.0 72.0 Mossie.
2868.0 9932.0 120.0 72.0 49,
3060.0 9928.0 180.0 76.0 2927
3300.0 9928.0 296.0 72.0 Glendoa
3660.0 9932.0 204.0 72.0 Ave.,

2144.0 10008.0 176.0 76.0 from
2396.0 10012.0 240.0 72.0 Vestil,
2704.0 10016.0 112.0 64.0 45.

2236.0 10096.0 236.0 72.0 Jones,
2548.0 10096.0 212.0 68.0 Nancy
2836.0 10096.0 128.0 68.0 W.,
3044.0 10092.0 108.0 68.0 26.
3224.0 10088.0 188.0 72.0 6617
3484.0 10088.0 376.0 72.0 Thomosoo

2148.0 10172.0 184.0 76.0 Ave.,
2408.0 10180.0 364.0 64.0 SKietary,
2840.0 10172.0 184.0 64.0 from
3096.0 10172.0 168.0 64.0 Leon
3332.0 10168.0 96.0 76.0 R.,
3496.0 10168.0 108.0 72.0 26.
3672.0 10168.0 192.0 72.0 3652

2136.0 10252.0 304.0 76.0 Reading
2508.0 10256.0 136.0 68.0 Ad.,
2708.0 10256.0 424.0 68.0 accounting
3192.0 10248.0 208.0 72.0 clerk.

2240.0 10336.0 236.0 72.0 Lucas,
2560.0 10336.0 144.0 64.0 Arm
2832.0 10336.0 92.0 68.0 L-.
3004.0 10328.0 192.0 72.0 3330
3268.0 10328.0 296.0 76.0 Bowling
3636.0 10328.0 228.0 72.0 Green

2144.0 10408.0 124.0 76.0 Ct.,
2332.0 10412.0 180.0 68.0 from
2572.0 10416.0 252.0 64.0 Mante.

2240.0 10488.0 432.0 80.0 Skendenki,
2756.0 10492.0 204.0 68.0 John.
3044.0 10488.0 112.0 76.0 53.
3236.0 10492.0 184.0 68.0 4225
3492.0 10488.0 372.0 68.0 Chambers

2144.0 10572.0 120.0 72.0 St.,
2320.0 10576.0 200.0 68.0 truck
2576.0 10572.0 240.0 72.0 driver,
2876.0 10568.0 184.0 72.0 from
3116.0 10572.0 212.0 72.0 Flora,
3384.0 10568.0 108.0 76.0 45,
3544.0 10572.0 124.0 68.0 901
3736.0 10572.0 132.0 68.0 Mt.

2144.0 10656.0 180.0 68.0 Hone
2392.0 10656.0 160.0 68.0 Avt.

2236.0 10736.0 296.0 72.0 Gtrstle.
2596.0 10732.0 280.0 72.0 Richard
2936.0 10732.0 128.0 72.0 W..
3128.0 10732.0 112.0 68.0 24.
3300.0 10732.0 180.0 68.0 3643
3540.0 10724.0 32.0 72.0 I
3588.0 10732.0 276.0 64.0 '"wood

2136.0 10812.0 188.0 76.0 Ave.,
2416.0 10816.0 296.0 68.0 sanitary
2796.0 10816.0 364.0 68.0 engineer,
3244.0 10808.0 176.0 68.0 from
3496.0 10808.0 376.0 72.0 Catherine

2140.0 10896.0 116.0 72.0 M.,
2324.0 10896.0 116.0 68.0 25.
2512.0 10892.0 280.0 76.0 Fairfax,
2860.0 10896.0 156.0 72.0 Va.,
3080.0 10900.0 364.0 64.0 secretary.

2244.0 10972.0 184.0 72.0 Rice,
2492.0 10972.0 272.0 68.0 Frances
2988.0 10972.0 116.0 72.0 36.
3164.0 10968.0 184.0 72.0 5719
3404.0 10968.0 256.0 72.0 Marion
3720.0 10968.0 148.0 76.0 In.,

2140.0 11052.0 504.0 76.0 e'ectrologist,
2696.0 11052.0 180.0 72.0 from
2936.0 11052.0 172.0 68.0 John
3168.0 11048.0 40.0 68.0 H
3320.0 11048.0 116.0 76.0 36,
3488.0 11044.0 372.0 76.0 Hamilton,

2144.0 11136.0 464.0 68.0 OLtametrist.

2232.0 11208.0 188.0 80.0 Tate,
2528.0 11212.0 300.0 72.0 Andrew.
2936.0 11212.0 116.0 72.0 40.
3168.0 11208.0 172.0 72.0 1623
3444.0 11208.0 416.0 72.0 Grentwood

2152.0 11296.0 184.0 68.0 Ave..
2412.0 11292.0 148.0 68.0 'br
2600.0 11312.0 64.0 44.0 f
2756.0 11292.0 180.0 68.0 '-orr
3004.0 11288.0 264.0 68.0 Ptvbe1!
3360.0 11288.0 88.0 64.0 35

2148.0 11372.0 324.0 76.0 K.nnafd.
2540.0 11372.0 312.0 72.0 Dorothy.
2932.0 11368.0 180.0 72.0 1114
3180.0 11368.0 160.0 72.0 We
3404.0 11368.0 148.0 80.0 Avj.
3648.0 11384.0 208.0 52.0 orest-

2144.0 11472.0 68.0 52.0 tr
2280.0 11452.0 184.0 68.0 from
2528.0 11452.0 252.0 72.0 Geooe
2844.0 11452.0 100.0 72.0 E..
3016.0 11448.0 180.0 68.0 1MB
3260.0 11448.0 240.0 72.0 Chaoel
3568.0 11440.0 88.0 80.0 St.

2236.0 11532.0 292.0 76.0 League,
2584.0 11528.0 300.0 72.0 Thomas.
2948.0 11528.0 184.0 72.0 2533
3192.0 11524.0 224.0 72.0 Soo'o
3476.0 11528.0 112.0 68.0 St..
3644.0 11528.0 196.0 64.0 main-

2148.0 11620.0 324.0 64.0 tenance,
2536.0 11608.0 168.0 76.0 from
2768.0 11612.0 184.0 68.0 Rene
3068.0 11664.0 44.0 20.0 .,
3176.0 11608.0 92.0 72.0 56
3328.0 11608.0 96.0 72.0 W,
3488.0 11608.0 392.0 68.0 McMtcken

2132.0 11696.0 300.0 64.0 Avenue.

2232.0 11776.0 244.0 68.0 idker,
2564.0 11776.0 208.0 64.0 Jessie
2860.0 11768.0 104.0 76.0 R.,
3056.0 11772.0 108.0 68.0 45.
3256.0 11768.0 92.0 64.0 RR
3444.0 11768.0 56.0 72.0 1,
3584.0 11760.0 272.0 80.0 Cleves,

2136.0 11852.0 348.0 72.0 waitress,
2548.0 11852.0 168.0 72.0 from
2780.0 11844.0 180.0 84.0 Carl,
3032.0 11848.0 112.0 72.0 50,
3212.0 11848.0 372.0 68.0 mechanic

2248.0 11932.0 364.0 72.0 Dunawav.
2688.0 11932.0 164.0 84.0 Dpa
2936.0 11924.0 100.0 76.0 D..
3112.0 11928.0 108.0 68.0 42.
3300.0 11928.0 184.0 72.0 7070
3548.0 11920.0 300.0 72.0 Contrail

2148.0 12012.0 188.0 72.0 Ave.,
2420.0 12012.0 204.0 72.0 clerk,
2708.0 12008.0 176.0 68.0 from
2968.0 12008.0 344.0 72.0 Raymond
3392.0 12008.0 88.0 72.0 F.,
3552.0 12008.0 112.0 72.0 47,
3752.0 12000.0 92.0 76.0 Co-

2148.0 12092.0 296.0 72.0 lumbus,
2516.0 12092.0 404.0 76.0 repairman.

2248.0 12172.0 384.0 76.0 Hogeback,
2712.0 12172.0 192.0 68.0 Erma
2988.0 12168.0 100.0 72.0 A.,
3168.0 12168.0 112.0 72.0 33,
3364.0 12168.0 180.0 64.0 5477
3616.0 12164.0 236.0 68.0 Phillo-

2148.0 12260.0 128.0 56.0 reft
2340.0 12252.0 140.0 72.0 Dr.,
2540.0 12252.0 304.0 68.0 business
2908.0 12248.0 316.0 68.0 machine
3284.0 12252.0 336.0 64.0 owator.
3680.0 12244.0 188.0 72.0 from

2152.0 12332.0 272.0 76.0 Fugene
2484.0 12332.0 92.0 76.0 E.,
2632.0 12332.0 112.0 72.0 32,
2804.0 12332.0 196.0 64.0 4709
3060.0 12328.0 340.0 68.0 Hamilton
3456.0 12332.0 184.0 64.0 Ave.,
3704.0 12344.0 164.0 52.0 con-

2224.0 12488.0 264.0 76.0 Cxrel.
2540.0 12488.0 204.0 68.0 Vadie
2796.0 12492.0 68.0 64.0 M
2904.0 12540.0 16.0 20.0 .
2976.0 12488.0 116.0 72.0 33.
3152.0 12488.0 132.0 68.0 533
3336.0 12488.0 268.0 68.0 Armory
3656.0 12488.0 204.0 68.0 Ave.,

2144.0 12572.0 332.0 72.0 prarticti
2556.0 12588.0 220.0 56.0 nurse,
2852.0 12564.0 184.0 72.0 from
3112.0 12568.0 204.0 72.0 Harry
3392.0 12568.0 88.0 76.0 L.,
3548.0 12564.0 112.0 72.0 46,
3740.0 12564.0 120.0 76.0 52.

2148.0 12652.0 232.0 68.0 Forest
2444.0 12652.0 152.0 64.0 Ave.
2884.0 12656.0 16.0 44.0 '

2240.0 12728.0 396.0 76.0 Caroenter,
2704.0 12724.0 416.0 76.0 Constance.
3200.0 12728.0 112.0 72.0 21,
3392.0 12724.0 176.0 72.0 2920
3640.0 12724.0 228.0 64.0 Minot

2148.0 12812.0 188.0 76.0 Ave.,
2396.0 12828.0 116.0 48.0 car
2568.0 12812.0 148.0 68.0 boo.
2776.0 12808.0 184.0 68.0 from
3020.0 12808.0 244.0 68.0 Haroid
3324.0 12804.0 92.0 72.0 L..
3472.0 12804.0 108.0 72.0 V.
3636.0 12816.0 208.0 56.0 ffavs-

2148.0 12892.0 188.0 72.0 yitle,
2400.0 12892.0 144.0 72.0 Kv.,
2600.0 12892.0 476.0 68.0 construction
3136.0 12884.0 288.0 68.0 worker.

2244.0 12972.0 284.0 72.0 Oeiarn,
2596.0 12968.0 308.0 72.0 Delnhia.
2980.0 12968.0 112.0 72.0 25,
3172.0 12964.0 172.0 68.0 1617
3412.0 12960.0 260.0 72.0 Walnut
3744.0 12956.0 132.0 80.0 St.,

2140.0 13056.0 324.0 64.0 machine
2512.0 13056.0 340.0 64.0 operator,
2912.0 13044.0 180.0 72.0 from
3144.0 13040.0 176.0 80.0 Carl,
3368.0 13040.0 116.0 80.0 31,
3536.0 13040.0 128.0 72.0 268
3720.0 13044.0 116.0 68.0 AAc-

2152.0 13128.0 256.0 76.0 G'egor
2468.0 13132.0 180.0 68.0 Ave.,
2708.0 13128.0 196.0 68.0 truck
2972.0 13128.0 260.0 72.0 he'per.

2240.0 13212.0 264.0 72.0 Hollev.
2584.0 13208.0 172.0 72.0 Ldia
2840.0 13212.0 100.0 68.0 E-,
3024.0 13208.0 180.0 68.0 3006
3280.0 13204.0 260.0 76.0 Juniett
3664.0 13204.0 204.0 68.0 Ave.,

2144.0 13288.0 420.0 72.0 beautician,
2652.0 13288.0 176.0 68.0 from
2924.0 13288.0 164.0 68.0 Jack
3180.0 13284.0 96.0 76.0 D.,
3368.0 13284.0 176.0 68.0 tales
3632.0 13296.0 232.0 56.0 reort-

2236.0 13452.0 416.0 68.0 Attemevef.
2732.0 13448.0 236.0 68.0 Hettie
3052.0 13448.0 120.0 72.0 W.,
3252.0 13448.0 112.0 68.0 26.
3444.0 13440.0 184.0 76.0 2620
3704.0 13444.0 144.0 64.0 Nor-

2152.0 13540.0 192.0 60.0 wood
2412.0 13552.0 176.0 48.0 -Ave.,
2644.0 13532.0 92.0 60.0 No
2824.0 13528.0 184.0 68.0 n)od.
3064.0 13528.0 240.0 68.0 tvois:,
3360.0 13520.0 24.0 64.0 f
3408.0 13544.0 100.0 44.0 wm
3588.0 13520.0 288.0 72.0 Thcmt

2152.0 13608.0 88.0 76.0 L,
2312.0 13608.0 84.0 72.0 25
2412.0 13668.0 12.0 12.0 .
2496.0 13608.0 172.0 72.0 5050
2728.0 13608.0 408.0 68.0 Twmbrook
3200.0 13600.0 132.0 76.0 Ct.,
3396.0 13604.0 180.0 68.0 brick
3648.0 13604.0 220.0 64.0 lever.

2240.0 13688.0 256.0 72.0 Naoier
2588.0 13688.0 228.0 72.0 Wiima
2896.0 13688.0 88.0 72.0 J..
3068.0 13684.0 100.0 72.0 19.
3244.0 13684.0 184.0 72.0 2010
3492.0 13684.0 164.0 68.0 Vine
3732.0 13680.0 132.0 72.0 St..

2140.0 13772.0 280.0 72.0 Darlf'.
2484.0 13764.0 168.0 76.0 fom
2712.0 13768.0 244.0 72.0 frank,
3020.0 13764.0 112.0 76.0 25-

2252.0 13852.0 332.0 72.0 Johnson.
2640.0 13844.0 272.0 76.0 Lillien,
2976.0 13844.0 116.0 72.0 32.
3152.0 13840.0 176.0 76.0 5391
3396.0 13840.0 224.0 72.0 Miami
3680.0 13840.0 208.0 76.0 Avt.,

2144.0 13920.0 220.0 84.0 clerk,
2440.0 13924.0 164.0 72.0 from
2672.0 13928.0 284.0 72.0 Orvilie,
3032.0 13924.0 88.0 68.0 36

2244.0 14008.0 200.0 76.0 Noel,
2524.0 14012.0 248.0 68.0 Donna,
2860.0 14008.0 116.0 68.0 21.
3064.0 14004.0 180.0 72.0 5682
3328.0 14000.0 216.0 72.0 Rbodf
3632.0 14000.0 236.0 72.0 Island

2148.0 14088.0 192.0 76.0 Ave.,
2408.0 14092.0 200.0 72.0 tales,
2672.0 14084.0 176.0 76.0 from
2916.0 14084.0 256.0 72.0 Ronald
3236.0 14084.0 92.0 76.0 L-.
3392.0 14084.0 108.0 72.0 23,
3560.0 14080.0 304.0 72.0 London.

2156.0 14168.0 196.0 72.0 Ohio.

6744.0 7208.0 320.0 328.0 A.

9336.0 6544.0 128.0 416.0 1

5536.0 10480.0 896.0 544.0 V'
7376.0 10752.0 96.0 384.0 )

7028.0 11696.0 316.0 108.0 What
7440.0 11704.0 108.0 100.0 to
7660.0 11728.0 260.0 76.0 wear
8028.0 11688.0 316.0 112.0 under
8448.0 11728.0 240.0 100.0 your
8796.0 11724.0 204.0 72.0 new

7364.0 11840.0 332.0 136.0 Jenny
7776.0 11832.0 248.0 112.0 suit?
8140.0 11840.0 272.0 104.0 Here
8492.0 11840.0 68.0 100.0 it
8640.0 11840.0 72.0 108.0 is
8788.0 11916.0 24.0 28.0 .
8888.0 11916.0 24.0 32.0 .
8980.0 11916.0 24.0 32.0 .

7340.0 12032.0 48.0 68.0 i
7448.0 11984.0 588.0 140.0 beautifully
8096.0 11984.0 344.0 136.0 simple
8496.0 11976.0 348.0 120.0 blouse
8900.0 11972.0 108.0 112.0 of

7368.0 12148.0 356.0 96.0 ceate
7776.0 12132.0 192.0 116.0 and
8024.0 12172.0 308.0 92.0 rayon
8384.0 12136.0 300.0 112.0 tissue
8740.0 12120.0 260.0 116.0 faille

7164.0 12360.0 28.0 32.0 .
7236.0 12364.0 28.0 32.0 .
7308.0 12364.0 24.0 28.0 .
7372.0 12276.0 224.0 112.0 with
7652.0 12280.0 180.0 112.0 V'd
7888.0 12276.0 432.0 112.0 neckline
8376.0 12276.0 176.0 112.0 low
8600.0 12272.0 400.0 140.0 enough

7036.0 12424.0 164.0 116.0 for
7260.0 12424.0 716.0 116.0 lower-necled
8040.0 12432.0 236.0 108.0 suits
8344.0 12512.0 20.0 28.0 .
8428.0 12512.0 28.0 28.0 .
8512.0 12508.0 24.0 28.0 .
8592.0 12420.0 416.0 140.0 elegant

7340.0 12572.0 480.0 140.0 diagonal
7876.0 12568.0 360.0 120.0 tucked
8292.0 12564.0 492.0 144.0 detailing
8840.0 12652.0 24.0 28.0 .
8912.0 12656.0 24.0 24.0 .
8984.0 12648.0 24.0 32.0 .

7356.0 12728.0 232.0 112.0 tizes
7668.0 12728.0 112.0 104.0 10
7828.0 12736.0 108.0 96.0 to
8008.0 12728.0 108.0 104.0 18
8172.0 12728.0 84.0 100.0 in
8316.0 12720.0 320.0 116.0 white,
8696.0 12712.0 308.0 124.0 black,

7724.0 12880.0 472.0 124.0 magenta
8276.0 12904.0 120.0 68.0 or
8460.0 12860.0 260.0 112.0 olive
8800.0 12944.0 24.0 32.0 ,
8900.0 12944.0 20.0 28.0 .
8992.0 12944.0 24.0 24.0 .

8736.0 13012.0 280.0 104.0 12.00

8004.0 13252.0 136.0 104.0 1st
8208.0 13240.0 260.0 128.0 floor
8532.0 13236.0 480.0 116.0 exclusive

8476.0 13488.0 164.0 168.0 o

11056.0 10188.0 488.0 176.0 T-HH
11944.0 10180.0 1180.0 216.0 SQUARE
13336.0 10288.0 336.0 72.0 ...

11056.0 10648.0 492.0 184.0 TfE
11956.0 10628.0 828.0 200.0 POINT

11064.0 11152.0 488.0 204.0 THE
11996.0 11144.0 1816.0 200.0 CRESCENT...

10872.0 11556.0 556.0 116.0 Variations
11488.0 11596.0 128.0 68.0 on
11676.0 11596.0 60.0 68.0 a
11812.0 11552.0 488.0 112.0 beautiful
12364.0 11556.0 332.0 112.0 theme
12756.0 11644.0 28.0 24.0 .
12844.0 11644.0 24.0 28.0 .
12932.0 11640.0 20.0 24.0 .
13008.0 11556.0 280.0 116.0 three
13348.0 11548.0 480.0 120.0 different

10872.0 11712.0 224.0 100.0 toes
11168.0 11708.0 88.0 100.0 in
11332.0 11704.0 272.0 112.0 three
11672.0 11704.0 484.0 108.0 Julianelli
12232.0 11744.0 352.0 100.0 pumps
12644.0 11704.0 164.0 108.0 for
12872.0 11700.0 260.0 116.0 after
13196.0 11704.0 200.0 108.0 five
13452.0 11692.0 376.0 124.0 o'clock

10876.0 11932.0 28.0 28.0 .
10960.0 11928.0 24.0 32.0 .
11048.0 11932.0 20.0 28.0 .
11136.0 11848.0 256.0 112.0 each
11460.0 11852.0 528.0 112.0 silhouette
12052.0 11892.0 272.0 104.0 open
12388.0 11936.0 24.0 32.0 .
12472.0 11936.0 24.0 28.0 .
12556.0 11940.0 24.0 28.0 .
12636.0 11852.0 260.0 116.0 each
12956.0 11844.0 308.0 152.0 lovely
13324.0 11932.0 28.0 28.0 .
13408.0 11932.0 28.0 32.0 .
13492.0 11940.0 28.0 28.0 .
13572.0 11844.0 248.0 116.0 each

10872.0 11996.0 248.0 108.0 new!

10876.0 12156.0 220.0 120.0 top:
11168.0 12136.0 176.0 120.0 the
11408.0 12184.0 360.0 92.0 square
11836.0 12160.0 168.0 96.0 toe
12068.0 12140.0 228.0 116.0 with
12356.0 12180.0 264.0 104.0 open
12684.0 12136.0 240.0 152.0 sling
12988.0 12136.0 248.0 124.0 back
13296.0 12224.0 28.0 32.0 .
13380.0 12220.0 32.0 36.0 .
13464.0 12220.0 28.0 32.0 .
13548.0 12128.0 276.0 124.0 black

10872.0 12292.0 320.0 108.0 suede
11260.0 12328.0 112.0 72.0 or
11436.0 12292.0 236.0 136.0 gold
11752.0 12292.0 456.0 112.0 brocade
12280.0 12376.0 24.0 28.0 .
12372.0 12380.0 20.0 28.0 .
12464.0 12384.0 24.0 28.0 .
12552.0 12296.0 300.0 108.0 38.95

10876.0 12452.0 400.0 92.0 center:
11336.0 12440.0 164.0 104.0 the
11564.0 12440.0 428.0 132.0 pointed
12060.0 12452.0 180.0 96.0 toe
12300.0 12436.0 216.0 108.0 wih
12580.0 12436.0 416.0 116.0 beaded
13052.0 12476.0 268.0 96.0 open
13384.0 12428.0 212.0 116.0 heel
13656.0 12432.0 132.0 116.0 de-

10876.0 12580.0 164.0 108.0 tail
11116.0 12668.0 28.0 28.0 .
11220.0 12664.0 28.0 28.0 .
11320.0 12668.0 24.0 28.0 .
11408.0 12584.0 280.0 108.0 black
11760.0 12624.0 116.0 72.0 or
11944.0 12584.0 332.0 112.0 brown
12348.0 12584.0 304.0 112.0 suede
12720.0 12668.0 24.0 28.0 .
12812.0 12668.0 28.0 32.0 .
12904.0 12668.0 28.0 32.0 .
12996.0 12584.0 292.0 112.0 38.95

10880.0 12728.0 452.0 112.0 bottom:
11436.0 12732.0 176.0 112.0 the
11720.0 12744.0 468.0 96.0 crescent
12292.0 12744.0 176.0 96.0 toe
12568.0 12728.0 228.0 108.0 with
12912.0 12724.0 444.0 116.0 inverted
13464.0 12720.0 376.0 144.0 tcallop

10880.0 12880.0 444.0 136.0 opening
11404.0 12872.0 168.0 112.0 the
11648.0 12876.0 268.0 112.0 sides
11992.0 12960.0 24.0 28.0 .
12092.0 12968.0 28.0 32.0 .
12196.0 12956.0 28.0 32.0 .
12300.0 12872.0 272.0 116.0 black
12648.0 12872.0 316.0 116.0 suede
13032.0 12916.0 116.0 72.0 or
13220.0 12864.0 276.0 124.0 black
13568.0 12912.0 264.0 104.0 peau

10884.0 13020.0 128.0 108.0 de
11092.0 13024.0 220.0 108.0 soie
11392.0 13112.0 20.0 24.0 .
11488.0 13104.0 24.0 32.0 .
11588.0 13104.0 28.0 32.0 .
11700.0 13024.0 300.0 108.0 36.95

11044.0 13316.0 148.0 104.0 1st
11260.0 13308.0 252.0 112.0 floor
11572.0 13304.0 540.0 116.0 exclusives

12600.0 13492.0 172.0 176.0 o

864.0 21920.0 604.0 76.0 DVEHTISlMfNI

508.0 22028.0 436.0 236.0 How
1056.0 22060.0 200.0 200.0 to
1372.0 22012.0 448.0 248.0 have

604.0 22404.0 800.0 280.0 antiques
1516.0 22424.0 204.0 200.0 at

496.0 22756.0 660.0 300.0 budget
1272.0 22772.0 548.0 284.0 prices

260.0 23124.0 100.0 104.0 If
472.0 23128.0 348.0 120.0 you've
932.0 23124.0 364.0 120.0 always
1404.0 23116.0 360.0 100.0 wished
1880.0 23112.0 152.0 100.0 for

256.0 23256.0 328.0 120.0 lovely
672.0 23256.0 440.0 124.0 antiques
1204.0 23252.0 96.0 96.0 in
1384.0 23276.0 240.0 96.0 your
1716.0 23244.0 308.0 112.0 home,

280.0 23400.0 152.0 84.0 tit
472.0 23388.0 172.0 96.0 felt
684.0 23416.0 188.0 92.0 you
912.0 23380.0 436.0 104.0 couldn't
1384.0 23380.0 312.0 96.0 afford
1740.0 23376.0 284.0 108.0 them,

272.0 23504.0 60.0 112.0 i
428.0 23540.0 224.0 72.0 sure
696.0 23532.0 104.0 80.0 to
840.0 23516.0 228.0 96.0 read
1124.0 23508.0 548.0 104.0 November
1724.0 23508.0 304.0 92.0 Better

256.0 23648.0 392.0 92.0 Homes
688.0 23644.0 80.0 96.0 A
816.0 23644.0 488.0 100.0 Gardens.
1344.0 23636.0 336.0 100.0 There'
1772.0 23660.0 216.0 72.0 com-

252.0 23776.0 264.0 108.0 plete
596.0 23776.0 636.0 96.0 information
1308.0 23796.0 124.0 68.0 on
1512.0 23768.0 480.0 124.0 reproduc-

252.0 23920.0 212.0 80.0 tion
580.0 23904.0 116.0 100.0 of
756.0 23904.0 484.0 96.0 furniture
1304.0 23900.0 348.0 120.0 piece,
1716.0 23920.0 272.0 72.0 acces-

308.0 24032.0 288.0 108.0 ories,
640.0 24060.0 236.0 72.0 even
920.0 24032.0 524.0 120.0 wallpaper
1656.0 24036.0 368.0 88.0 correct

256.0 24156.0 104.0 96.0 in
436.0 24156.0 224.0 116.0 line,
732.0 24160.0 248.0 100.0 form
1056.0 24160.0 204.0 96.0 and
1320.0 24156.0 296.0 100.0 color.
1724.0 24152.0 300.0 100.0 These

256.0 24292.0 688.0 112.0 reproduction
1108.0 24312.0 168.0 72.0 are
1368.0 24280.0 468.0 104.0 available
1932.0 24296.0 92.0 84.0 at

260.0 24416.0 392.0 116.0 leading
700.0 24432.0 296.0 80.0 (tores
1048.0 24444.0 128.0 72.0 or
1228.0 24416.0 88.0 96.0 in
1364.0 24416.0 128.0 96.0 kit
1592.0 24440.0 200.0 96.0 you
1844.0 24440.0 172.0 68.0 can

260.0 24540.0 504.0 100.0 assemble.
860.0 24548.0 180.0 92.0 Put
1104.0 24544.0 556.0 100.0 November
1716.0 24544.0 308.0 96.0 Better

256.0 24676.0 388.0 96.0 Homes
760.0 24668.0 80.0 96.0 A
960.0 24672.0 456.0 100.0 Gardens
1528.0 24696.0 136.0 72.0 on
1792.0 24696.0 228.0 96.0 your

308.0 24804.0 440.0 124.0 hopping
792.0 24800.0 148.0 100.0 list
1176.0 24800.0 188.0 128.0 buy
1400.0 24808.0 72.0 96.0 it
1512.0 24800.0 340.0 128.0 today!

3788.0 17388.0 64.0 124.0 i
3972.0 17380.0 128.0 176.0 7
4276.0 17496.0 72.0 20.0 -
4432.0 17408.0 124.0 148.0 A
4636.0 17444.0 252.0 112.0 ",
5044.0 17416.0 364.0 132.0 ";?
6040.0 17412.0 132.0 124.0 -V'
6236.0 17412.0 296.0 116.0 -v'.
6680.0 17408.0 120.0 84.0 -v;
7508.0 17432.0 312.0 124.0 yv..

6044.0 22128.0 500.0 316.0 Lj

12364.0 14592.0 316.0 100.0 STORE
12744.0 14592.0 368.0 96.0 HOURS
13212.0 14588.0 364.0 96.0 TODAY
13640.0 14592.0 484.0 88.0 10:00-5:30

10744.0 16992.0 832.0 304.0 ALL
11928.0 16992.0 2176.0 312.0 AMERICAN

11504.0 17808.0 1360.0 312.0 KNITS
13080.0 18032.0 456.0 80.0 ...

10832.0 19532.0 328.0 116.0 David
11220.0 19528.0 392.0 144.0 Crystal
11680.0 19532.0 288.0 132.0 Suits,
12040.0 19532.0 324.0 148.0 styled
12424.0 19540.0 84.0 108.0 in
12568.0 19540.0 496.0 120.0 America,
13128.0 19532.0 164.0 116.0 for
13348.0 19532.0 168.0 112.0 the
13576.0 19536.0 540.0 108.0 American

10828.0 19808.0 216.0 100.0 way
11112.0 19768.0 120.0 112.0 of
11288.0 19768.0 160.0 112.0 life
11516.0 19852.0 28.0 32.0 .
11604.0 19856.0 28.0 28.0 .
11700.0 19856.0 32.0 28.0 .
11792.0 19768.0 380.0 116.0 knitted
12240.0 19780.0 84.0 100.0 in
12396.0 19768.0 232.0 148.0 Italy
12692.0 19776.0 92.0 108.0 in
12848.0 19772.0 164.0 120.0 the
13072.0 19768.0 212.0 136.0 flat,
13352.0 19768.0 396.0 116.0 bulkless
13812.0 19764.0 304.0 120.0 stitch

10824.0 20000.0 224.0 116.0 that
11132.0 20044.0 200.0 100.0 you
11408.0 20000.0 228.0 120.0 love
11720.0 20088.0 32.0 36.0 .
11836.0 20096.0 28.0 32.0 .
11944.0 20088.0 32.0 36.0 ,
12060.0 20000.0 636.0 152.0 mervelously
12780.0 20004.0 420.0 116.0 tailored
13284.0 20012.0 228.0 112.0 suits
13592.0 20004.0 220.0 116.0 that
13892.0 19992.0 224.0 120.0 look

10832.0 20240.0 268.0 136.0 right
11160.0 20244.0 92.0 108.0 in
11308.0 20252.0 256.0 100.0 town
11624.0 20284.0 120.0 72.0 or
11796.0 20280.0 116.0 68.0 en
11976.0 20256.0 296.0 100.0 route
12328.0 20324.0 28.0 32.0 .
12408.0 20324.0 28.0 32.0 .
12484.0 20324.0 28.0 32.0 .
12560.0 20236.0 236.0 120.0 that
12848.0 20232.0 188.0 120.0 feel
13096.0 20240.0 260.0 144.0 right
13404.0 20240.0 404.0 108.0 without
13864.0 20276.0 256.0 104.0 your

10832.0 20484.0 248.0 100.0 coat
11148.0 20476.0 92.0 108.0 in
11284.0 20468.0 368.0 120.0 tnilder
11716.0 20472.0 456.0 116.0 climates
12232.0 20556.0 32.0 36.0 .
12324.0 20556.0 28.0 36.0 .
12412.0 20556.0 32.0 32.0 .
12500.0 20468.0 204.0 116.0 feel
12772.0 20468.0 668.0 124.0 comfortable
13504.0 20468.0 304.0 116.0 under
13868.0 20508.0 256.0 108.0 your

10828.0 20704.0 344.0 144.0 Jenny
11240.0 20704.0 192.0 120.0 furs
11500.0 20712.0 288.0 108.0 when
11848.0 20712.0 348.0 108.0 winter
12252.0 20704.0 300.0 116.0 winds
12616.0 20720.0 260.0 100.0 srt
12936.0 20704.0 420.0 144.0 blowing
13424.0 20788.0 32.0 36.0 .
13516.0 20788.0 32.0 32.0 .
13608.0 20796.0 28.0 36.0 .
13696.0 20700.0 260.0 120.0 both
14028.0 20708.0 88.0 104.0 in

10828.0 20948.0 240.0 112.0 sizes
11140.0 20948.0 116.0 108.0 10
11300.0 20956.0 108.0 100.0 to
11468.0 20952.0 116.0 104.0 16
11632.0 21028.0 32.0 32.0 .
11708.0 21024.0 32.0 28.0 .
11784.0 21024.0 32.0 36.0 .

10828.0 21428.0 232.0 112.0 left:
11156.0 21424.0 920.0 124.0 double-breasted
12168.0 21436.0 540.0 136.0 two-pieca
12796.0 21420.0 244.0 124.0 wool
13136.0 21420.0 192.0 124.0 knit
13416.0 21428.0 84.0 112.0 in
13588.0 21416.0 328.0 124.0 camel
14012.0 21464.0 112.0 72.0 or

10832.0 21664.0 344.0 140.0 bright
11256.0 21704.0 248.0 100.0 navy
11580.0 21748.0 252.0 32.0 ...
11912.0 21668.0 160.0 108.0 50.

10832.0 22156.0 312.0 144.0 right:
11204.0 22156.0 632.0 144.0 three-piece
11900.0 22148.0 488.0 152.0 cardigan
12444.0 22148.0 252.0 116.0 wool
12764.0 22148.0 188.0 120.0 knif
13008.0 22156.0 88.0 108.0 in
13156.0 22144.0 344.0 128.0 camel,
13560.0 22140.0 320.0 144.0 black,
13944.0 22144.0 180.0 116.0 red

10824.0 22432.0 112.0 68.0 or
11008.0 22428.0 316.0 104.0 green
11396.0 22472.0 232.0 36.0 ...
11712.0 22388.0 156.0 108.0 70.

10972.0 22712.0 212.0 112.0 2nd
11248.0 22708.0 252.0 112.0 floor
11556.0 22704.0 488.0 124.0 exclusive

12384.0 23808.0 40.0 64.0 '
13672.0 23768.0 56.0 424.0 1

2704.0 24512.0 292.0 136.0 BUY
3068.0 24512.0 424.0 136.0 YOUR
3580.0 24512.0 348.0 136.0 KNIT
4000.0 24504.0 312.0 144.0 SUIT
4388.0 24504.0 192.0 136.0 AT
4648.0 24500.0 632.0 144.0 JENNY'S
5348.0 24496.0 548.0 140.0 TODAY
5964.0 24608.0 32.0 36.0 .
6064.0 24604.0 40.0 32.0 .
6184.0 24604.0 32.0 36.0 .
6296.0 24496.0 248.0 140.0 IT'S
6616.0 24496.0 388.0 140.0 EASY
7080.0 24496.0 200.0 140.0 TO
7356.0 24496.0 300.0 140.0 BUY
7732.0 24496.0 244.0 136.0 ON
8052.0 24492.0 336.0 140.0 OUR
8456.0 24492.0 376.0 140.0 J.E.T.
8976.0 24488.0 832.0 140.0 ACCOUNT
9876.0 24600.0 40.0 36.0 .
9984.0 24604.0 36.0 36.0 .
10092.0 24596.0 36.0 36.0 .
10276.0 24492.0 408.0 168.0 Jenny
10744.0 24472.0 620.0 152.0 extended
11428.0 24492.0 324.0 124.0 term
