15644 25528
9648.0 764.0 720.0 112.0 Wednesday,
10432.0 760.0 264.0 92.0 Nov.
10752.0 756.0 80.0 108.0 1,
10892.0 756.0 244.0 96.0 1961

11628.0 752.0 312.0 96.0 THE
12068.0 744.0 1044.0 104.0 CINCINNATI
13244.0 732.0 880.0 124.0 ENQUIRER

14696.0 728.0 280.0 108.0 Page
15040.0 724.0 64.0 100.0 ?

472.0 1200.0 504.0 228.0 Talk
1064.0 1192.0 284.0 212.0 Of
1428.0 1192.0 436.0 208.0 Our
1948.0 1188.0 628.0 216.0 Town

612.0 1624.0 1372.0 348.0 Parable

1040.0 2320.0 204.0 108.0 BT
1296.0 2320.0 236.0 108.0 JIM
1596.0 2320.0 572.0 104.0 FOWER5

492.0 2504.0 260.0 108.0 THE
872.0 2496.0 692.0 108.0 CATHOLIC
1676.0 2492.0 624.0 124.0 Telegraph
2404.0 2488.0 500.0 128.0 Register

304.0 2668.0 232.0 104.0 last
580.0 2664.0 304.0 100.0 week
940.0 2660.0 452.0 120.0 printed
1444.0 2676.0 72.0 84.0 a
1568.0 2656.0 344.0 108.0 letter
1960.0 2656.0 304.0 104.0 from
2312.0 2676.0 208.0 88.0 one
2568.0 2656.0 132.0 100.0 of
2748.0 2652.0 152.0 104.0 Its

300.0 2824.0 484.0 108.0 readers,
828.0 2820.0 108.0 108.0 h
980.0 2820.0 128.0 100.0 B.
1152.0 2820.0 472.0 120.0 Mackey
1668.0 2820.0 124.0 104.0 of
1840.0 2812.0 660.0 112.0 Cincinnati,
2576.0 2816.0 292.0 100.0 writ-

300.0 2996.0 208.0 96.0 ten
576.0 2980.0 112.0 108.0 In
760.0 2984.0 204.0 100.0 the
1036.0 2984.0 292.0 116.0 style
1392.0 2980.0 124.0 104.0 of
1592.0 3000.0 76.0 84.0 a
1740.0 2976.0 492.0 124.0 parable,
2300.0 2976.0 92.0 104.0 It
2456.0 2976.0 240.0 100.0 told
2772.0 2972.0 120.0 104.0 of

296.0 3140.0 596.0 120.0 marching
924.0 3140.0 428.0 104.0 behind
1388.0 3160.0 68.0 84.0 a
1496.0 3136.0 312.0 104.0 band
1844.0 3136.0 120.0 108.0 In
2004.0 3136.0 200.0 108.0 the
2240.0 3136.0 268.0 116.0 Holy
2540.0 3136.0 352.0 100.0 Name

296.0 3300.0 452.0 108.0 Parade.
860.0 3300.0 144.0 100.0 In
1056.0 3300.0 292.0 120.0 part:

484.0 3432.0 312.0 100.0 "And
860.0 3436.0 208.0 96.0 the
1140.0 3428.0 300.0 104.0 band
1508.0 3428.0 372.0 120.0 began
1948.0 3432.0 128.0 100.0 to
2144.0 3428.0 284.0 124.0 play,
2492.0 3428.0 236.0 100.0 and
2800.0 3428.0 92.0 100.0 it

288.0 3564.0 400.0 124.0 played
744.0 3564.0 548.0 116.0 expertly,
1344.0 3560.0 584.0 124.0 spiritedly
1984.0 3564.0 236.0 100.0 and
2276.0 3560.0 372.0 116.0 loudly
2708.0 3560.0 180.0 100.0 for

292.0 3704.0 208.0 96.0 the
572.0 3692.0 208.0 104.0 full
864.0 3696.0 404.0 116.0 length
1348.0 3696.0 124.0 96.0 of
1552.0 3696.0 204.0 100.0 the
1836.0 3696.0 428.0 96.0 march.
2404.0 3692.0 252.0 100.0 And
2744.0 3688.0 148.0 104.0 its

292.0 3824.0 668.0 124.0 repertoire?
1096.0 3828.0 212.0 108.0 Ah,
1376.0 3824.0 148.0 104.0 its
1604.0 3824.0 644.0 124.0 repertoire!
2384.0 3824.0 232.0 104.0 The
2700.0 3840.0 152.0 100.0 ap-

288.0 3960.0 840.0 124.0 propriateness
1192.0 3956.0 228.0 104.0 and
1484.0 3956.0 476.0 120.0 aptness
2020.0 3960.0 128.0 100.0 of
2208.0 3956.0 196.0 100.0 the
2464.0 3956.0 424.0 100.0 chosen

292.0 4092.0 236.0 104.0 airs
592.0 4088.0 328.0 104.0 could
996.0 4092.0 404.0 116.0 hardly
1464.0 4088.0 304.0 100.0 have
1840.0 4088.0 284.0 100.0 been
2204.0 4104.0 304.0 84.0 more
2580.0 4104.0 272.0 84.0 care-

288.0 4224.0 296.0 116.0 fully
648.0 4220.0 492.0 100.0 blended
1212.0 4220.0 120.0 104.0 in
1400.0 4220.0 492.0 120.0 keeping
1960.0 4216.0 276.0 104.0 with
2308.0 4220.0 188.0 100.0 the
2572.0 4236.0 272.0 80.0 occa-

292.0 4356.0 284.0 104.0 sion.
480.0 4488.0 152.0 92.0 "A
692.0 4480.0 384.0 104.0 stroke
1140.0 4480.0 124.0 104.0 of
1324.0 4500.0 256.0 84.0 rare
1652.0 4476.0 428.0 120.0 genius,
2144.0 4500.0 160.0 92.0 or,
2364.0 4480.0 520.0 116.0 mayhap,

296.0 4616.0 428.0 116.0 angelic
772.0 4616.0 616.0 100.0 revelation
1432.0 4612.0 340.0 100.0 could
1808.0 4616.0 208.0 100.0 not
2056.0 4612.0 288.0 100.0 have
2380.0 4616.0 508.0 112.0 wrought

296.0 4768.0 340.0 84.0 more.
740.0 4748.0 340.0 100.0 What
1116.0 4764.0 232.0 80.0 was
1388.0 4748.0 460.0 104.0 chosen,
1892.0 4744.0 520.0 116.0 mayhap,
2456.0 4748.0 116.0 96.0 to
2620.0 4744.0 268.0 100.0 lend

292.0 4896.0 596.0 88.0 reverence
936.0 4880.0 124.0 96.0 to
1104.0 4876.0 200.0 104.0 the
1348.0 4876.0 284.0 116.0 day?
1744.0 4876.0 308.0 116.0 Why.
2100.0 4896.0 296.0 80.0 none
2440.0 4876.0 204.0 100.0 but
2692.0 4876.0 192.0 100.0 the

292.0 5012.0 304.0 100.0 most
656.0 5008.0 392.0 120.0 fitting
1104.0 5008.0 188.0 100.0 for
1348.0 5028.0 68.0 80.0 a
1480.0 5008.0 424.0 120.0 parade
1972.0 5028.0 132.0 80.0 so
2164.0 5008.0 276.0 116.0 lofty
2500.0 5008.0 120.0 100.0 in
2688.0 5028.0 156.0 80.0 na-

288.0 5148.0 296.0 96.0 ture:
628.0 5144.0 392.0 96.0 'Sweet
1056.0 5136.0 476.0 120.0 Georgia
1576.0 5140.0 472.0 108.0 Brown,'
2084.0 5140.0 264.0 100.0 The
2388.0 5140.0 468.0 100.0 Charles-

288.0 5280.0 244.0 100.0 ton'
600.0 5272.0 224.0 104.0 and
896.0 5272.0 204.0 104.0 the
1176.0 5272.0 396.0 100.0 band's
1648.0 5272.0 384.0 100.0 school
2108.0 5272.0 380.0 116.0 'Fight'
2560.0 5272.0 316.0 116.0 song!

288.0 5416.0 264.0 108.0 May
608.0 5408.0 440.0 96.0 heaven
1120.0 5404.0 344.0 100.0 attest
1528.0 5404.0 268.0 100.0 that
1860.0 5400.0 236.0 104.0 this
2156.0 5424.0 260.0 104.0 may
2476.0 5400.0 140.0 112.0 be
2688.0 5404.0 196.0 108.0 the

288.0 5540.0 352.0 104.0 truth!
768.0 5540.0 56.0 96.0 I
880.0 5536.0 280.0 116.0 jolly
1216.0 5536.0 260.0 100.0 thee
1536.0 5536.0 304.0 100.0 nof

480.0 5672.0 192.0 96.0 Mr.
732.0 5668.0 476.0 116.0 Mackey
1260.0 5664.0 416.0 104.0 wound
1732.0 5684.0 152.0 96.0 up
1940.0 5664.0 204.0 104.0 the
2196.0 5664.0 324.0 104.0 letter
2572.0 5668.0 304.0 100.0 thus:

484.0 5804.0 320.0 96.0 "How
856.0 5800.0 276.0 112.0 they
1176.0 5796.0 360.0 108.0 (those
1592.0 5796.0 420.0 104.0 behind
2064.0 5800.0 196.0 100.0 the
2304.0 5800.0 340.0 112.0 band)
2696.0 5820.0 188.0 80.0 are

292.0 5932.0 448.0 116.0 looking
808.0 5932.0 492.0 96.0 forward
1364.0 5932.0 116.0 96.0 to
1552.0 5936.0 280.0 92.0 next
1892.0 5952.0 272.0 96.0 year
2224.0 5936.0 352.0 112.0 when,
2644.0 5952.0 204.0 104.0 per-

292.0 6068.0 456.0 104.0 chance,
824.0 6064.0 276.0 112.0 they
1168.0 6080.0 288.0 96.0 may,
1524.0 6060.0 100.0 100.0 If
1692.0 6064.0 196.0 96.0 the
1952.0 6064.0 304.0 96.0 fates
2316.0 6084.0 188.0 80.0 are
2572.0 6056.0 312.0 120.0 kind,

296.0 6200.0 144.0 100.0 be
488.0 6192.0 388.0 120.0 placed
928.0 6192.0 424.0 104.0 behind
1404.0 6192.0 488.0 100.0 another
1936.0 6192.0 304.0 100.0 band
2292.0 6196.0 120.0 100.0 of
2460.0 6192.0 428.0 104.0 similar

288.0 6328.0 308.0 108.0 bent,
648.0 6324.0 232.0 100.0 and
940.0 6344.0 224.0 80.0 can
1224.0 6324.0 416.0 116.0 charge
1700.0 6328.0 328.0 96.0 down
2088.0 6328.0 196.0 100.0 the
2340.0 6328.0 368.0 100.0 Street
2764.0 6328.0 120.0 100.0 of

292.0 6464.0 204.0 96.0 the
560.0 6460.0 328.0 100.0 Plum
956.0 6456.0 128.0 100.0 to
1156.0 6456.0 196.0 100.0 the
1424.0 6476.0 224.0 96.0 gay
1720.0 6456.0 420.0 104.0 strains
2212.0 6456.0 120.0 104.0 of
2396.0 6460.0 284.0 100.0 such
2760.0 6480.0 124.0 84.0 as

288.0 6596.0 256.0 92.0 Tea
592.0 6592.0 176.0 96.0 for
812.0 6584.0 332.0 120.0 Two,'
1196.0 6588.0 188.0 100.0 the
1436.0 6588.0 332.0 108.0 while
1824.0 6588.0 492.0 124.0 dancing
2360.0 6592.0 192.0 104.0 the
2608.0 6592.0 268.0 104.0 'Cha

284.0 6728.0 244.0 100.0 Cha
588.0 6720.0 368.0 100.0 Cha'."

492.0 6892.0 464.0 104.0 FRANK
1004.0 6892.0 732.0 116.0 ROBINSON,
1776.0 6896.0 196.0 100.0 the
2016.0 6892.0 296.0 104.0 Beds
2380.0 6896.0 512.0 120.0 slugging

292.0 7028.0 308.0 116.0 right
660.0 7024.0 436.0 108.0 fielder,
1164.0 7044.0 228.0 80.0 was
1460.0 7024.0 672.0 104.0 Introduced
2200.0 7032.0 124.0 96.0 to
2392.0 7028.0 172.0 96.0 his
2636.0 7048.0 248.0 76.0 new

296.0 7160.0 340.0 104.0 bride,
696.0 7156.0 504.0 100.0 Barbara
1264.0 7164.0 256.0 96.0 Ann
1592.0 7160.0 264.0 100.0 Cole
1916.0 7160.0 128.0 100.0 of
2108.0 7160.0 212.0 100.0 Los
2380.0 7160.0 504.0 116.0 Angeles,

288.0 7292.0 152.0 116.0 by
508.0 7288.0 368.0 104.0 friend
952.0 7288.0 236.0 100.0 and
1260.0 7288.0 544.0 120.0 road-trip
1872.0 7292.0 620.0 104.0 roommate
2568.0 7296.0 308.0 96.0 Vada

228.0 7424.0 500.0 112.0 .Plnson,
840.0 7420.0 204.0 96.0 the
1156.0 7420.0 696.0 100.0 fleet-footed
1964.0 7424.0 388.0 100.0 center
2452.0 7424.0 424.0 100.0 fielder.

284.0 7556.0 444.0 108.0 Pinson,
788.0 7552.0 460.0 120.0 already
1304.0 7552.0 496.0 100.0 married
1852.0 7552.0 492.0 116.0 himself,
2396.0 7552.0 484.0 124.0 brought

288.0 7688.0 200.0 100.0 the
580.0 7684.0 396.0 116.0 couple
1068.0 7684.0 524.0 116.0 together
1680.0 7708.0 152.0 80.0 on
1912.0 7688.0 212.0 104.0 the
2212.0 7688.0 320.0 104.0 Reds'
2624.0 7688.0 256.0 104.0 first

284.0 7816.0 232.0 120.0 trip
572.0 7816.0 116.0 100.0 to
748.0 7816.0 204.0 100.0 the
1012.0 7820.0 316.0 96.0 coast
1380.0 7820.0 180.0 100.0 six
1624.0 7816.0 468.0 108.0 months
2144.0 7840.0 240.0 100.0 ago.

456.0 7988.0 432.0 100.0 NOTES
920.0 7988.0 192.0 96.0 ON
1144.0 7984.0 668.0 104.0 VISITORS:
1876.0 7988.0 416.0 104.0 Robert
2320.0 7992.0 120.0 100.0 D.
2472.0 7992.0 412.0 104.0 Frank-

296.0 8120.0 168.0 100.0 lin
520.0 8124.0 116.0 100.0 of
692.0 8120.0 456.0 112.0 Toledo,
1208.0 8124.0 264.0 104.0 here
1540.0 8124.0 184.0 100.0 for
1784.0 8124.0 200.0 104.0 the
2044.0 8128.0 664.0 104.0 conference
2772.0 8128.0 116.0 100.0 of

308.0 8256.0 200.0 96.0 the
548.0 8252.0 284.0 100.0 Ohio
876.0 8248.0 456.0 124.0 Library
1372.0 8256.0 740.0 112.0 Association,
2152.0 8260.0 420.0 100.0 carried
2624.0 8260.0 268.0 100.0 with

288.0 8388.0 244.0 104.0 him
588.0 8400.0 64.0 84.0 a
700.0 8380.0 588.0 108.0 memento
1344.0 8388.0 412.0 116.0 passed
1812.0 8408.0 152.0 84.0 on
2020.0 8392.0 296.0 108.0 from
2372.0 8392.0 196.0 100.0 the
2636.0 8392.0 240.0 100.0 18W

316.0 8740.0 84.0 108.0 S

508.0 8860.0 636.0 212.0 World
1236.0 8864.0 492.0 208.0 Beat

628.0 9220.0 1312.0 332.0 Indians
2060.0 9224.0 960.0 336.0 Knew

940.0 9820.0 188.0 96.0 BY
1204.0 9820.0 360.0 100.0 DAVE
1648.0 9820.0 620.0 100.0 ROBERTS

476.0 10004.0 564.0 96.0 HARDLY
1104.0 10008.0 276.0 96.0 HAD
1464.0 10008.0 56.0 100.0 I
1588.0 10008.0 376.0 96.0 closed
2028.0 10008.0 192.0 100.0 the
2284.0 10008.0 276.0 100.0 book
2624.0 10028.0 156.0 76.0 on
2836.0 10028.0 68.0 80.0 a

292.0 10132.0 376.0 92.0 recent
756.0 10128.0 368.0 96.0 World
1196.0 10132.0 280.0 96.0 Beat
1556.0 10132.0 464.0 96.0 column
2092.0 10128.0 336.0 100.0 about
2496.0 10136.0 408.0 96.0 Indian

292.0 10252.0 520.0 96.0 Summer
880.0 10252.0 284.0 96.0 than
1228.0 10256.0 116.0 92.0 A.
1412.0 10256.0 440.0 96.0 Reader
1912.0 10272.0 372.0 80.0 comes
2348.0 10256.0 116.0 96.0 in
2532.0 10260.0 120.0 92.0 to
2716.0 10276.0 188.0 96.0 say

292.0 10376.0 252.0 96.0 that
624.0 10376.0 196.0 92.0 the
904.0 10376.0 468.0 96.0 Indians
1460.0 10376.0 324.0 96.0 knew
1868.0 10400.0 308.0 76.0 more
2260.0 10380.0 340.0 96.0 about
2688.0 10380.0 216.0 100.0 this

288.0 10516.0 396.0 80.0 season
780.0 10496.0 292.0 96.0 than
1168.0 10500.0 48.0 92.0 I
1304.0 10500.0 508.0 96.0 credited
1904.0 10500.0 316.0 96.0 them
2308.0 10504.0 200.0 112.0 for.

420.0 10624.0 148.0 96.0 To
672.0 10640.0 348.0 96.0 prove
1120.0 10620.0 176.0 96.0 his
1388.0 10624.0 332.0 112.0 point
1812.0 10624.0 144.0 96.0 he
2056.0 10624.0 472.0 116.0 brought
2620.0 10624.0 132.0 96.0 in
2836.0 10640.0 68.0 84.0 a

288.0 10744.0 528.0 120.0 yellowed
892.0 10740.0 504.0 120.0 clipping
1468.0 10748.0 312.0 112.0 from
1860.0 10744.0 232.0 100.0 The
2168.0 10748.0 572.0 112.0 Enquirer.
2808.0 10748.0 100.0 96.0 It

288.0 10888.0 232.0 80.0 was
596.0 10868.0 352.0 96.0 dated
1032.0 10868.0 412.0 96.0 almost
1532.0 10868.0 444.0 112.0 excatly
2060.0 10868.0 124.0 100.0 20
2260.0 10888.0 320.0 100.0 years
2668.0 10888.0 236.0 96.0 ago.

472.0 10996.0 100.0 100.0 It
632.0 11012.0 376.0 80.0 seems
1072.0 10996.0 256.0 96.0 that
1388.0 10996.0 192.0 96.0 Dr.
1648.0 10996.0 176.0 96.0 Erl
1888.0 10996.0 368.0 120.0 Bates,
2316.0 10996.0 244.0 100.0 who
2624.0 11000.0 276.0 96.0 then

288.0 11148.0 224.0 80.0 was
580.0 11148.0 144.0 80.0 an
800.0 11128.0 444.0 100.0 adviser
1308.0 11148.0 152.0 80.0 on
1532.0 11128.0 412.0 100.0 Indian
2008.0 11128.0 388.0 104.0 affairs
2464.0 11132.0 124.0 96.0 at
2656.0 11132.0 204.0 100.0 Cor-

284.0 11264.0 260.0 112.0 nell,
620.0 11260.0 236.0 100.0 had
944.0 11260.0 588.0 116.0 definitely
1612.0 11264.0 176.0 96.0 set
1864.0 11264.0 404.0 100.0 Indian
2352.0 11268.0 508.0 96.0 Summer-

284.0 11400.0 272.0 96.0 time
620.0 11396.0 448.0 96.0 around
1132.0 11396.0 196.0 100.0 the
1396.0 11396.0 224.0 100.0 full
1684.0 11416.0 404.0 80.0 moons
2148.0 11400.0 120.0 96.0 of
2332.0 11392.0 332.0 120.0 early'
2704.0 11400.0 152.0 96.0 No-

284.0 11532.0 444.0 96.0 vember
792.0 11532.0 304.0 96.0 after
1156.0 11532.0 192.0 96.0 the
1408.0 11532.0 268.0 96.0 first
1736.0 11532.0 292.0 96.0 hard
2088.0 11532.0 304.0 96.0 frost
2484.0 11532.0 412.0 100.0 What's

280.0 11684.0 336.0 88.0 more,
692.0 11664.0 204.0 96.0 the
980.0 11664.0 384.0 96.0 doctor
1440.0 11684.0 332.0 76.0 came
1848.0 11664.0 144.0 112.0 by
2072.0 11664.0 224.0 100.0 this
2372.0 11664.0 480.0 100.0 informa-

280.0 11800.0 240.0 96.0 tion
592.0 11800.0 500.0 112.0 through
1168.0 11796.0 176.0 100.0 his
1412.0 11800.0 308.0 100.0 close
1792.0 11796.0 428.0 104.0 studies
2292.0 11800.0 116.0 96.0 of
2476.0 11800.0 376.0 120.0 prehis-

288.0 11932.0 276.0 100.0 toric
616.0 11928.0 608.0 104.0 American
1276.0 11932.0 272.0 96.0 lore.

468.0 12108.0 132.0 96.0 IT
688.0 12104.0 440.0 100.0 SEEMS
1212.0 12104.0 452.0 100.0 THERE
1748.0 12124.0 288.0 84.0 were
2120.0 12104.0 236.0 120.0 lazy
2432.0 12104.0 464.0 104.0 Indians

408.0 12240.0 224.0 116.0 Just
700.0 12260.0 132.0 80.0 as
904.0 12240.0 324.0 100.0 there
1296.0 12260.0 196.0 84.0 are
1564.0 12240.0 240.0 116.0 lazy
1868.0 12236.0 340.0 108.0 white
2268.0 12260.0 296.0 80.0 men.
2664.0 12244.0 228.0 96.0 The

284.0 12380.0 368.0 96.0 Green
740.0 12372.0 324.0 100.0 Gods
1156.0 12376.0 120.0 96.0 of
1360.0 12376.0 648.0 116.0 yesteryear
2088.0 12392.0 316.0 84.0 came
2484.0 12372.0 136.0 104.0 to
2716.0 12376.0 188.0 100.0 the

280.0 12528.0 384.0 84.0 rescue
764.0 12508.0 128.0 100.0 of
988.0 12508.0 324.0 104.0 these
1412.0 12508.0 416.0 100.0 Indian
1924.0 12508.0 588.0 104.0 lndolents.
2648.0 12504.0 248.0 104.0 And

280.0 12644.0 340.0 100.0 that's
708.0 12644.0 296.0 112.0 why,
1096.0 12644.0 184.0 100.0 Dr.
1364.0 12640.0 352.0 104.0 Bates
1804.0 12640.0 596.0 116.0 insists,
2488.0 12640.0 408.0 104.0 Indian

280.0 12784.0 520.0 96.0 Summer
868.0 12776.0 136.0 100.0 1st

472.0 12968.0 372.0 100.0 Here's
960.0 12964.0 204.0 100.0 the
1272.0 12968.0 344.0 120.0 story,
1728.0 12960.0 120.0 104.0 in
1964.0 12964.0 180.0 104.0 his
2252.0 12984.0 244.0 80.0 own
2616.0 12964.0 236.0 100.0 well-

280.0 13104.0 404.0 96.0 turned
804.0 13100.0 512.0 120.0 phrases:

468.0 13240.0 288.0 96.0 "The
848.0 13236.0 564.0 100.0 bluebirds
1500.0 13232.0 228.0 104.0 and
1812.0 13236.0 380.0 100.0 robins
2268.0 13236.0 280.0 96.0 have
2636.0 13232.0 256.0 120.0 long

276.0 13372.0 304.0 96.0 since
680.0 13372.0 356.0 96.0 flown
1140.0 13372.0 116.0 96.0 to
1352.0 13372.0 208.0 96.0 the
1664.0 13372.0 268.0 96.0 land
2032.0 13372.0 120.0 96.0 of
2248.0 13372.0 188.0 96.0 the
2536.0 13368.0 352.0 100.0 South

280.0 13504.0 344.0 108.0 Wind,
732.0 13504.0 236.0 96.0 and
1076.0 13504.0 192.0 100.0 the
1372.0 13504.0 320.0 96.0 honk
1792.0 13504.0 128.0 96.0 of
2016.0 13504.0 252.0 96.0 wild
2376.0 13520.0 324.0 96.0 geese
2804.0 13504.0 84.0 96.0 Is

280.0 13640.0 344.0 100.0 heard
692.0 13656.0 132.0 80.0 as
892.0 13640.0 200.0 100.0 the
1156.0 13640.0 400.0 116.0 smoky
1616.0 13640.0 276.0 100.0 haze
1956.0 13636.0 104.0 104.0 Is
2116.0 13636.0 404.0 100.0 wafted
2584.0 13636.0 268.0 100.0 west-

276.0 13776.0 300.0 96.0 ward
644.0 13776.0 124.0 96.0 at
836.0 13772.0 428.0 100.0 sunset.

468.0 13936.0 292.0 100.0 "The
824.0 13936.0 596.0 116.0 gathering
1484.0 13932.0 128.0 100.0 of
1668.0 13932.0 468.0 120.0 ripened
2192.0 13952.0 264.0 84.0 corn
2520.0 13928.0 124.0 104.0 In
2708.0 13932.0 184.0 100.0 the

280.0 14068.0 432.0 100.0 cleared
780.0 14068.0 280.0 100.0 land
1124.0 14068.0 440.0 120.0 beyond
1628.0 14068.0 192.0 100.0 the
1884.0 14068.0 396.0 116.0 village
2336.0 14068.0 212.0 100.0 has
2612.0 14068.0 280.0 100.0 been

280.0 14204.0 632.0 120.0 completed
988.0 14204.0 148.0 116.0 by
1208.0 14208.0 304.0 92.0 most
1584.0 14204.0 124.0 96.0 of
1776.0 14200.0 204.0 108.0 the
2052.0 14200.0 540.0 116.0 villagers,
2676.0 14196.0 216.0 104.0 and

280.0 14344.0 292.0 92.0 most
632.0 14340.0 124.0 96.0 of
824.0 14340.0 204.0 96.0 the
1096.0 14336.0 488.0 100.0 animals
1648.0 14340.0 284.0 96.0 have
2004.0 14336.0 536.0 120.0 garnered
2604.0 14332.0 292.0 104.0 their

276.0 14472.0 388.0 96.0 winter
728.0 14472.0 312.0 100.0 store
1104.0 14472.0 116.0 96.0 of
1280.0 14476.0 312.0 96.0 nuts.

468.0 14608.0 352.0 96.0 "Most
900.0 14608.0 128.0 92.0 of
1108.0 14608.0 196.0 96.0 the
1388.0 14604.0 376.0 100.0 leaves
1844.0 14604.0 292.0 100.0 have
2216.0 14620.0 244.0 84.0 now
2544.0 14600.0 344.0 100.0 fallen

280.0 14740.0 288.0 96.0 from
624.0 14740.0 204.0 96.0 the
888.0 14740.0 220.0 96.0 oak
1168.0 14736.0 220.0 100.0 and
1452.0 14740.0 200.0 100.0 the
1708.0 14740.0 408.0 116.0 maple,
2176.0 14736.0 220.0 104.0 and
2448.0 14740.0 444.0 96.0 mother

276.0 14880.0 396.0 92.0 nature
744.0 14872.0 100.0 100.0 is
912.0 14876.0 348.0 96.0 about
1316.0 14876.0 124.0 96.0 to
1508.0 14872.0 296.0 100.0 close
1868.0 14872.0 212.0 104.0 her
2140.0 14888.0 248.0 100.0 eyes
2452.0 14868.0 188.0 100.0 for
2704.0 14872.0 184.0 96.0 the

276.0 15008.0 264.0 116.0 long
600.0 15008.0 404.0 100.0 winter
1068.0 15024.0 400.0 80.0 moons
1536.0 15028.0 280.0 80.0 soon
1880.0 15008.0 128.0 96.0 at
2064.0 15000.0 332.0 104.0 hand.

464.0 15144.0 620.0 104.0 "However,
1176.0 15144.0 320.0 96.0 there
1592.0 15160.0 188.0 80.0 are
1872.0 15160.0 312.0 80.0 some
2272.0 15140.0 236.0 112.0 lazy
2604.0 15140.0 284.0 96.0 folks

276.0 15276.0 124.0 100.0 in
488.0 15280.0 188.0 96.0 the
772.0 15276.0 408.0 116.0 village
1268.0 15276.0 256.0 100.0 who
1616.0 15276.0 144.0 96.0 do
1848.0 15276.0 212.0 96.0 not
2148.0 15292.0 180.0 80.0 see
2416.0 15272.0 204.0 100.0 the
2716.0 15292.0 136.0 96.0 ap-

276.0 15412.0 412.0 116.0 proach
808.0 15412.0 124.0 96.0 of
1044.0 15408.0 396.0 100.0 winter
1556.0 15408.0 228.0 100.0 and
1892.0 15404.0 696.0 120.0 continually
2704.0 15420.0 184.0 104.0 say

276.0 15548.0 252.0 96.0 that
588.0 15548.0 328.0 92.0 there
988.0 15544.0 96.0 96.0 Is
1152.0 15544.0 220.0 100.0 still
1444.0 15540.0 280.0 100.0 time
1788.0 15540.0 188.0 100.0 for
2040.0 15540.0 468.0 100.0 harvest.

464.0 15684.0 196.0 96.0 "At
736.0 15680.0 404.0 116.0 length
1208.0 15696.0 328.0 80.0 came
1616.0 15680.0 188.0 96.0 the
1880.0 15672.0 440.0 104.0 sudden
2388.0 15676.0 320.0 116.0 gusts
2776.0 15672.0 116.0 100.0 of

276.0 15812.0 248.0 104.0 cold
608.0 15812.0 304.0 100.0 wind
1008.0 15816.0 492.0 112.0 through
1592.0 15812.0 192.0 96.0 the
1872.0 15808.0 428.0 116.0 village,
2380.0 15808.0 236.0 100.0 and
2704.0 15808.0 184.0 96.0 the

276.0 15952.0 300.0 112.0 early
680.0 15948.0 536.0 116.0 morning
1320.0 15948.0 448.0 96.0 sunrise
1876.0 15944.0 460.0 116.0 glistens
2436.0 15960.0 156.0 80.0 on
2704.0 15944.0 184.0 96.0 the

280.0 16084.0 280.0 96.0 frost
664.0 16080.0 528.0 100.0 maidens
1296.0 16076.0 400.0 120.0 sitting
1800.0 16096.0 156.0 80.0 on
2064.0 16076.0 196.0 100.0 the
2364.0 16076.0 308.0 96.0 roofs
2776.0 16072.0 112.0 100.0 of

276.0 16216.0 196.0 96.0 the
536.0 16212.0 416.0 120.0 lodges.

464.0 16352.0 524.0 112.0 "Finally,
1080.0 16344.0 196.0 100.0 the
1364.0 16344.0 356.0 100.0 Great
1804.0 16348.0 292.0 96.0 Bear
2180.0 16340.0 120.0 104.0 in
2380.0 16340.0 204.0 100.0 the
2680.0 16344.0 208.0 112.0 Sky

272.0 16504.0 348.0 96.0 opens
692.0 16484.0 188.0 100.0 his
956.0 16480.0 400.0 104.0 mouth
1428.0 16480.0 240.0 100.0 and
1740.0 16480.0 200.0 100.0 the
2016.0 16480.0 252.0 96.0 first
2336.0 16476.0 368.0 100.0 flakes
2772.0 16476.0 112.0 96.0 of

468.0 16924.0 540.0 204.0 Your
1124.0 16912.0 736.0 216.0 Health

612.0 17364.0 1348.0 324.0 Disease
2076.0 17344.0 1976.0 408.0 Immigrants

412.0 17924.0 180.0 96.0 BY
664.0 17924.0 232.0 96.0 DR.
972.0 17920.0 276.0 100.0 VAN
1320.0 17916.0 528.0 100.0 DELLEN

396.0 18112.0 260.0 96.0 THE
756.0 18108.0 512.0 100.0 INFLUX
1356.0 18108.0 136.0 100.0 of
1584.0 18104.0 408.0 100.0 Puerto

276.0 18272.0 400.0 100.0 Rlcans
748.0 18268.0 248.0 100.0 into
1064.0 18268.0 196.0 100.0 the
1324.0 18268.0 384.0 100.0 States
1772.0 18264.0 220.0 100.0 has

276.0 18404.0 448.0 100.0 created
760.0 18420.0 328.0 84.0 some
1128.0 18400.0 516.0 124.0 puzzling
1684.0 18396.0 264.0 100.0 med-

280.0 18536.0 208.0 100.0 ical
532.0 18536.0 600.0 120.0 problems.
1180.0 18536.0 208.0 96.0 For
1436.0 18528.0 556.0 120.0 example,

272.0 18668.0 180.0 96.0 Dr.
556.0 18672.0 120.0 92.0 A.
792.0 18664.0 688.0 108.0 Fernandez,
1588.0 18664.0 180.0 96.0 Dr.
1876.0 18660.0 116.0 96.0 F.

272.0 18796.0 444.0 116.0 Villa,
804.0 18796.0 236.0 104.0 and
1124.0 18800.0 180.0 96.0 Dr.
1392.0 18788.0 600.0 108.0 Frederick

268.0 18932.0 696.0 116.0 Steigmann,
1004.0 18932.0 124.0 96.0 of
1160.0 18924.0 832.0 116.0 Chicago's

268.0 19068.0 292.0 96.0 Cook
648.0 19068.0 456.0 112.0 County
1180.0 19060.0 532.0 120.0 hospital,
1796.0 19072.0 148.0 80.0 en-

272.0 19196.0 612.0 100.0 countered
940.0 19200.0 116.0 96.0 10
1104.0 19216.0 316.0 76.0 cases
1472.0 19192.0 124.0 100.0 of
1640.0 19188.0 304.0 100.0 schis-

260.0 19328.0 568.0 100.0 tosmlasls
888.0 19328.0 124.0 96.0 in
1076.0 19328.0 192.0 100.0 the
1328.0 19328.0 240.0 96.0 last
1624.0 19336.0 296.0 104.0 year.

392.0 19464.0 260.0 96.0 This
740.0 19464.0 96.0 96.0 is
920.0 19456.0 496.0 104.0 unusual
1508.0 19456.0 484.0 96.0 because

272.0 19596.0 468.0 116.0 tropical
784.0 19592.0 492.0 100.0 diseases
1324.0 19608.0 200.0 80.0 are
1564.0 19604.0 248.0 80.0 rare
1860.0 19584.0 128.0 96.0 in

268.0 19732.0 296.0 92.0 most
612.0 19728.0 132.0 96.0 of
796.0 19744.0 216.0 80.0 our
1068.0 19724.0 304.0 116.0 large
1428.0 19720.0 564.0 100.0 northern

272.0 19860.0 336.0 96.0 cities.

396.0 19988.0 956.0 100.0 Schistosomiasis
1400.0 19984.0 132.0 100.0 In
1580.0 19980.0 412.0 100.0 Puerto

264.0 20124.0 408.0 100.0 Rlcans
732.0 20120.0 104.0 104.0 Is
900.0 20140.0 152.0 80.0 an
1116.0 20116.0 588.0 104.0 intestinal
1764.0 20112.0 184.0 96.0 dis-

268.0 20276.0 252.0 80.0 ease
616.0 20252.0 664.0 108.0 contracted
1380.0 20252.0 156.0 116.0 by
1624.0 20244.0 320.0 104.0 swim-

268.0 20388.0 336.0 116.0 ming,
688.0 20388.0 536.0 116.0 working,
1296.0 20404.0 136.0 76.0 or
1516.0 20376.0 476.0 116.0 bathing

260.0 20520.0 128.0 96.0 In
468.0 20520.0 352.0 96.0 water
900.0 20512.0 856.0 104.0 contaminated
1844.0 20508.0 148.0 116.0 by

268.0 20652.0 344.0 100.0 snails
712.0 20652.0 268.0 96.0 that
1080.0 20652.0 424.0 100.0 harbor
1596.0 20660.0 396.0 80.0 worm-

2148.0 18068.0 576.0 108.0 TODAY'S
2772.0 18064.0 536.0 104.0 HEALTH
3360.0 18060.0 340.0 104.0 HINT

2248.0 18224.0 676.0 120.0 Familiarity
2952.0 18220.0 284.0 104.0 with
3268.0 18240.0 64.0 84.0 a
3364.0 18224.0 484.0 100.0 sensible

2156.0 18384.0 228.0 108.0 diet
2468.0 18384.0 392.0 104.0 breeds
2944.0 18384.0 500.0 104.0 content

2152.0 18740.0 216.0 100.0 like
2440.0 18736.0 532.0 100.0 flukes
3052.0 18728.0 800.0 104.0 (Schistosoma

2156.0 18868.0 588.0 104.0 mansonl).
2808.0 18864.0 368.0 104.0 These
3248.0 18864.0 372.0 96.0 flukes
3688.0 18880.0 124.0 80.0 es-

2152.0 19024.0 272.0 92.0 cape
2528.0 19004.0 288.0 92.0 from
2916.0 19000.0 212.0 92.0 the
3224.0 18996.0 288.0 100.0 snail
3624.0 18988.0 228.0 104.0 and

2148.0 19140.0 308.0 96.0 swim
2492.0 19128.0 420.0 120.0 rapidly
2944.0 19124.0 428.0 104.0 toward
3408.0 19144.0 444.0 96.0 anyone

2148.0 19268.0 120.0 96.0 in
2360.0 19268.0 200.0 96.0 the
2656.0 19264.0 360.0 96.0 water.
3120.0 19260.0 300.0 112.0 They
3512.0 19276.0 296.0 100.0 pene-

2156.0 19396.0 284.0 104.0 trate
2492.0 19396.0 204.0 100.0 the
2744.0 19392.0 252.0 104.0 skin
3052.0 19412.0 152.0 76.0 on
3256.0 19392.0 484.0 96.0 contact.

2276.0 19584.0 428.0 96.0 THESE
2820.0 19576.0 748.0 96.0 PARASITES
3700.0 19576.0 112.0 92.0 in-

2156.0 19716.0 276.0 100.0 vade
2492.0 19716.0 208.0 96.0 the
2752.0 19708.0 336.0 100.0 blood
3152.0 19712.0 444.0 104.0 vessels,
3656.0 19704.0 152.0 100.0 fol-

2148.0 19848.0 204.0 100.0 low
2388.0 19864.0 72.0 84.0 a
2496.0 19840.0 600.0 120.0 migration
3140.0 19844.0 308.0 96.0 route
3496.0 19840.0 124.0 96.0 in
3656.0 19836.0 196.0 100.0 the

2152.0 19980.0 320.0 116.0 body,
2528.0 19976.0 232.0 100.0 and
2808.0 19968.0 644.0 116.0 eventually
3512.0 19968.0 344.0 100.0 reach

2152.0 20116.0 192.0 96.0 the
2384.0 20108.0 320.0 100.0 veins
2736.0 20108.0 268.0 100.0 next
3044.0 20108.0 128.0 92.0 to
3208.0 20104.0 184.0 96.0 the
3436.0 20108.0 380.0 112.0 gastro-

2156.0 20240.0 576.0 104.0 intestinal
2780.0 20236.0 328.0 100.0 tract.
3152.0 20236.0 228.0 100.0 The
3436.0 20232.0 416.0 100.0 female

2156.0 20392.0 404.0 80.0 worms
2612.0 20372.0 172.0 116.0 lay
2828.0 20368.0 308.0 96.0 their
3180.0 20384.0 256.0 100.0 eggs
3484.0 20364.0 124.0 100.0 in
3656.0 20368.0 196.0 92.0 the

2152.0 20504.0 568.0 108.0 intestine,
2820.0 20500.0 380.0 96.0 where
3304.0 20500.0 272.0 112.0 they
3684.0 20516.0 124.0 76.0 es-

2148.0 20656.0 312.0 104.0 cape,
2516.0 20640.0 128.0 96.0 to
2700.0 20632.0 388.0 120.0 repeat
3140.0 20632.0 196.0 96.0 the
3388.0 20624.0 344.0 120.0 cycle.

292.0 21148.0 80.0 416.0 J
508.0 21128.0 856.0 252.0 Today's
1460.0 21128.0 740.0 244.0 Prayer

292.0 21544.0 76.0 248.0 1
648.0 21488.0 496.0 328.0 No
1312.0 21480.0 1100.0 332.0 Limits

1124.0 21960.0 180.0 96.0 BY
1360.0 21960.0 236.0 96.0 DR.
1644.0 21956.0 364.0 100.0 JOHN
2060.0 21948.0 536.0 104.0 MARVIN
2652.0 21944.0 344.0 100.0 BAST

500.0 22116.0 344.0 100.0 Dont
904.0 22120.0 160.0 100.0 sit
1124.0 22120.0 328.0 104.0 there
1516.0 22116.0 496.0 120.0 moping.
2076.0 22108.0 324.0 100.0 What
2464.0 22104.0 100.0 104.0 if
2628.0 22120.0 204.0 104.0 you
2896.0 22104.0 156.0 96.0 do
3120.0 22100.0 404.0 120.0 belong
3592.0 22096.0 120.0 100.0 to
3780.0 22112.0 68.0 84.0 a

268.0 22248.0 528.0 120.0 minority
908.0 22256.0 416.0 116.0 group?

504.0 22384.0 388.0 100.0 Christ
936.0 22384.0 232.0 100.0 and
1216.0 22384.0 200.0 104.0 His
1468.0 22380.0 528.0 116.0 disciples
2044.0 22372.0 544.0 112.0 belonged
2640.0 22372.0 112.0 96.0 to
2800.0 22384.0 60.0 84.0 a
2912.0 22364.0 536.0 116.0 minority
3500.0 22380.0 348.0 96.0 group

268.0 22512.0 208.0 108.0 too,
592.0 22520.0 208.0 96.0 but
920.0 22520.0 408.0 100.0 behold
1452.0 22520.0 252.0 96.0 how
1816.0 22508.0 356.0 100.0 much
2280.0 22508.0 276.0 116.0 they
2672.0 22500.0 528.0 100.0 achieved
3312.0 22496.0 232.0 100.0 and
3664.0 22512.0 184.0 80.0 are

264.0 22648.0 612.0 116.0 achieving.

504.0 22780.0 176.0 100.0 All
736.0 22788.0 204.0 92.0 the
992.0 22784.0 232.0 96.0 real
1288.0 22780.0 236.0 100.0 and
1580.0 22776.0 460.0 124.0 abiding
2088.0 22772.0 376.0 104.0 values
2516.0 22764.0 128.0 104.0 of
2688.0 22768.0 184.0 100.0 life
2924.0 22780.0 204.0 84.0 are
3180.0 22760.0 260.0 108.0 held
3492.0 22756.0 360.0 104.0 Intact

268.0 22908.0 140.0 120.0 by
472.0 22932.0 64.0 76.0 a
612.0 22916.0 712.0 100.0 determined
1396.0 22920.0 248.0 96.0 few.

508.0 23044.0 252.0 100.0 God
820.0 23052.0 240.0 96.0 sets
1116.0 23072.0 156.0 76.0 no
1328.0 23048.0 360.0 100.0 limits
1744.0 23048.0 128.0 96.0 to
1932.0 23060.0 276.0 100.0 your
2264.0 23036.0 588.0 100.0 Influence.
2912.0 23032.0 260.0 100.0 You
3232.0 23024.0 224.0 100.0 and
3520.0 23020.0 56.0 108.0 I
3640.0 23040.0 212.0 84.0 can

264.0 23168.0 140.0 104.0 be
468.0 23192.0 120.0 84.0 as
648.0 23180.0 196.0 116.0 big
904.0 23184.0 128.0 96.0 of
1092.0 23184.0 324.0 96.0 mind
1488.0 23176.0 228.0 100.0 and
1796.0 23176.0 332.0 100.0 heart
2188.0 23192.0 120.0 80.0 as
2372.0 23188.0 168.0 76.0 we
2604.0 23164.0 240.0 100.0 will.

504.0 23316.0 96.0 92.0 A
664.0 23316.0 376.0 96.0 better
1100.0 23316.0 352.0 96.0 world
1520.0 23312.0 392.0 96.0 awaits
1976.0 23308.0 356.0 96.0 better
2388.0 23316.0 280.0 84.0 men
2732.0 23292.0 220.0 104.0 and
3024.0 23308.0 428.0 84.0 women
3588.0 23304.0 260.0 84.0 men

272.0 23440.0 216.0 96.0 and
568.0 23460.0 448.0 84.0 women
1100.0 23452.0 252.0 92.0 who
1436.0 23448.0 380.0 100.0 refuse
1900.0 23444.0 120.0 96.0 to
2100.0 23440.0 136.0 96.0 be
2316.0 23424.0 728.0 120.0 discouraged
3132.0 23428.0 140.0 112.0 by
3348.0 23424.0 504.0 112.0 seeming

280.0 23572.0 516.0 124.0 blocking
836.0 23580.0 128.0 100.0 of
1004.0 23584.0 200.0 96.0 the
1244.0 23580.0 384.0 100.0 divine
1672.0 23592.0 516.0 108.0 purpose,
2232.0 23572.0 252.0 96.0 who
2528.0 23580.0 580.0 108.0 persevere
3152.0 23560.0 116.0 96.0 in
3312.0 23556.0 204.0 100.0 the
3560.0 23552.0 296.0 100.0 faith

272.0 23704.0 244.0 100.0 that
556.0 23708.0 284.0 100.0 time
884.0 23716.0 104.0 96.0 is
1032.0 23736.0 148.0 80.0 on
1228.0 23716.0 204.0 96.0 the
1484.0 23712.0 236.0 96.0 side
1764.0 23712.0 128.0 92.0 of
1940.0 23704.0 540.0 120.0 goodness
2536.0 23696.0 216.0 100.0 and
2800.0 23692.0 568.0 112.0 brotherly
3416.0 23684.0 432.0 100.0 accord.

512.0 23888.0 280.0 100.0 "For
876.0 23892.0 320.0 104.0 there
1276.0 23896.0 108.0 96.0 is
1472.0 23916.0 152.0 76.0 no
1708.0 23892.0 536.0 100.0 restraint
2324.0 23892.0 120.0 92.0 to
2536.0 23884.0 184.0 96.0 the
2796.0 23876.0 296.0 104.0 Lord
3176.0 23880.0 108.0 96.0 to
3364.0 23892.0 268.0 80.0 save
3716.0 23872.0 140.0 116.0 by

280.0 24028.0 332.0 104.0 many
684.0 24044.0 140.0 80.0 or
900.0 24028.0 144.0 116.0 by
1116.0 24028.0 324.0 116.0 few."
1516.0 24032.0 92.0 104.0 (I
1684.0 24024.0 460.0 100.0 Samuel
2220.0 24020.0 264.0 100.0 U:S)

516.0 24204.0 236.0 100.0 Our
812.0 24212.0 440.0 112.0 Father,
1316.0 24240.0 176.0 72.0 we
1556.0 24220.0 204.0 96.0 ask
1820.0 24216.0 272.0 108.0 only
2148.0 24212.0 248.0 96.0 that
2456.0 24228.0 172.0 72.0 we
2688.0 24224.0 248.0 92.0 may
3004.0 24200.0 144.0 92.0 be
3208.0 24192.0 464.0 100.0 faithful
3732.0 24192.0 116.0 92.0 to

276.0 24332.0 192.0 96.0 the
540.0 24336.0 492.0 108.0 fullness
1092.0 24348.0 124.0 100.0 of
1276.0 24348.0 252.0 116.0 Thy
1592.0 24348.0 612.0 96.0 revelation
2268.0 24344.0 116.0 92.0 In
2452.0 24336.0 396.0 100.0 Christ
2916.0 24332.0 212.0 96.0 Let
3184.0 24332.0 192.0 96.0 the
3448.0 24324.0 364.0 100.0 knowl-

276.0 24468.0 268.0 112.0 edge
600.0 24472.0 128.0 96.0 of
784.0 24472.0 240.0 124.0 Thy
1080.0 24500.0 544.0 104.0 presence
1680.0 24484.0 236.0 96.0 and
1972.0 24472.0 664.0 124.0 providence
2692.0 24472.0 276.0 112.0 keep
3032.0 24484.0 140.0 80.0 ui
3228.0 24460.0 448.0 120.0 singing
3728.0 24480.0 124.0 72.0 as

272.0 24600.0 328.0 100.0 work.

3112.0 2324.0 676.0 96.0 conference
3832.0 2324.0 116.0 96.0 of
3992.0 2324.0 184.0 100.0 the
4224.0 2324.0 312.0 104.0 OLA.
4572.0 2324.0 260.0 100.0 held
4876.0 2324.0 120.0 104.0 in
5036.0 2324.0 444.0 104.0 Toledo.
5580.0 2324.0 116.0 96.0 It

3140.0 2456.0 112.0 96.0 is
3324.0 2476.0 64.0 76.0 a
3464.0 2456.0 748.0 112.0 book-shaped
4296.0 2456.0 392.0 100.0 locket
4824.0 2460.0 340.0 96.0 What
5228.0 2460.0 272.0 96.0 dees
5572.0 2456.0 152.0 100.0 he

3096.0 2604.0 332.0 96.0 carry
3492.0 2584.0 116.0 100.0 in
3680.0 2584.0 152.0 100.0 it?
3932.0 2584.0 448.0 120.0 Aspirin
4452.0 2656.0 32.0 32.0 .
4544.0 2656.0 32.0 36.0 .
4640.0 2660.0 28.0 28.0 .
4736.0 2588.0 464.0 100.0 Edward
5264.0 2588.0 420.0 108.0 Weeks,

3132.0 2716.0 364.0 96.0 editor
3564.0 2716.0 124.0 100.0 of
3760.0 2716.0 196.0 100.0 the
4020.0 2716.0 508.0 104.0 Atlantic
4592.0 2720.0 544.0 116.0 Monthly,
5204.0 2720.0 240.0 100.0 who
5520.0 2716.0 148.0 100.0 ad-

3092.0 2844.0 460.0 100.0 dressed
3604.0 2848.0 200.0 100.0 the
3856.0 2848.0 600.0 104.0 librarians
4504.0 2868.0 140.0 80.0 on
4696.0 2852.0 192.0 96.0 the
4940.0 2848.0 560.0 104.0 evolution
5552.0 2848.0 124.0 96.0 of

3120.0 2996.0 72.0 80.0 a
3268.0 2980.0 392.0 116.0 writer,
3732.0 2980.0 268.0 96.0 used
4072.0 2980.0 408.0 100.0 Ernest
4544.0 2976.0 708.0 120.0 Hemingway
5324.0 3000.0 124.0 80.0 as
5516.0 2976.0 184.0 100.0 his

3108.0 3112.0 548.0 112.0 example.
3792.0 3116.0 160.0 92.0 He
4020.0 3112.0 228.0 100.0 had
4320.0 3128.0 388.0 84.0 source
4772.0 3108.0 512.0 104.0 material
5356.0 3108.0 288.0 104.0 avail-

3088.0 3240.0 264.0 100.0 able
3424.0 3244.0 112.0 96.0 to
3608.0 3260.0 160.0 80.0 no
3840.0 3244.0 320.0 100.0 other
4232.0 3248.0 476.0 112.0 speaker
4828.0 3260.0 64.0 80.0 a
4976.0 3240.0 700.0 116.0 manuscript

3100.0 3372.0 152.0 112.0 by
3336.0 3372.0 792.0 120.0 Hemingway's
4216.0 3376.0 368.0 112.0 sister,
4668.0 3376.0 112.0 96.0 to
4864.0 3372.0 144.0 100.0 be
5096.0 3364.0 588.0 132.0 published

3080.0 3500.0 328.0 100.0 later.

3284.0 3676.0 132.0 96.0 IF
3460.0 3672.0 264.0 104.0 THE
3776.0 3676.0 644.0 100.0 AVERAGE
4468.0 3696.0 388.0 100.0 person
4908.0 3672.0 428.0 104.0 walked
5384.0 3672.0 288.0 100.0 back

3080.0 3808.0 240.0 100.0 and
3412.0 3808.0 308.0 100.0 forth
3812.0 3808.0 576.0 116.0 alongside
4484.0 3828.0 68.0 80.0 a
4640.0 3808.0 616.0 100.0 basketball
5348.0 3808.0 324.0 96.0 court

3084.0 3936.0 412.0 120.0 during
3544.0 3956.0 64.0 80.0 a
3660.0 3960.0 324.0 96.0 game
4032.0 3940.0 140.0 96.0 he
4224.0 3936.0 368.0 104.0 would
4640.0 3936.0 128.0 100.0 be
4816.0 3936.0 476.0 100.0 shouted
5344.0 3936.0 324.0 100.0 down

3076.0 4072.0 284.0 96.0 with
3424.0 4068.0 284.0 104.0 calls
3772.0 4072.0 120.0 100.0 of
3956.0 4072.0 392.0 100.0 "down
4424.0 4068.0 116.0 104.0 in
4608.0 4068.0 400.0 112.0 front,"
5080.0 4072.0 196.0 96.0 but
5344.0 4072.0 324.0 92.0 Steve

3072.0 4200.0 588.0 112.0 Hoffman,
3708.0 4204.0 200.0 100.0 the
3960.0 4204.0 444.0 116.0 Royals'
4452.0 4200.0 544.0 120.0 publicist,
5052.0 4200.0 264.0 100.0 does
5364.0 4200.0 92.0 100.0 it
5508.0 4196.0 156.0 100.0 all

3080.0 4336.0 212.0 96.0 the
3380.0 4336.0 268.0 96.0 time
3744.0 4336.0 464.0 96.0 without
4304.0 4332.0 640.0 120.0 complaint
5104.0 4332.0 348.0 100.0 Catch
5544.0 4328.0 128.0 112.0 is,

3076.0 4468.0 336.0 96.0 Steve
3484.0 4464.0 96.0 96.0 is
3648.0 4484.0 132.0 80.0 so
3852.0 4468.0 304.0 96.0 short
4228.0 4468.0 212.0 96.0 the
4508.0 4468.0 620.0 112.0 spectators
5192.0 4484.0 208.0 80.0 can
5476.0 4480.0 192.0 84.0 see

3076.0 4616.0 280.0 80.0 over
3404.0 4592.0 232.0 100.0 him
3696.0 4668.0 28.0 28.0 .
3776.0 4668.0 32.0 32.0 .
3864.0 4664.0 28.0 36.0 .
3940.0 4596.0 672.0 100.0 Pocket-size
4664.0 4596.0 328.0 100.0 cards
5052.0 4596.0 360.0 116.0 giving
5468.0 4596.0 200.0 96.0 the

3088.0 4728.0 408.0 116.0 Royals
3568.0 4732.0 340.0 96.0 home
3984.0 4724.0 536.0 100.0 schedule
4592.0 4744.0 276.0 80.0 were
4940.0 4724.0 528.0 120.0 provided
5548.0 4744.0 128.0 80.0 as

3100.0 4856.0 684.0 116.0 advertising
3892.0 4856.0 636.0 124.0 promotion
4640.0 4856.0 136.0 116.0 by
4888.0 4880.0 148.0 76.0 an
5156.0 4852.0 472.0 104.0 advertis-

3080.0 4988.0 208.0 116.0 ing
3364.0 5012.0 448.0 96.0 agency.
3952.0 4992.0 228.0 96.0 The
4268.0 4988.0 672.0 120.0 advertising
5028.0 4988.0 100.0 100.0 is
5200.0 4988.0 196.0 96.0 not
5472.0 4988.0 196.0 96.0 too
5744.0 5092.0 16.0 16.0 .

3088.0 5124.0 292.0 116.0 good
3492.0 5140.0 152.0 80.0 on
3764.0 5120.0 500.0 120.0 spelling,
4392.0 5120.0 436.0 100.0 witness
4944.0 5116.0 736.0 100.0 "calenders."

3084.0 5252.0 340.0 120.0 Oops!

3280.0 5428.0 92.0 96.0 A
3428.0 5424.0 596.0 100.0 DRIVE-IN
4088.0 5424.0 904.0 104.0 RESTAURANT
5052.0 5424.0 120.0 100.0 in
5236.0 5416.0 440.0 104.0 Fairfax

3084.0 5560.0 372.0 96.0 which
3564.0 5560.0 508.0 116.0 provides
4176.0 5560.0 288.0 96.0 curb
4572.0 5556.0 404.0 100.0 service
5092.0 5556.0 404.0 100.0 caused
5608.0 5576.0 72.0 72.0 a

3088.0 5692.0 720.0 96.0 double-take
3884.0 5692.0 168.0 96.0 for
4132.0 5712.0 68.0 76.0 a
4288.0 5688.0 324.0 100.0 while
4688.0 5688.0 268.0 100.0 with
5040.0 5712.0 148.0 76.0 an
5264.0 5684.0 372.0 100.0 incom-

3088.0 5824.0 304.0 120.0 plete
3456.0 5820.0 284.0 120.0 sign.
3864.0 5820.0 96.0 100.0 It
4024.0 5820.0 288.0 100.0 said:
4416.0 5820.0 288.0 100.0 Curb
4764.0 5820.0 296.0 100.0 Vice.

3288.0 5996.0 256.0 96.0 THE
3620.0 5992.0 384.0 96.0 GOOD
4072.0 5992.0 620.0 100.0 FATHERS
4760.0 5992.0 120.0 96.0 at
4948.0 5992.0 408.0 100.0 Xavier
5420.0 5984.0 216.0 104.0 Uni-

3088.0 6128.0 412.0 116.0 versity
3560.0 6128.0 364.0 96.0 flinch
3980.0 6148.0 336.0 96.0 every
4384.0 6124.0 264.0 100.0 time
4712.0 6120.0 244.0 100.0 Tito
5024.0 6112.0 468.0 120.0 Carinci,
5556.0 6116.0 124.0 100.0 of

3088.0 6260.0 672.0 96.0 Ratterman
3820.0 6276.0 248.0 84.0 case
4124.0 6256.0 352.0 108.0 fame,
4536.0 6256.0 96.0 100.0 is
4688.0 6252.0 580.0 104.0 identified
5332.0 6272.0 128.0 80.0 as
5524.0 6268.0 156.0 80.0 an

3084.0 6392.0 212.0 96.0 XU
3380.0 6392.0 564.0 116.0 graduate.
4088.0 6392.0 188.0 108.0 80,
4368.0 6388.0 312.0 116.0 irony
4760.0 6388.0 372.0 96.0 would
5216.0 6388.0 280.0 100.0 have
5588.0 6384.0 96.0 96.0 It

3088.0 6524.0 268.0 96.0 that
3404.0 6524.0 548.0 116.0 Saturday
4000.0 6524.0 336.0 100.0 when
4392.0 6520.0 196.0 100.0 the
4636.0 6536.0 704.0 100.0 newspapers
5392.0 6532.0 284.0 80.0 were

3092.0 6652.0 576.0 116.0 reporting
3740.0 6652.0 116.0 100.0 In
3932.0 6652.0 640.0 116.0 front-page
4644.0 6652.0 400.0 100.0 stories
5116.0 6648.0 244.0 100.0 that
5432.0 6648.0 252.0 100.0 Tito

3088.0 6784.0 236.0 96.0 and
3420.0 6780.0 216.0 104.0 five
3732.0 6784.0 376.0 96.0 others
4200.0 6784.0 240.0 96.0 had
4540.0 6780.0 268.0 100.0 been
4908.0 6780.0 488.0 100.0 indicted
5500.0 6780.0 184.0 96.0 for

3084.0 6912.0 692.0 116.0 conspiracy,
3836.0 6916.0 188.0 96.0 the
4084.0 6916.0 640.0 100.0 Musketeer
4784.0 6912.0 320.0 112.0 Club,
5168.0 6908.0 508.0 116.0 boosting

3084.0 7048.0 408.0 96.0 Xavler
3564.0 7048.0 544.0 108.0 athletics,
4188.0 7064.0 240.0 80.0 was
4508.0 7044.0 460.0 116.0 holding
5044.0 7040.0 624.0 100.0 dedication

3080.0 7176.0 696.0 100.0 ceremonies
3844.0 7180.0 172.0 92.0 for
4076.0 7196.0 68.0 80.0 a
4220.0 7176.0 388.0 100.0 shrine
4672.0 7176.0 116.0 96.0 to
4856.0 7176.0 152.0 96.0 its
5080.0 7168.0 392.0 120.0 Legion
5548.0 7172.0 124.0 96.0 of

3076.0 7308.0 408.0 100.0 Honor.
3620.0 7312.0 432.0 116.0 Among
4116.0 7308.0 212.0 100.0 the
4396.0 7328.0 388.0 76.0 names
4848.0 7328.0 156.0 76.0 on
5080.0 7308.0 188.0 96.0 the
5336.0 7300.0 332.0 104.0 scroll

3084.0 7440.0 108.0 96.0 is
3232.0 7440.0 236.0 104.0 Tito
3512.0 7436.0 468.0 100.0 Carinci.
4076.0 7440.0 172.0 96.0 He
4292.0 7456.0 232.0 80.0 was
4564.0 7436.0 532.0 108.0 honored,
5140.0 7436.0 528.0 108.0 however,

3088.0 7572.0 192.0 96.0 for
3332.0 7568.0 176.0 104.0 his
3564.0 7564.0 464.0 108.0 football
4092.0 7588.0 500.0 100.0 prowess
4652.0 7568.0 328.0 104.0 while
5048.0 7568.0 120.0 104.0 in
5228.0 7564.0 448.0 116.0 college,

3100.0 7704.0 216.0 96.0 not
3376.0 7700.0 176.0 100.0 for
3616.0 7700.0 808.0 120.0 postgraduate
4496.0 7696.0 564.0 104.0 activities.

3296.0 7872.0 536.0 100.0 REPORT
3864.0 7872.0 464.0 100.0 COMES
4368.0 7872.0 260.0 96.0 here
4664.0 7868.0 252.0 104.0 that
4956.0 7868.0 420.0 104.0 several
5420.0 7868.0 268.0 120.0 girls

3092.0 8004.0 260.0 100.0 who
3396.0 8004.0 536.0 112.0 formerly
3972.0 8004.0 432.0 100.0 earned
4456.0 8000.0 280.0 100.0 their
4788.0 8004.0 348.0 116.0 living
5180.0 8020.0 208.0 80.0 one
5440.0 8016.0 240.0 96.0 way

3092.0 8156.0 140.0 80.0 or
3304.0 8136.0 480.0 100.0 another
3852.0 8132.0 120.0 108.0 in
4044.0 8136.0 568.0 100.0 Northern
4684.0 8136.0 596.0 112.0 Kentucky
5352.0 8128.0 332.0 120.0 night

3108.0 8272.0 312.0 108.0 spots
3504.0 8268.0 292.0 100.0 have
3880.0 8264.0 280.0 100.0 been
4248.0 8264.0 664.0 124.0 circulating
4996.0 8268.0 492.0 116.0 recently
5572.0 8264.0 120.0 100.0 in

3096.0 8392.0 628.0 104.0 downtown
3784.0 8392.0 644.0 104.0 Cincinnati
4484.0 8396.0 324.0 100.0 cafes.

3116.0 9844.0 308.0 80.0 snow
3496.0 9824.0 516.0 112.0 descend,
4084.0 9824.0 240.0 100.0 and
4400.0 9828.0 480.0 120.0 through
4960.0 9832.0 196.0 96.0 the
5228.0 9828.0 308.0 100.0 veins
5604.0 9828.0 128.0 96.0 of

3116.0 9964.0 204.0 92.0 the
3412.0 9956.0 244.0 124.0 lazy
3748.0 9980.0 264.0 80.0 man
4108.0 9980.0 336.0 84.0 come
4540.0 9964.0 188.0 100.0 the
4828.0 9960.0 900.0 120.0 awakening

3116.0 10092.0 456.0 104.0 shivers.

3316.0 10308.0 184.0 96.0 "In
3604.0 10308.0 760.0 116.0 desperation,
4464.0 10308.0 136.0 100.0 he
4700.0 10316.0 464.0 116.0 appeals
5260.0 10316.0 176.0 112.0 for
5536.0 10332.0 152.0 76.0 an-

3116.0 10432.0 324.0 92.0 other
3496.0 10432.0 464.0 112.0 chance,
4016.0 10452.0 124.0 80.0 so
4204.0 10440.0 136.0 92.0 in
4400.0 10452.0 420.0 80.0 answer
4880.0 10460.0 316.0 76.0 come
5264.0 10440.0 188.0 96.0 the
5512.0 10440.0 216.0 112.0 few

3120.0 10572.0 344.0 76.0 warm
3564.0 10576.0 284.0 76.0 suns
3944.0 10560.0 116.0 112.0 of
4180.0 10560.0 320.0 112.0 early
4592.0 10564.0 636.0 92.0 November.

3308.0 10676.0 288.0 100.0 "The
3648.0 10680.0 464.0 100.0 Indians
4164.0 10680.0 232.0 100.0 call
4448.0 10680.0 88.0 96.0 it
4568.0 10680.0 732.0 116.0 'lazy-farmer
5332.0 10680.0 404.0 116.0 moon,'

3108.0 10800.0 192.0 112.0 for
3372.0 10796.0 88.0 96.0 it
3540.0 10800.0 100.0 96.0 is
3720.0 10804.0 176.0 96.0 his
3972.0 10804.0 224.0 96.0 last
4276.0 10804.0 424.0 100.0 chance
4780.0 10812.0 116.0 92.0 to
4980.0 10808.0 472.0 96.0 harvest.
5536.0 10812.0 152.0 96.0 Be-

3112.0 10940.0 340.0 80.0 cause
3532.0 10928.0 128.0 92.0 at
3744.0 10928.0 516.0 96.0 eventide
4352.0 10928.0 120.0 96.0 in
4556.0 10928.0 184.0 100.0 the
4820.0 10932.0 408.0 112.0 golden
5304.0 10932.0 428.0 108.0 sunset,

3112.0 11044.0 580.0 120.0 changing
3772.0 11048.0 352.0 116.0 forms
4216.0 11052.0 128.0 112.0 of
4436.0 11048.0 240.0 100.0 blue
4764.0 11056.0 600.0 96.0 autumnal
5456.0 11056.0 272.0 92.0 haze

3112.0 11172.0 292.0 96.0 arise
3500.0 11168.0 228.0 96.0 like
3848.0 11168.0 180.0 104.0 the
4124.0 11172.0 396.0 100.0 smoke
4612.0 11176.0 292.0 112.0 from
5008.0 11176.0 184.0 100.0 the
5284.0 11176.0 444.0 100.0 council

3104.0 11292.0 280.0 116.0 fires
3452.0 11296.0 124.0 108.0 of
3652.0 11292.0 192.0 100.0 the
3916.0 11296.0 192.0 96.0 red
4188.0 11316.0 308.0 88.0 men,
4560.0 11300.0 564.0 112.0 palefaces
5192.0 11316.0 244.0 84.0 now
5508.0 11300.0 220.0 100.0 call

3116.0 11412.0 196.0 100.0 the
3396.0 11432.0 404.0 80.0 season
3880.0 11416.0 420.0 100.0 Indian
4388.0 11420.0 588.0 96.0 summer."

3308.0 11588.0 212.0 92.0 DR.
3608.0 11588.0 452.0 112.0 BATES,
4144.0 11588.0 336.0 100.0 those
4564.0 11592.0 116.0 92.0 20
4760.0 11608.0 324.0 96.0 years
5168.0 11612.0 232.0 96.0 ago,
5484.0 11588.0 244.0 100.0 said

3116.0 11720.0 152.0 100.0 he
3352.0 11720.0 224.0 100.0 had
3668.0 11724.0 348.0 96.0 found
4100.0 11724.0 248.0 96.0 this
4436.0 11724.0 388.0 116.0 legend
4916.0 11744.0 528.0 96.0 among
5532.0 11728.0 196.0 96.0 the

3116.0 11856.0 668.0 100.0 Kennebecs
3872.0 11860.0 116.0 92.0 of
4072.0 11860.0 420.0 112.0 Maine,
4584.0 11864.0 192.0 96.0 the
4868.0 11860.0 652.0 116.0 Chlppewas
5608.0 11860.0 124.0 96.0 of

3120.0 11992.0 560.0 100.0 Northern
3780.0 11992.0 604.0 116.0 Michigan,
4476.0 11992.0 188.0 100.0 the
4764.0 11992.0 756.0 100.0 Menomlnees
5620.0 11992.0 124.0 96.0 of

3120.0 12120.0 624.0 104.0 Wisconsin
3848.0 12124.0 220.0 100.0 and
4176.0 12144.0 416.0 96.0 among
4688.0 12128.0 200.0 100.0 the
4992.0 12128.0 184.0 100.0 Six
5268.0 12128.0 468.0 104.0 Nations

3112.0 12256.0 128.0 96.0 of
3304.0 12260.0 252.0 96.0 New
3628.0 12256.0 292.0 100.0 York
3988.0 12256.0 240.0 104.0 and
4296.0 12256.0 488.0 104.0 Ontario.

3304.0 12416.0 160.0 100.0 He
3528.0 12416.0 248.0 100.0 also
3840.0 12436.0 272.0 100.0 gave
4180.0 12420.0 364.0 100.0 credit
4604.0 12420.0 116.0 100.0 to
4784.0 12424.0 208.0 100.0 the
5060.0 12424.0 364.0 100.0 Dutch
5488.0 12424.0 200.0 100.0 Cal-

3116.0 12548.0 340.0 104.0 vinlst
3508.0 12552.0 516.0 104.0 minister
4076.0 12556.0 656.0 100.0 mentioned
4792.0 12560.0 124.0 96.0 in
4976.0 12580.0 192.0 92.0 my
5216.0 12556.0 516.0 120.0 previous

3112.0 12688.0 456.0 96.0 column
3704.0 12692.0 648.0 96.0 Bemardus
4436.0 12692.0 536.0 100.0 Freeman
5056.0 12692.0 120.0 100.0 of
5252.0 12692.0 436.0 96.0 Schnec-

3116.0 12820.0 296.0 116.0 tady,
3464.0 12824.0 128.0 92.0 N.
3652.0 12824.0 160.0 108.0 Y.,
3860.0 12824.0 176.0 96.0 for
4084.0 12824.0 684.0 116.0 translating
4820.0 12828.0 208.0 96.0 the
5080.0 12828.0 300.0 116.0 story
5436.0 12824.0 300.0 100.0 from

3108.0 12952.0 204.0 100.0 the
3376.0 12952.0 512.0 100.0 Mohawk
3952.0 12960.0 432.0 116.0 tongue
4452.0 12980.0 120.0 76.0 as
4640.0 12960.0 304.0 116.0 early
5020.0 12984.0 120.0 80.0 as
5212.0 12964.0 264.0 96.0 1707.

3300.0 13116.0 232.0 100.0 The
3608.0 13116.0 404.0 104.0 Indian
4092.0 13120.0 572.0 116.0 authority
4744.0 13124.0 244.0 96.0 also
5064.0 13124.0 332.0 96.0 noted
5476.0 13124.0 260.0 96.0 that

3112.0 13252.0 400.0 96.0 earlier
3568.0 13252.0 360.0 100.0 Jesuit
3984.0 13256.0 508.0 112.0 writings
4548.0 13256.0 340.0 116.0 spoke
4952.0 13256.0 124.0 96.0 of
5132.0 13280.0 60.0 76.0 a
5256.0 13256.0 472.0 96.0 "second

3112.0 13384.0 516.0 100.0 harvest"
3700.0 13392.0 292.0 104.0 time,
4060.0 13388.0 220.0 96.0 but
4344.0 13392.0 488.0 96.0 whether
4904.0 13396.0 252.0 92.0 that
5220.0 13392.0 224.0 96.0 had
5516.0 13392.0 172.0 96.0 ref-

3112.0 13536.0 396.0 84.0 erence
3568.0 13520.0 124.0 96.0 to
3752.0 13524.0 820.0 100.0 after-the-raln
4632.0 13524.0 388.0 116.0 period
5080.0 13532.0 136.0 92.0 he
5276.0 13524.0 188.0 96.0 did
5528.0 13524.0 204.0 100.0 not

3112.0 13660.0 352.0 92.0 know.
3596.0 13656.0 236.0 96.0 The
3916.0 13656.0 320.0 108.0 time,
4340.0 13660.0 520.0 108.0 however,
4964.0 13660.0 96.0 96.0 is
5152.0 13660.0 580.0 112.0 definitely

3116.0 13788.0 432.0 100.0 around
3620.0 13788.0 192.0 104.0 the
3880.0 13792.0 208.0 100.0 full
4160.0 13812.0 344.0 80.0 moon
4576.0 13792.0 112.0 100.0 in
4752.0 13792.0 620.0 100.0 November
5436.0 13796.0 300.0 96.0 after

3120.0 13924.0 200.0 100.0 the
3376.0 13920.0 260.0 104.0 first
3696.0 13924.0 280.0 100.0 hard
4040.0 13928.0 384.0 108.0 frosts,
4484.0 13928.0 172.0 96.0 Dr.
4724.0 13928.0 344.0 100.0 Bates
5128.0 13924.0 540.0 104.0 declared.

3312.0 14080.0 432.0 96.0 WHILE
3836.0 14084.0 252.0 96.0 THE
4180.0 14084.0 568.0 120.0 following
4832.0 14084.0 236.0 100.0 tale
5148.0 14084.0 208.0 100.0 has
5444.0 14084.0 288.0 100.0 little

3120.0 14200.0 120.0 100.0 to
3312.0 14204.0 144.0 92.0 do
3536.0 14204.0 280.0 100.0 with
3892.0 14228.0 68.0 72.0 a
4044.0 14208.0 568.0 96.0 technical
4720.0 14228.0 144.0 76.0 or
4948.0 14228.0 276.0 76.0 even
5304.0 14208.0 276.0 96.0 with
5660.0 14228.0 72.0 80.0 a

3116.0 14324.0 608.0 116.0 legendary
3848.0 14328.0 632.0 100.0 discussion
4532.0 14332.0 120.0 116.0 of
4712.0 14332.0 420.0 96.0 Indian
5184.0 14332.0 556.0 112.0 Summer,

3112.0 14448.0 232.0 96.0 still
3412.0 14452.0 328.0 112.0 foxes
3812.0 14452.0 224.0 96.0 and
4112.0 14452.0 508.0 112.0 Indians,
4688.0 14460.0 596.0 108.0 somehow,
5356.0 14476.0 144.0 96.0 go
5576.0 14460.0 116.0 92.0 to-

3108.0 14572.0 424.0 116.0 gether.
3300.0 14724.0 88.0 100.0 A
3444.0 14724.0 224.0 100.0 few
3728.0 14724.0 264.0 120.0 days
4052.0 14748.0 256.0 96.0 ago,
4372.0 14728.0 332.0 104.0 about
4764.0 14732.0 832.0 112.0 mid-momlng.
5660.0 14748.0 68.0 80.0 a

3112.0 14856.0 184.0 120.0 big
3352.0 14860.0 200.0 100.0 red
3612.0 14864.0 196.0 96.0 fox
3864.0 14864.0 424.0 100.0 trotted
4348.0 14864.0 288.0 100.0 from
4692.0 14864.0 200.0 100.0 the
4956.0 14864.0 444.0 100.0 wooded
5464.0 14864.0 264.0 100.0 hills

3108.0 14996.0 364.0 96.0 which
3568.0 14996.0 232.0 104.0 line
3888.0 14996.0 196.0 100.0 the
4172.0 15000.0 276.0 96.0 East
4532.0 15000.0 280.0 100.0 Fork
4904.0 15004.0 128.0 92.0 of
5112.0 15004.0 196.0 96.0 the
5396.0 15000.0 328.0 100.0 Little

3108.0 15128.0 384.0 100.0 Miami
3592.0 15132.0 328.0 96.0 River
4008.0 15132.0 120.0 96.0 in
4236.0 15132.0 568.0 100.0 Clermont
4900.0 15136.0 464.0 116.0 County.
5488.0 15136.0 240.0 96.0 The

3108.0 15268.0 276.0 112.0 path
3484.0 15264.0 160.0 100.0 he
3744.0 15264.0 520.0 104.0 followed
4364.0 15268.0 420.0 100.0 carried
4888.0 15268.0 240.0 100.0 him
5228.0 15268.0 328.0 100.0 down
5660.0 15284.0 64.0 80.0 a

3112.0 15400.0 292.0 96.0 farm
3508.0 15400.0 300.0 116.0 lane,
3900.0 15400.0 500.0 100.0 beneath
4504.0 15424.0 68.0 76.0 a
4664.0 15404.0 252.0 116.0 sign
5028.0 15400.0 700.0 120.0 designating

3112.0 15536.0 196.0 92.0 the
3392.0 15552.0 348.0 84.0 name
3824.0 15536.0 120.0 96.0 of
4024.0 15540.0 208.0 96.0 the
4324.0 15536.0 316.0 112.0 farm,
4728.0 15560.0 380.0 80.0 across
5196.0 15536.0 116.0 100.0 U.
5404.0 15540.0 108.0 92.0 S.
5604.0 15540.0 124.0 92.0 SO

3116.0 15664.0 224.0 100.0 and
3428.0 15668.0 252.0 100.0 into
3764.0 15668.0 192.0 100.0 the
4044.0 15672.0 380.0 116.0 fringe
4512.0 15672.0 112.0 96.0 of
4708.0 15672.0 588.0 100.0 woodland
5392.0 15672.0 336.0 116.0 along

3108.0 15804.0 200.0 96.0 the
3392.0 15808.0 456.0 92.0 stream.

3300.0 15936.0 356.0 104.0 There
3728.0 15940.0 92.0 96.0 is
3892.0 15936.0 288.0 100.0 little
4256.0 15940.0 480.0 100.0 unusual
4808.0 15940.0 128.0 100.0 in
5008.0 15940.0 224.0 100.0 this
5300.0 15944.0 300.0 112.0 story

3112.0 16072.0 180.0 96.0 for
3364.0 16076.0 576.0 96.0 Clermont
4012.0 16076.0 456.0 112.0 County
4544.0 16076.0 412.0 100.0 houses
5040.0 16076.0 204.0 100.0 lots
5324.0 16076.0 124.0 96.0 of
5528.0 16072.0 200.0 100.0 red

3112.0 16204.0 304.0 100.0 foxes
3556.0 16212.0 388.0 112.0 except
4020.0 16208.0 208.0 100.0 the
4308.0 16228.0 324.0 80.0 name
4712.0 16232.0 148.0 76.0 on
4952.0 16212.0 188.0 96.0 the
5216.0 16208.0 252.0 120.0 sign
5548.0 16208.0 136.0 100.0 be-

3108.0 16344.0 348.0 96.0 neath
3524.0 16344.0 368.0 96.0 which
3956.0 16344.0 224.0 100.0 Old
4252.0 16344.0 504.0 116.0 Reynard
4832.0 16344.0 444.0 100.0 trotted.

3296.0 16476.0 232.0 100.0 The
3612.0 16496.0 368.0 80.0 name:
4068.0 16480.0 252.0 96.0 Red
4400.0 16480.0 216.0 100.0 Fox
4696.0 16480.0 372.0 96.0 Farm!

4148.0 17916.0 248.0 104.0 The
4504.0 17920.0 372.0 108.0 flukes
4992.0 17948.0 184.0 80.0 are
5284.0 17932.0 408.0 96.0 bother-

4012.0 18068.0 336.0 80.0 some
4436.0 18052.0 404.0 124.0 during
4932.0 18060.0 296.0 100.0 their
5316.0 18064.0 416.0 100.0 travels

4020.0 18180.0 504.0 120.0 through
4600.0 18188.0 196.0 100.0 the
4884.0 18188.0 292.0 120.0 body
5248.0 18188.0 208.0 104.0 but
5540.0 18212.0 188.0 80.0 are

4012.0 18316.0 320.0 96.0 most
4364.0 18316.0 744.0 104.0 troublesome
5148.0 18324.0 324.0 100.0 while
5508.0 18324.0 184.0 120.0 lay-

4020.0 18444.0 212.0 116.0 ing
4300.0 18444.0 288.0 104.0 their
4648.0 18468.0 300.0 100.0 eggs.
5024.0 18456.0 300.0 116.0 They
5384.0 18476.0 348.0 84.0 cause

4016.0 18576.0 456.0 132.0 colitlsn
4512.0 18580.0 576.0 104.0 intestinal
5180.0 18588.0 548.0 120.0 bleeding,

4016.0 18712.0 356.0 108.0 ulcer,
4456.0 18712.0 532.0 120.0 phlebitis
5068.0 18720.0 120.0 100.0 of
5272.0 18724.0 196.0 96.0 the
5564.0 18724.0 116.0 100.0 in-

4012.0 18840.0 384.0 96.0 ternal
4468.0 18848.0 332.0 108.0 veins,
4880.0 18852.0 224.0 96.0 and
5164.0 18852.0 564.0 108.0 disorders

4008.0 18968.0 136.0 100.0 of
4200.0 18972.0 200.0 96.0 the
4452.0 18972.0 272.0 104.0 liver
4776.0 18980.0 236.0 100.0 and
5064.0 18984.0 416.0 116.0 spleen.

4148.0 19104.0 460.0 104.0 Victims
4652.0 19112.0 124.0 96.0 of
4816.0 19116.0 208.0 92.0 the
5064.0 19116.0 660.0 104.0 infestation

4008.0 19232.0 340.0 100.0 often
4412.0 19236.0 456.0 120.0 develop
4928.0 19244.0 332.0 112.0 fever,
5316.0 19248.0 228.0 100.0 loss
5600.0 19252.0 124.0 100.0 of

4012.0 19364.0 536.0 116.0 appetite,
4688.0 19372.0 608.0 112.0 headache,
5436.0 19380.0 248.0 100.0 diar-

4024.0 19496.0 320.0 108.0 rhea,
4388.0 19500.0 216.0 96.0 and
4648.0 19508.0 688.0 112.0 generalized
5384.0 19516.0 336.0 100.0 aches

4020.0 19628.0 248.0 96.0 and
4316.0 19632.0 340.0 112.0 pains.

4152.0 19812.0 272.0 100.0 THE
4484.0 19820.0 744.0 104.0 CONDITION
5292.0 19832.0 444.0 116.0 usually

4020.0 19940.0 104.0 104.0 Is
4188.0 19948.0 588.0 120.0 dlsgnosed
4836.0 19960.0 152.0 116.0 by
5040.0 19960.0 436.0 120.0 finding
5532.0 19968.0 196.0 96.0 the

4016.0 20100.0 288.0 96.0 eggs
4344.0 20084.0 116.0 100.0 In
4504.0 20088.0 184.0 96.0 the
4732.0 20092.0 292.0 96.0 stool
5064.0 20112.0 124.0 76.0 or
5224.0 20096.0 144.0 112.0 by
5412.0 20100.0 264.0 92.0 mak-

4016.0 20208.0 212.0 124.0 ing
4268.0 20212.0 468.0 124.0 biopsies
4772.0 20240.0 140.0 80.0 or
4944.0 20224.0 336.0 120.0 doing
5316.0 20244.0 68.0 80.0 a
5424.0 20232.0 304.0 92.0 swab

4012.0 20344.0 140.0 96.0 of
4252.0 20344.0 196.0 100.0 the
4540.0 20348.0 340.0 104.0 lower
4972.0 20356.0 344.0 100.0 colon.
5420.0 20360.0 264.0 96.0 Anti-

4012.0 20492.0 364.0 96.0 mony
4424.0 20480.0 96.0 96.0 is
4572.0 20484.0 192.0 96.0 the
4828.0 20488.0 244.0 96.0 best
5128.0 20492.0 476.0 112.0 remedy.

4140.0 20608.0 248.0 100.0 The
4472.0 20620.0 708.0 100.0 mansonl
5268.0 20620.0 264.0 116.0 type
5628.0 20624.0 96.0 96.0 is

4008.0 20740.0 380.0 100.0 found
4480.0 20744.0 120.0 100.0 in
4692.0 20748.0 576.0 112.0 Africa.
5364.0 20756.0 360.0 96.0 South

4008.0 20876.0 556.0 108.0 America,
4648.0 20880.0 240.0 96.0 and
4992.0 20884.0 112.0 100.0 In
5192.0 20904.0 316.0 80.0 some
5600.0 20884.0 124.0 100.0 of

4004.0 21008.0 220.0 92.0 the
4284.0 21004.0 412.0 104.0 islands
4756.0 21012.0 128.0 96.0 of
4944.0 21016.0 192.0 100.0 the
5192.0 21020.0 296.0 92.0 West
5544.0 21020.0 128.0 96.0 In-

4008.0 21136.0 288.0 104.0 dies,
4340.0 21144.0 596.0 116.0 especially
4980.0 21144.0 392.0 100.0 Puerto
5420.0 21152.0 296.0 92.0 Rico.

4008.0 21272.0 372.0 92.0 Other
4440.0 21272.0 344.0 100.0 forms
4844.0 21276.0 132.0 96.0 of
5028.0 21280.0 192.0 96.0 the
5284.0 21280.0 428.0 96.0 disease

4004.0 21416.0 216.0 80.0 are
4320.0 21404.0 580.0 112.0 prevalent
4992.0 21404.0 108.0 100.0 in
5196.0 21408.0 520.0 112.0 China,

4008.0 21532.0 416.0 112.0 Japan,
4476.0 21536.0 220.0 96.0 and
4752.0 21540.0 208.0 96.0 the
5008.0 21540.0 708.0 120.0 Philippines.

4140.0 21668.0 300.0 112.0 Only
4528.0 21688.0 216.0 80.0 one
4848.0 21672.0 400.0 100.0 United
5348.0 21680.0 372.0 96.0 States

4004.0 21796.0 428.0 96.0 soldier
4484.0 21796.0 604.0 124.0 developed
5148.0 21804.0 192.0 96.0 the
5400.0 21824.0 268.0 76.0 man-

4012.0 21924.0 268.0 100.0 sonl
4320.0 21928.0 540.0 104.0 infection
4908.0 21936.0 396.0 112.0 during
5348.0 21936.0 364.0 96.0 World

4008.0 22060.0 272.0 96.0 War
4364.0 22064.0 128.0 92.0 n.
4584.0 22068.0 224.0 92.0 But
4900.0 22068.0 224.0 96.0 this
5212.0 22068.0 292.0 96.0 form
5592.0 22068.0 128.0 96.0 of

4004.0 22196.0 212.0 88.0 the
4292.0 22192.0 420.0 100.0 disease
4788.0 22212.0 232.0 84.0 was
5088.0 22200.0 336.0 96.0 noted
5500.0 22200.0 176.0 96.0 fre-

4004.0 22324.0 480.0 112.0 quently
4596.0 22328.0 120.0 96.0 in
4840.0 22328.0 400.0 100.0 Puerto
5356.0 22332.0 352.0 100.0 Rican

4004.0 22452.0 508.0 104.0 soldiers.

4068.0 22644.0 384.0 96.0 MESH
4516.0 22644.0 1136.0 100.0 STRENGTHENING

4144.0 22780.0 164.0 92.0 W.
4348.0 22780.0 100.0 96.0 8.
4484.0 22780.0 408.0 96.0 writes:
4940.0 22780.0 316.0 100.0 What
5300.0 22784.0 100.0 96.0 Is
5436.0 22796.0 280.0 100.0 your

4000.0 22908.0 476.0 120.0 opinion
4508.0 22916.0 120.0 92.0 of
4664.0 22916.0 204.0 96.0 the
4908.0 22912.0 384.0 100.0 hernia
5328.0 22932.0 344.0 96.0 opera-

4000.0 23044.0 260.0 96.0 tion
4324.0 23044.0 116.0 100.0 in
4496.0 23044.0 368.0 100.0 which
4924.0 23044.0 252.0 100.0 wire
5232.0 23048.0 328.0 100.0 mesh
5616.0 23044.0 96.0 100.0 is

4004.0 23172.0 360.0 100.0 used?

4144.0 23336.0 136.0 92.0 A:
4344.0 23336.0 308.0 100.0 Mesh
4740.0 23328.0 104.0 108.0 Is
4936.0 23356.0 140.0 80.0 an
5164.0 23336.0 552.0 100.0 excellent

4008.0 23472.0 608.0 96.0 substance
4684.0 23472.0 124.0 92.0 to
4868.0 23488.0 200.0 80.0 use
5128.0 23472.0 328.0 96.0 when
5516.0 23472.0 200.0 96.0 the

4008.0 23604.0 600.0 96.0 tissues
4712.0 23620.0 204.0 80.0 are
5020.0 23604.0 200.0 96.0 not
5324.0 23604.0 392.0 108.0 strong

4016.0 23740.0 456.0 108.0 enough
4560.0 23736.0 120.0 92.0 to
4780.0 23732.0 268.0 96.0 hold
5140.0 23732.0 284.0 96.0 back
5516.0 23736.0 196.0 96.0 the

4008.0 23864.0 664.0 120.0 protruding
4732.0 23864.0 428.0 96.0 hernia.

4112.0 24052.0 196.0 92.0 Dr.
4336.0 24048.0 232.0 96.0 Van
4612.0 24044.0 392.0 100.0 Dellen
5040.0 24048.0 208.0 92.0 will
5288.0 24060.0 432.0 76.0 answer

4012.0 24188.0 580.0 116.0 questions
4636.0 24204.0 152.0 76.0 on
4840.0 24184.0 468.0 96.0 medical
5360.0 24184.0 356.0 116.0 topics

4008.0 24320.0 100.0 96.0 If
4216.0 24320.0 536.0 112.0 stamped,
4860.0 24316.0 852.0 100.0 self-addressed

4016.0 24452.0 540.0 112.0 envelope
4660.0 24452.0 784.0 116.0 accompanies
4012.0 24468.0 1660.0 232.0 request

5944.0 1056.0 1856.0 488.0 Kennedy
7984.0 1040.0 1200.0 488.0 Doing
9392.0 1016.0 1112.0 416.0 Good
10688.0 1008.0 752.0 464.0 Job,

7308.0 1572.0 20.0 20.0 .
7500.0 1572.0 52.0 16.0 ..
7788.0 1568.0 152.0 24.0 ....
7988.0 1564.0 60.0 28.0 i.
8100.0 1584.0 16.0 8.0 .
8684.0 1552.0 32.0 40.0 t
9272.0 1556.0 220.0 36.0 a.iA
9820.0 1544.0 192.0 48.0 k1tf
10108.0 1544.0 232.0 48.0 intA
10400.0 1540.0 644.0 52.0 VlaanhnnrA
11196.0 1532.0 156.0 60.0 XJm

6028.0 1580.0 948.0 84.0 WASHINGTON.
7076.0 1572.0 332.0 92.0 Oct.
7492.0 1572.0 128.0 92.0 31

7788.0 1564.0 348.0 104.0 White
8180.0 1564.0 364.0 100.0 House
8584.0 1552.0 256.0 112.0 who

6196.0 1716.0 468.0 100.0 Former
6720.0 1708.0 580.0 104.0 President
7356.0 1708.0 220.0 96.0 Tru-

5908.0 1864.0 268.0 80.0 man
6288.0 1848.0 252.0 100.0 said
6656.0 1844.0 328.0 116.0 today
7096.0 1844.0 116.0 100.0 "I
7312.0 1836.0 312.0 100.0 dont

5904.0 1980.0 284.0 100.0 have
6264.0 1996.0 224.0 96.0 any
6568.0 1980.0 376.0 96.0 advice
7024.0 1976.0 188.0 100.0 for
7280.0 1968.0 300.0 104.0 Presi-

5904.0 2112.0 276.0 96.0 dent
6248.0 2108.0 556.0 116.0 Kennedy
6924.0 2108.0 152.0 96.0 he
7156.0 2108.0 204.0 96.0 has
7424.0 2104.0 192.0 96.0 too

5904.0 2244.0 344.0 100.0 much
6360.0 2240.0 552.0 116.0 already."
7032.0 2240.0 204.0 96.0 Mr.
7348.0 2236.0 224.0 96.0 Tru-

5896.0 2392.0 304.0 92.0 man,
6296.0 2376.0 500.0 112.0 arriving
6884.0 2368.0 376.0 104.0 with
7348.0 2368.0 264.0 96.0 Mrs.

5892.0 2508.0 492.0 100.0 Truman
6468.0 2508.0 308.0 96.0 from
6852.0 2504.0 492.0 112.0 Chicago
7428.0 2504.0 180.0 92.0 for

5892.0 2664.0 68.0 76.0 a
6040.0 2640.0 360.0 100.0 White
6484.0 2640.0 376.0 96.0 House
6944.0 2636.0 416.0 96.0 dinner
7440.0 2616.0 184.0 116.0 to-'

5888.0 2788.0 464.0 84.0 morrow
6392.0 2772.0 372.0 116.0 night
6800.0 2768.0 284.0 112.0 said,
7128.0 2768.0 108.0 96.0 "I
7272.0 2760.0 336.0 104.0 think

5884.0 2904.0 236.0 104.0 he's
6192.0 2900.0 348.0 120.0 doing
6624.0 2924.0 68.0 76.0 a
6764.0 2900.0 284.0 116.0 good
7124.0 2896.0 216.0 120.0 job.
7412.0 2896.0 192.0 100.0 It's

5880.0 3036.0 252.0 100.0 nice
6176.0 3036.0 124.0 100.0 to
6348.0 3036.0 300.0 100.0 have
6704.0 3052.0 64.0 80.0 a
6816.0 3036.0 368.0 96.0 fellow
7240.0 3032.0 112.0 100.0 in
7400.0 3032.0 196.0 100.0 the

7792.0 1716.0 144.0 104.0 up
7988.0 1700.0 180.0 100.0 his
8224.0 1688.0 400.0 104.0 mind."

7900.0 1832.0 232.0 100.0 The
8240.0 1840.0 476.0 104.0 peppery
8820.0 1808.0 668.0 128.0 79-year-old

7780.0 1960.0 748.0 104.0 ex-President
8596.0 1952.0 248.0 104.0 also
8920.0 1944.0 572.0 124.0 approved

7784.0 2100.0 188.0 100.0 the
8028.0 2096.0 504.0 120.0 partisan
8580.0 2092.0 280.0 100.0 note
8916.0 2084.0 128.0 100.0 In
9096.0 2080.0 396.0 100.0 recent

7780.0 2228.0 532.0 120.0 speeches
8400.0 2224.0 136.0 116.0 by
8620.0 2236.0 76.0 84.0 a
8784.0 2212.0 704.0 124.0 Republican

7780.0 2352.0 776.0 116.0 ex-President.
8648.0 2348.0 100.0 100.0 D
8784.0 2348.0 468.0 120.0 wight
9348.0 2344.0 136.0 104.0 P.

7772.0 2496.0 720.0 100.0 Elsenhower.

7892.0 2628.0 444.0 100.0 "That's
8380.0 2620.0 188.0 100.0 the
8620.0 2632.0 256.0 100.0 way
8920.0 2612.0 148.0 104.0 he
9116.0 2608.0 368.0 120.0 ought

7772.0 2768.0 116.0 92.0 to
7928.0 2760.0 164.0 96.0 be.
8140.0 2760.0 172.0 96.0 He
8360.0 2748.0 440.0 104.0 shoulld
8852.0 2748.0 284.0 100.0 have
9180.0 2744.0 300.0 96.0 been

7776.0 2896.0 244.0 96.0 that
8068.0 2904.0 256.0 100.0 way
8376.0 2884.0 112.0 104.0 in
8544.0 2884.0 200.0 100.0 the
8800.0 2880.0 268.0 104.0 first
9116.0 2876.0 360.0 120.0 place.

7776.0 3016.0 616.0 124.0 somebody
8476.0 3016.0 312.0 100.0 must
8884.0 3008.0 284.0 108.0 have
9256.0 3008.0 224.0 124.0 put

5932.0 3336.0 396.0 268.0 No
6444.0 3336.0 924.0 268.0 Action
7484.0 3328.0 244.0 268.0 Is
7844.0 3312.0 1136.0 284.0 Planned

5876.0 3704.0 1052.0 332.0 Against
7056.0 3700.0 624.0 276.0 Gen.
7800.0 3696.0 568.0 276.0 Van
8484.0 3684.0 704.0 272.0 Fleet

5956.0 4132.0 952.0 108.0 WASHINGTON,
7048.0 4128.0 240.0 100.0 Oct
7428.0 4128.0 112.0 96.0 81

5872.0 4276.0 160.0 84.0 tjpi
6292.0 4264.0 244.0 96.0 The
6612.0 4268.0 332.0 108.0 Army
7012.0 4252.0 572.0 104.0 Indicated

5880.0 4388.0 336.0 120.0 today
6268.0 4392.0 264.0 96.0 that
6588.0 4412.0 152.0 76.0 no
6796.0 4388.0 376.0 100.0 action
7228.0 4384.0 360.0 100.0 would

5880.0 4524.0 128.0 92.0 be
6180.0 4520.0 344.0 100.0 taken
6708.0 4520.0 444.0 112.0 against
7312.0 4516.0 268.0 96.0 Gen.

5884.0 4652.0 376.0 96.0 James
6320.0 4656.0 124.0 88.0 A.
6520.0 4648.0 240.0 96.0 Van
6824.0 4648.0 312.0 96.0 Fleet
7200.0 4644.0 172.0 100.0 for
7432.0 4664.0 120.0 76.0 re-

5880.0 4776.0 384.0 120.0 ported
6328.0 4784.0 644.0 96.0 comments
7032.0 4796.0 156.0 84.0 on
7256.0 4776.0 288.0 96.0 inter-

5872.0 4908.0 504.0 100.0 national
6448.0 4912.0 504.0 92.0 matters.

5992.0 5044.0 96.0 88.0 A
6196.0 5036.0 676.0 112.0 spokesman
6992.0 5028.0 592.0 120.0 suggested

5876.0 5164.0 476.0 96.0 General
6420.0 5168.0 252.0 96.0 Van
6736.0 5168.0 304.0 96.0 Fleet
7104.0 5184.0 220.0 76.0 was
7384.0 5168.0 204.0 92.0 not

5880.0 5312.0 140.0 80.0 an
6104.0 5292.0 436.0 100.0 official
6628.0 5296.0 120.0 96.0 of
6820.0 5296.0 200.0 96.0 the
7108.0 5292.0 472.0 96.0 Defense

5872.0 5424.0 752.0 112.0 Department
6736.0 5424.0 120.0 96.0 at
6984.0 5424.0 208.0 96.0 the
7308.0 5420.0 272.0 96.0 time

5876.0 5556.0 228.0 96.0 and
6216.0 5552.0 276.0 96.0 thus
6612.0 5556.0 196.0 96.0 not
6908.0 5552.0 448.0 112.0 subject
7460.0 5556.0 128.0 92.0 to

5872.0 5680.0 728.0 112.0 regulations.

5996.0 5812.0 228.0 96.0 The
6272.0 5812.0 436.0 112.0 Tampa
6752.0 5808.0 300.0 104.0 iFla.)
7104.0 5808.0 472.0 100.0 Tribune

5936.0 5936.0 176.0 100.0 aid
6160.0 5936.0 348.0 120.0 today
6556.0 5940.0 276.0 108.0 that,
6876.0 5940.0 124.0 96.0 in
7056.0 5956.0 68.0 80.0 a
7176.0 5936.0 400.0 116.0 speech

5872.0 6064.0 548.0 100.0 delivered
6532.0 6068.0 216.0 96.0 last
6828.0 6064.0 372.0 116.0 night,
7292.0 6068.0 236.0 92.0 Gen-

5864.0 6196.0 232.0 92.0 eral
6188.0 6196.0 240.0 96.0 Van
6532.0 6196.0 296.0 96.0 Fleet
6912.0 6192.0 260.0 100.0 said
7260.0 6188.0 312.0 100.0 Adlal

5868.0 6324.0 648.0 104.0 Stevenson.
6584.0 6324.0 172.0 96.0 UN
6816.0 6320.0 752.0 108.0 ambassador,

5860.0 6452.0 400.0 100.0 should
6328.0 6452.0 300.0 100.0 have
6692.0 6452.0 276.0 96.0 been
7044.0 6448.0 280.0 104.0 fired
7392.0 6448.0 132.0 96.0 be-

5856.0 6600.0 336.0 80.0 cause
6276.0 6580.0 120.0 96.0 of
6492.0 6584.0 204.0 96.0 the
6776.0 6580.0 400.0 96.0 Cuban
7268.0 6580.0 248.0 92.0 inva-

5856.0 6712.0 240.0 96.0 sion
6232.0 6708.0 448.0 112.0 failure;
6804.0 6708.0 264.0 100.0 that
7192.0 6704.0 368.0 100.0 Berlin

5852.0 6836.0 224.0 96.0 and
6200.0 6836.0 284.0 100.0 Laos
6620.0 6856.0 176.0 80.0 are
6920.0 6832.0 264.0 116.0 lost;
7304.0 6836.0 256.0 92.0 that

5844.0 6968.0 316.0 96.0 there
6308.0 6968.0 96.0 96.0 is
6560.0 6968.0 260.0 112.0 only
6968.0 6988.0 160.0 76.0 an
7268.0 6984.0 280.0 76.0 even

5848.0 7100.0 424.0 92.0 chance
6412.0 7096.0 136.0 96.0 of
6680.0 7096.0 396.0 116.0 saving
7212.0 7092.0 352.0 100.0 South

5840.0 7224.0 536.0 100.0 Vietnam.

5964.0 7356.0 196.0 96.0 Mr.
6236.0 7356.0 612.0 96.0 Stevenson
6924.0 7352.0 272.0 100.0 sent
7264.0 7356.0 288.0 92.0 Gen-

7772.0 4124.0 220.0 100.0 eral
8068.0 4124.0 252.0 96.0 Van
8392.0 4116.0 296.0 100.0 Fleet
8768.0 4132.0 80.0 88.0 a
8924.0 4112.0 544.0 116.0 telegram

7768.0 4280.0 328.0 116.0 today
8152.0 4272.0 388.0 120.0 asking
8584.0 4268.0 204.0 104.0 the
8840.0 4264.0 448.0 124.0 general
9348.0 4272.0 120.0 92.0 to

7768.0 4436.0 424.0 100.0 correct
8292.0 4432.0 288.0 96.0 what
8676.0 4428.0 152.0 96.0 he
8928.0 4424.0 360.0 100.0 called
9400.0 4440.0 68.0 76.0 a

7768.0 4592.0 448.0 120.0 "totally
8356.0 4580.0 380.0 136.0 false",
8848.0 4576.0 620.0 104.0 statement

7772.0 4748.0 324.0 100.0 about
8160.0 4744.0 268.0 100.0 him.
8480.0 4688.0 256.0 156.0 The'
8776.0 4736.0 192.0 100.0 UN
9032.0 4732.0 396.0 100.0 ambas-

7768.0 4880.0 320.0 100.0 sador
8144.0 4868.0 484.0 104.0 referred
8684.0 4868.0 128.0 100.0 to
8876.0 4868.0 188.0 96.0 the
9120.0 4868.0 344.0 108.0 quote

7772.0 4964.0 600.0 164.0 attributed
8452.0 5004.0 108.0 96.0 to
8636.0 4996.0 492.0 100.0 General
9216.0 4996.0 248.0 96.0 Van

7768.0 5140.0 244.0 96.0 Flee
8116.0 5136.0 260.0 92.0 that
8428.0 5152.0 68.0 76.0 a
8552.0 5124.0 120.0 100.0 U.
8736.0 5128.0 108.0 96.0 &
8912.0 5128.0 164.0 96.0 air
9128.0 5136.0 340.0 84.0 cover

7772.0 5264.0 164.0 100.0 for
7984.0 5264.0 196.0 96.0 the
8232.0 5260.0 376.0 100.0 Cuban
8656.0 5252.0 520.0 104.0 invasion
9224.0 5268.0 244.0 76.0 was

7760.0 5392.0 348.0 100.0 called
8220.0 5388.0 164.0 100.0 off
8472.0 5392.0 120.0 92.0 at
8692.0 5388.0 212.0 92.0 Mr.
9008.0 5384.0 412.0 96.0 Steveo-

7752.0 5524.0 292.0 100.0 son's
8108.0 5520.0 632.0 100.0 insistence.

7880.0 5652.0 152.0 96.0 "If
8140.0 5652.0 316.0 92.0 there
8560.0 5644.0 96.0 100.0 Is
8768.0 5656.0 232.0 104.0 any
9096.0 5632.0 368.0 104.0 doubt

7760.0 5780.0 332.0 100.0 about
8168.0 5776.0 224.0 100.0 this
8464.0 5772.0 108.0 100.0 in
8648.0 5792.0 288.0 96.0 your
9008.0 5764.0 316.0 104.0 mind
9408.0 5764.0 52.0 100.0 I

7760.0 5912.0 452.0 112.0 suggest
8268.0 5908.0 244.0 96.0 that
8564.0 5920.0 220.0 100.0 you
8840.0 5900.0 352.0 96.0 check
9252.0 5900.0 204.0 96.0 the

7760.0 6040.0 276.0 96.0 facts
8196.0 6036.0 176.0 96.0 for
8512.0 6028.0 584.0 120.0 yourself,"
9140.0 6100.0 24.0 16.0 -
9244.0 6028.0 208.0 96.0 Mr.

7756.0 6172.0 604.0 92.0 Stevenson
8440.0 6160.0 264.0 100.0 said.

7808.0 6352.0 720.0 896.0 I

8512.0 6376.0 128.0 156.0 J
8596.0 6496.0 112.0 44.0 -

7684.0 7216.0 1616.0 116.0 lutmiBllMlclionMinffiitW
9344.0 7284.0 120.0 60.0 pi

6384.0 11824.0 2720.0 576.0 STARTS

7168.0 12624.0 1648.0 576.0 MIIHI

6672.0 15240.0 2408.0 328.0 CINCINNATI

6912.0 15720.0 1976.0 312.0 GARDENS

6200.0 17192.0 212.0 292.0 jA
6676.0 17328.0 56.0 36.0 -
7024.0 17348.0 528.0 128.0 -IV
9340.0 17236.0 868.0 160.0 Coronation
10276.0 17208.0 168.0 184.0 of
10500.0 17268.0 228.0 120.0 the
10796.0 17208.0 608.0 176.0 Festival
11472.0 17232.0 564.0 184.0 Queen,
12088.0 17220.0 748.0 164.0 WLW-Ts
12956.0 17224.0 576.0 156.0 Bonnie.

6044.0 17492.0 176.0 160.0 V
6220.0 17564.0 36.0 100.0 '
6432.0 17456.0 796.0 280.0 frtVf"
8888.0 17456.0 180.0 236.0 V
9336.0 17472.0 304.0 160.0 Ixu
9716.0 17452.0 220.0 208.0 (6.
9948.0 17452.0 332.0 204.0 PM)
10336.0 17440.0 1012.0 216.0 ...McAlpin's
11424.0 17460.0 624.0 160.0 Fasnion
12116.0 17436.0 652.0 196.0 Festival,
12824.0 17428.0 1012.0 184.0 commentatel
13900.0 17428.0 180.0 216.0 Ly

6152.0 17792.0 60.0 140.0 l
7216.0 17728.0 80.0 204.0 (
9336.0 17684.0 564.0 180.0 fashion
9960.0 17684.0 600.0 172.0 director
10616.0 17676.0 648.0 216.0 Dorothy
11320.0 17688.0 636.0 164.0 Toerner
12016.0 17672.0 288.0 176.0 and
12364.0 17668.0 424.0 180.0 floral
12844.0 17668.0 656.0 208.0 designer,
13560.0 17688.0 348.0 152.0 Mrs.

9332.0 17932.0 616.0 200.0 Tommy
10000.0 17940.0 324.0 184.0 Bng
10608.0 17940.0 356.0 148.0 8:30
11076.0 18048.0 96.0 36.0 "
11288.0 17924.0 736.0 160.0 Asot'9
12096.0 17900.0 1128.0 224.0 Photographer's
13292.0 17896.0 428.0 216.0 night!

6148.0 19272.0 44.0 88.0 f
6324.0 19296.0 24.0 60.0 i
6696.0 19288.0 68.0 92.0 if
6924.0 19276.0 256.0 88.0 ,"itu'
7240.0 19312.0 8.0 40.0 i
7296.0 19292.0 12.0 4.0 -
7680.0 19284.0 20.0 64.0 i
7760.0 19276.0 264.0 100.0 fins
8100.0 19320.0 4.0 36.0 i
8192.0 19292.0 32.0 72.0 r
8260.0 19312.0 32.0 48.0 .i
8320.0 19292.0 36.0 84.0 c

6144.0 19676.0 440.0 120.0 tomtit-
6752.0 19688.0 356.0 104.0 VUl
7376.0 19680.0 272.0 104.0 )'tC-
7876.0 19692.0 140.0 100.0 or
8544.0 19684.0 96.0 84.0 V

6792.0 19888.0 108.0 104.0 ft;
7052.0 19888.0 552.0 108.0 fWlfftH
7748.0 19888.0 536.0 100.0 flKlllMMl

6676.0 20328.0 36.0 104.0 i
7036.0 20296.0 912.0 160.0 i:if4MM
9144.0 20380.0 16.0 4.0 -
10068.0 20296.0 568.0 152.0 Ithv
11436.0 20296.0 272.0 140.0 iw
12008.0 20308.0 144.0 128.0 ti

7284.0 20984.0 940.0 144.0 ISI'lliM.'
8452.0 20984.0 652.0 128.0 -.l,i..-
9724.0 21024.0 300.0 72.0 ....
10736.0 20980.0 176.0 104.0 '.
11212.0 20904.0 1288.0 212.0 l&--rCiiMiHP

6672.0 21324.0 784.0 168.0 ltif4v
7940.0 21128.0 312.0 336.0 8j
10692.0 21352.0 24.0 36.0 .

6636.0 22280.0 492.0 172.0 --1,lH
7888.0 22252.0 920.0 180.0 irlfMlil

7032.0 22664.0 180.0 108.0 .11

6216.0 23784.0 1376.0 344.0 mam
7952.0 23760.0 248.0 64.0 ""

9640.0 1564.0 72.0 80.0 a
9768.0 1544.0 284.0 120.0 plug
10108.0 1544.0 236.0 96.0 into
10400.0 1540.0 740.0 96.0 Eisenhower.
11196.0 1532.0 156.0 100.0 He

9632.0 1696.0 360.0 80.0 never
10064.0 1672.0 360.0 96.0 would
10508.0 1664.0 600.0 120.0 campaign
11180.0 1664.0 172.0 100.0 for

9632.0 1808.0 500.0 100.0 himself.
10180.0 1808.0 164.0 96.0 He
10392.0 1800.0 364.0 104.0 didnt
10796.0 1816.0 292.0 80.0 even
11140.0 1812.0 212.0 104.0 pay

9636.0 1944.0 360.0 100.0 much
10036.0 1932.0 560.0 104.0 attention
10632.0 1936.0 112.0 96.0 to
10780.0 1928.0 316.0 100.0 what
11136.0 1948.0 216.0 80.0 was

9640.0 2076.0 348.0 120.0 going
10032.0 2088.0 136.0 84.0 on
10212.0 2072.0 120.0 96.0 in
10376.0 2072.0 212.0 96.0 the
10632.0 2072.0 432.0 92.0 world."

9760.0 2228.0 376.0 104.0 Asked
10200.0 2228.0 360.0 100.0 about
10620.0 2220.0 492.0 104.0 Russia's
11172.0 2236.0 136.0 84.0 ex-

9632.0 2364.0 448.0 116.0 plosion
10200.0 2360.0 120.0 100.0 of
10464.0 2380.0 72.0 76.0 a
10664.0 2352.0 684.0 116.0 fiO-megaton

9632.0 2500.0 352.0 96.0 bomb
10036.0 2492.0 616.0 120.0 yesterday,
10704.0 2492.0 140.0 96.0 he
10892.0 2484.0 260.0 104.0 said
11204.0 2484.0 140.0 104.0 he

9628.0 2632.0 408.0 96.0 thinks
10128.0 2628.0 192.0 96.0 the
10424.0 2620.0 540.0 100.0 Russians
11068.0 2636.0 276.0 80.0 were

9632.0 2764.0 420.0 116.0 simply
10128.0 2756.0 376.0 120.0 trying
10588.0 2760.0 112.0 96.0 to
10772.0 2752.0 340.0 100.0 catch
11196.0 2768.0 152.0 100.0 up

9632.0 2896.0 280.0 96.0 with
10004.0 2892.0 188.0 100.0 the
10288.0 2888.0 252.0 100.0 free
10628.0 2884.0 432.0 100.0 world's
11148.0 2900.0 152.0 84.0 nu-

9624.0 3028.0 320.0 100.0 clear
9988.0 3040.0 456.0 100.0 weapon
10492.0 3016.0 684.0 120.0 superiority.

9752.0 3156.0 380.0 100.0 Asked
10208.0 3156.0 88.0 100.0 if
10376.0 3152.0 156.0 104.0 he
10616.0 3168.0 380.0 96.0 agrees
11076.0 3144.0 260.0 104.0 with

9624.0 3296.0 204.0 96.0 Mr.
9888.0 3288.0 548.0 116.0 Kennedy
10488.0 3288.0 248.0 96.0 that
10788.0 3284.0 200.0 96.0 the
11044.0 3280.0 292.0 104.0 blast

9624.0 3444.0 240.0 80.0 was
9944.0 3420.0 396.0 120.0 simply
10424.0 3436.0 160.0 80.0 an
10660.0 3416.0 484.0 116.0 attempt
11212.0 3424.0 120.0 92.0 to

9620.0 3556.0 528.0 100.0 terrorize
10188.0 3552.0 200.0 100.0 the
10436.0 3552.0 244.0 96.0 free
10716.0 3548.0 376.0 108.0 world,
11136.0 3548.0 196.0 96.0 Mr.

9616.0 3692.0 504.0 96.0 Truman
10168.0 3676.0 468.0 128.0 replied:
10680.0 3680.0 452.0 100.0 "That's
11184.0 3676.0 148.0 100.0 all

9620.0 3820.0 92.0 100.0 it
9776.0 3820.0 200.0 100.0 is."

10560.0 4588.0 676.0 120.0 Distinctive

10680.0 4784.0 436.0 120.0 BOXED

10536.0 4992.0 728.0 168.0 Christmas

10688.0 5252.0 420.0 160.0 Cards

10840.0 5504.0 124.0 96.0 IN

10592.0 5672.0 624.0 124.0 MUSICAL

10676.0 5872.0 444.0 120.0 MOTIF

9640.0 6272.0 108.0 88.0 24
9816.0 6260.0 280.0 100.0 C.rdi
10156.0 6260.0 208.0 92.0 Tht
10440.0 6252.0 316.0 92.0 R.flect
10824.0 6248.0 188.0 96.0 Prld
11136.0 6248.0 160.0 92.0 .nd

9640.0 6408.0 280.0 96.0 Good
10028.0 6404.0 260.0 92.0 Tail.
10416.0 6396.0 320.0 92.0 Printtd
10840.0 6424.0 120.0 64.0 on
11080.0 6388.0 216.0 120.0 High

10128.0 6544.0 360.0 108.0 Quality
10552.0 6536.0 256.0 100.0 Slock.

10084.0 6772.0 248.0 116.0 1.25
10424.0 6772.0 224.0 116.0 box
10720.0 6800.0 148.0 112.0 up

9868.0 7036.0 268.0 88.0 Phon.
10188.0 7028.0 340.0 96.0 Ordsri
10592.0 7028.0 120.0 88.0 PA
10780.0 7028.0 304.0 88.0 1-6350

9644.0 7240.0 160.0 96.0 124
9868.0 7236.0 80.0 92.0 E.
10000.0 7232.0 140.0 92.0 4'h
10480.0 7228.0 248.0 112.0 Opn
10792.0 7228.0 244.0 92.0 Mon.
11092.0 7224.0 192.0 92.0 Nit.

8728.0 6380.0 648.0 168.0 UUfigE

8992.0 19704.0 20.0 56.0 :

8976.0 19884.0 400.0 100.0 '-j.Yi-

8928.0 22304.0 772.0 120.0 mimm
9848.0 22288.0 816.0 132.0 ,lm,c

8884.0 1572.0 216.0 84.0 can
9144.0 1548.0 276.0 100.0 male

9728.0 4608.0 624.0 1344.0 8

11640.0 1008.0 1688.0 416.0 Truman
13512.0 1000.0 904.0 496.0 Says

11420.0 2776.0 12.0 272.0 !
11620.0 2924.0 840.0 164.0 itnUUMlJ-,
13628.0 2868.0 1172.0 160.0 InfimouiDiliyand
15060.0 2908.0 40.0 144.0 ;

11412.0 3084.0 16.0 172.0 I
11652.0 3100.0 188.0 156.0 Zr
13524.0 3080.0 372.0 132.0 Button
13952.0 3080.0 404.0 148.0 Holiday
14404.0 3076.0 508.0 128.0 decanter

11408.0 3280.0 16.0 312.0 !
11640.0 3200.0 1160.0 352.0 WUm&
13672.0 3464.0 776.0 64.0 ....

12204.0 4320.0 556.0 124.0 m-7l
13856.0 4312.0 104.0 100.0 M
14016.0 4308.0 324.0 108.0 moor

12168.0 4264.0 608.0 624.0 Id
14056.0 4464.0 1048.0 416.0 mm-

13376.0 6860.0 1720.0 256.0 AustirvJVichols

13840.0 7068.0 456.0 136.0 tCoM
14356.0 7100.0 176.0 96.0 Inc.
15100.0 7144.0 28.0 88.0 ;

13716.0 7248.0 196.0 64.0 raw
13948.0 7248.0 216.0 64.0 ion
14244.0 7248.0 188.0 60.0 ww
14468.0 7248.0 220.0 60.0 toh

13152.0 14800.0 288.0 352.0 7

12900.0 19416.0 908.0 400.0 Design
13956.0 19404.0 868.0 332.0 School

12900.0 19876.0 272.0 328.0 of
13324.0 19868.0 792.0 332.0 Floral
14244.0 19872.0 608.0 328.0 Arts

12972.0 20292.0 604.0 132.0 featuring
13620.0 20296.0 300.0 108.0 Mrs.
13988.0 20296.0 488.0 128.0 Tommy

12972.0 20464.0 460.0 132.0 Bright,
13476.0 20464.0 956.0 140.0 internationally

12968.0 20636.0 680.0 132.0 prominent
13688.0 20640.0 444.0 112.0 flower
14164.0 20640.0 620.0 132.0 arrangerl

12908.0 20864.0 432.0 156.0 3lowe
13468.0 20868.0 452.0 160.0 JJeaJ
13984.0 20868.0 144.0 156.0 &
14164.0 20864.0 648.0 200.0 Moliday

12904.0 21092.0 780.0 188.0 decoxaling.
13756.0 21120.0 264.0 172.0 tlpt
14080.0 21092.0 548.0 200.0 galoXtl

11752.0 24012.0 212.0 224.0 'f?
12092.0 24088.0 252.0 140.0 .sUS
12484.0 24156.0 28.0 40.0 -
12636.0 24104.0 120.0 116.0 Xr
12936.0 24124.0 64.0 84.0 '-.
14000.0 24124.0 176.0 100.0 Hi
14344.0 24068.0 280.0 156.0 fir.
14776.0 24116.0 112.0 108.0 -J
