15612 25460
9616.0 976.0 724.0 112.0 Wednesday,
10396.0 976.0 268.0 96.0 Wot.
10720.0 972.0 92.0 112.0 1.
10872.0 972.0 236.0 100.0 1HI
11608.0 976.0 328.0 100.0 THE
12076.0 984.0 1048.0 104.0 CINCINNATI
13240.0 984.0 884.0 120.0 ENQUIRES
14676.0 980.0 304.0 124.0 Pft
15032.0 984.0 72.0 104.0 t

1024.0 1456.0 1184.0 880.0 As
2560.0 1456.0 4816.0 896.0 Americans
7680.0 1488.0 1536.0 848.0 We

9568.0 1488.0 3216.0 864.0 Believe

1568.0 2616.0 388.0 180.0 That
2028.0 2608.0 332.0 172.0 God
2448.0 2616.0 540.0 172.0 created
3068.0 2676.0 312.0 108.0 man
3480.0 2612.0 200.0 172.0 for
3756.0 2608.0 660.0 176.0 Himself.

1556.0 3160.0 388.0 176.0 That
2020.0 3164.0 216.0 168.0 the
2320.0 3160.0 396.0 208.0 rights
2800.0 3196.0 148.0 132.0 to
3024.0 3156.0 284.0 196.0 life,
3412.0 3156.0 600.0 176.0 freedom
4088.0 3160.0 264.0 172.0 and
4424.0 3156.0 228.0 172.0 the
4724.0 3164.0 484.0 204.0 pursuit
5276.0 3156.0 160.0 176.0 of
5500.0 3160.0 716.0 204.0 happiness
6272.0 3156.0 496.0 208.0 belong
6824.0 3152.0 548.0 212.0 equally

1944.0 3536.0 260.0 176.0 and
2284.0 3536.0 824.0 212.0 inalienably
3176.0 3576.0 144.0 132.0 to
3408.0 3540.0 188.0 172.0 all
3668.0 3608.0 312.0 100.0 men
4056.0 3536.0 556.0 168.0 because
4696.0 3536.0 324.0 208.0 they
5096.0 3600.0 372.0 104.0 come
5564.0 3532.0 336.0 172.0 from
5980.0 3532.0 376.0 168.0 God.

1548.0 4084.0 384.0 172.0 That
2024.0 4084.0 128.0 172.0 in
2244.0 4084.0 540.0 208.0 making
2876.0 4148.0 296.0 104.0 man
3264.0 4084.0 152.0 168.0 in
3512.0 4076.0 252.0 176.0 His
3860.0 4084.0 436.0 208.0 image
4380.0 4084.0 276.0 164.0 and
4736.0 4080.0 552.0 172.0 likeness
5364.0 4080.0 336.0 168.0 with
5780.0 4148.0 172.0 100.0 an
6032.0 4076.0 580.0 172.0 intellect
6684.0 4072.0 264.0 172.0 and
7020.0 4072.0 340.0 184.0 will,

1940.0 4456.0 228.0 176.0 He
2252.0 4460.0 396.0 168.0 made
2740.0 4464.0 284.0 168.0 him
3104.0 4464.0 768.0 204.0 essentially
3964.0 4456.0 640.0 172.0 different
4680.0 4452.0 340.0 172.0 from
5096.0 4452.0 212.0 172.0 the
5388.0 4452.0 540.0 172.0 animal.

1548.0 5000.0 380.0 176.0 That
2008.0 5004.0 412.0 172.0 man's
2508.0 5008.0 580.0 168.0 intellect
3172.0 5008.0 108.0 164.0 is
3376.0 5004.0 384.0 168.0 made
3856.0 5004.0 224.0 168.0 for
4152.0 5004.0 684.0 204.0 objective,
4924.0 5000.0 768.0 200.0 changeless
5772.0 5000.0 388.0 184.0 truth,
6244.0 4996.0 260.0 168.0 and
6588.0 4996.0 196.0 168.0 his
6852.0 4992.0 292.0 168.0 will
7224.0 5024.0 132.0 132.0 to

1932.0 5380.0 472.0 172.0 choose
2476.0 5384.0 220.0 168.0 the
2772.0 5384.0 336.0 204.0 right
3176.0 5388.0 396.0 200.0 thing
3632.0 5384.0 704.0 204.0 according
4404.0 5420.0 136.0 124.0 to
4628.0 5380.0 200.0 164.0 his
4912.0 5376.0 796.0 164.0 conscience.

8484.0 2604.0 368.0 168.0 That
8944.0 2604.0 416.0 172.0 man's
9448.0 2608.0 632.0 220.0 spiritual,
10172.0 2612.0 644.0 184.0 immortal
10916.0 2620.0 272.0 168.0 soul
11280.0 2616.0 400.0 168.0 binds
11780.0 2620.0 300.0 168.0 him
12184.0 2628.0 124.0 164.0 in
12420.0 2628.0 764.0 164.0 conscience
13276.0 2668.0 132.0 128.0 to
13508.0 2624.0 796.0 208.0 obligations

8856.0 2984.0 128.0 164.0 in
9080.0 2984.0 440.0 204.0 justice
9612.0 2984.0 276.0 168.0 and
9972.0 2988.0 508.0 212.0 charity
10560.0 3028.0 140.0 132.0 to
10780.0 2988.0 364.0 172.0 other
11224.0 3060.0 372.0 100.0 men.

8472.0 3520.0 368.0 176.0 That
8916.0 3524.0 364.0 172.0 there
9356.0 3528.0 100.0 164.0 is
9536.0 3592.0 172.0 104.0 no
9788.0 3528.0 592.0 176.0 freedom
10456.0 3532.0 564.0 176.0 without
11088.0 3540.0 656.0 204.0 morality,
11816.0 3604.0 192.0 104.0 no
12076.0 3544.0 600.0 212.0 morality
12732.0 3540.0 560.0 176.0 without
13352.0 3544.0 588.0 208.0 religion,
14008.0 3544.0 276.0 176.0 and

8844.0 3968.0 172.0 100.0 no
9120.0 3900.0 532.0 200.0 religion
9748.0 3904.0 556.0 172.0 without
10404.0 3908.0 384.0 172.0 God.

8464.0 4448.0 364.0 172.0 That
8916.0 4452.0 408.0 164.0 these1
9368.0 4452.0 764.0 200.0 changeless
10216.0 4452.0 408.0 172.0 truths
10708.0 4524.0 224.0 100.0 are
11008.0 4456.0 500.0 168.0 certain
11588.0 4448.0 268.0 176.0 and
11948.0 4460.0 296.0 168.0 thus
12328.0 4528.0 684.0 148.0 necessary
13096.0 4464.0 192.0 172.0 for
13360.0 4464.0 704.0 216.0 happiness
14140.0 4468.0 136.0 172.0 in

8840.0 4820.0 260.0 172.0 this
9176.0 4824.0 228.0 168.0 life
9480.0 4824.0 272.0 168.0 and
9828.0 4824.0 220.0 168.0 the
10120.0 4864.0 356.0 132.0 next.

1064.0 6160.0 3744.0 728.0 Therefore
5200.0 6400.0 1008.0 480.0 we
6560.0 6152.0 1512.0 712.0 also
8480.0 6152.0 2648.0 712.0 believe.

1536.0 7136.0 380.0 172.0 That
1984.0 7140.0 320.0 168.0 God
2388.0 7140.0 264.0 168.0 and
2732.0 7204.0 304.0 104.0 men
3104.0 7140.0 364.0 168.0 have
3536.0 7204.0 76.0 100.0 a
3676.0 7136.0 412.0 168.0 claim
4156.0 7176.0 128.0 128.0 to
4352.0 7196.0 240.0 100.0 our
4668.0 7128.0 340.0 172.0 faith
5084.0 7128.0 268.0 168.0 and
5428.0 7124.0 556.0 208.0 loyalty.

4948.0 7356.0 64.0 80.0 i

1536.0 7784.0 376.0 168.0 That
1976.0 7780.0 328.0 168.0 God
2376.0 7788.0 100.0 160.0 is
2548.0 7772.0 724.0 208.0 integrated
3352.0 7776.0 264.0 164.0 into
3684.0 7772.0 256.0 168.0 life
4012.0 7768.0 308.0 208.0 only
4388.0 7764.0 556.0 204.0 through
5036.0 7824.0 508.0 140.0 prayer.

1528.0 8424.0 376.0 168.0 That
1988.0 8420.0 692.0 208.0 happiness
2788.0 8416.0 112.0 164.0 is
2984.0 8408.0 636.0 208.0 spiritual,
3704.0 8408.0 288.0 168.0 and
4084.0 8444.0 208.0 128.0 not
4380.0 8440.0 132.0 128.0 to
4608.0 8392.0 168.0 172.0 be
4876.0 8392.0 640.0 172.0 confused
5612.0 8392.0 328.0 168.0 with
6032.0 8392.0 640.0 208.0 pleasure.

1524.0 9084.0 380.0 172.0 That
1968.0 9084.0 236.0 168.0 life
2280.0 9084.0 104.0 164.0 is
2448.0 9076.0 428.0 172.0 based
2944.0 9144.0 156.0 96.0 on
3168.0 9068.0 792.0 208.0 changeless
4028.0 9060.0 628.0 216.0 principle
4708.0 9056.0 272.0 168.0 and
5036.0 9100.0 212.0 128.0 not
5296.0 9128.0 172.0 96.0 on
5528.0 9052.0 564.0 208.0 feelings
6140.0 9056.0 260.0 172.0 and
6452.0 9056.0 860.0 208.0 expediency.

8444.0 7108.0 360.0 172.0 That
8880.0 7120.0 192.0 160.0 all
9156.0 7116.0 688.0 164.0 education
9924.0 7112.0 100.0 164.0 is
10096.0 7116.0 264.0 164.0 self
10428.0 7116.0 732.0 188.0 education,
11244.0 7112.0 292.0 168.0 and
11624.0 7116.0 652.0 168.0 therefore
12364.0 7116.0 352.0 172.0 takes
12800.0 7116.0 368.0 172.0 work
13248.0 7124.0 276.0 168.0 and
13608.0 7120.0 292.0 168.0 time
13980.0 7124.0 276.0 172.0 and

8820.0 7404.0 588.0 208.0 thinking
9480.0 7412.0 436.0 196.0 things
9992.0 7408.0 600.0 200.0 through.
10664.0 7404.0 352.0 172.0 This
11080.0 7412.0 544.0 160.0 consists
11700.0 7412.0 140.0 160.0 in
11924.0 7408.0 796.0 212.0 developing
12792.0 7416.0 436.0 164.0 habits
13300.0 7416.0 280.0 168.0 and
13652.0 7412.0 600.0 172.0 attitudes

8816.0 7692.0 448.0 168.0 which
9332.0 7760.0 356.0 136.0 grow
9756.0 7696.0 556.0 200.0 through
10380.0 7696.0 476.0 164.0 failure
10920.0 7764.0 136.0 100.0 as
11112.0 7696.0 336.0 164.0 well
11528.0 7764.0 136.0 96.0 as
11736.0 7768.0 552.0 96.0 success.
12376.0 7700.0 112.0 168.0 It
12560.0 7708.0 584.0 164.0 involves
13212.0 7704.0 620.0 208.0 instilling
13896.0 7700.0 352.0 208.0 deep

8812.0 7988.0 768.0 180.0 conviction,
9656.0 8028.0 428.0 164.0 strong
10148.0 7988.0 528.0 184.0 desires,
10744.0 7988.0 272.0 164.0 and
11076.0 8052.0 572.0 136.0 courage
11716.0 7984.0 220.0 172.0 for
12004.0 7996.0 420.0 164.0 action
12492.0 8116.0 40.0 44.0 .
12592.0 8120.0 36.0 44.0 .
12696.0 8120.0 36.0 44.0 .
12796.0 7988.0 668.0 212.0 changing
13524.0 7992.0 212.0 168.0 the
13792.0 7992.0 452.0 168.0 whole

8812.0 8336.0 360.0 96.0 man.

8432.0 8812.0 364.0 176.0 That
8856.0 8824.0 328.0 200.0 only
9244.0 8820.0 428.0 168.0 heroic
9740.0 8888.0 292.0 100.0 men
10096.0 8824.0 288.0 164.0 will
10452.0 8884.0 308.0 104.0 save
10828.0 8824.0 212.0 168.0 the
11096.0 8816.0 512.0 172.0 world:
11704.0 8888.0 320.0 100.0 men
12116.0 8824.0 320.0 168.0 with
12524.0 8892.0 76.0 100.0 a
12688.0 8892.0 372.0 100.0 sense
13140.0 8828.0 144.0 172.0 of
13360.0 8824.0 696.0 184.0 direction;
14152.0 8884.0 88.0 104.0 a

8808.0 9176.0 372.0 96.0 sense
9248.0 9108.0 148.0 168.0 of
9468.0 9108.0 1024.0 208.0 responsibility;
10580.0 9184.0 76.0 92.0 a
10736.0 9180.0 356.0 96.0 sense
11164.0 9108.0 176.0 168.0 of
11404.0 9116.0 524.0 164.0 mission
12000.0 9120.0 128.0 160.0 in
12184.0 9116.0 252.0 164.0 this
12496.0 9116.0 232.0 168.0 life
12796.0 9244.0 248.0 40.0 ...
13104.0 9184.0 72.0 96.0 a
13232.0 9188.0 372.0 96.0 sense
13652.0 9120.0 148.0 164.0 of
13848.0 9112.0 384.0 172.0 God.

1524.0 9748.0 372.0 168.0 That
1980.0 9748.0 352.0 164.0 there
2420.0 9808.0 212.0 100.0 are
2728.0 9740.0 352.0 164.0 three
3168.0 9732.0 628.0 168.0 elements
3892.0 9728.0 164.0 172.0 of
4132.0 9788.0 496.0 104.0 success
4704.0 9724.0 128.0 164.0 in
4916.0 9788.0 260.0 140.0 any
5248.0 9788.0 316.0 136.0 way
5636.0 9716.0 156.0 172.0 of
5864.0 9716.0 316.0 176.0 life:
6260.0 9788.0 72.0 100.0 a
6416.0 9724.0 364.0 204.0 goal;
6864.0 9792.0 80.0 96.0 a
7020.0 9788.0 240.0 144.0 pro-

1924.0 10192.0 348.0 140.0 gram
2360.0 10164.0 132.0 124.0 to
2572.0 10120.0 416.0 164.0 attain
3064.0 10112.0 296.0 168.0 that
3456.0 10112.0 352.0 200.0 goal;
3924.0 10176.0 84.0 96.0 a
4088.0 10100.0 748.0 172.0 dedication
4924.0 10140.0 132.0 124.0 to
5136.0 10092.0 276.0 172.0 that
5500.0 10100.0 348.0 196.0 goal.

8424.0 9652.0 368.0 172.0 That
8860.0 9700.0 356.0 156.0 great
9276.0 9656.0 424.0 204.0 things
9768.0 9728.0 212.0 96.0 are
10044.0 9664.0 980.0 200.0 accomplished
11088.0 9664.0 340.0 200.0 only
11488.0 9660.0 172.0 208.0 by
11716.0 9664.0 728.0 168.0 dedicated
12504.0 9664.0 524.0 208.0 people,
13096.0 9668.0 356.0 168.0 those
13512.0 9664.0 304.0 168.0 who
13872.0 9660.0 364.0 172.0 offer

8804.0 9948.0 772.0 168.0 themselves
9648.0 9956.0 804.0 204.0 completely
10524.0 9960.0 272.0 160.0 and
10876.0 9956.0 512.0 164.0 forever
11476.0 9992.0 120.0 128.0 to
11676.0 10024.0 84.0 96.0 a
11856.0 9956.0 444.0 168.0 Cause
12388.0 9956.0 264.0 168.0 and
12736.0 10028.0 84.0 96.0 a
12912.0 9956.0 492.0 172.0 Person
13492.0 9956.0 508.0 208.0 worthy
14076.0 9952.0 160.0 168.0 of

8800.0 10236.0 340.0 164.0 their
9200.0 10236.0 228.0 168.0 life
9492.0 10240.0 272.0 168.0 and
9828.0 10240.0 444.0 172.0 death.

1512.0 10792.0 376.0 168.0 That
1956.0 10856.0 76.0 96.0 a
2104.0 10844.0 684.0 108.0 reverence
2860.0 10772.0 256.0 168.0 and
3188.0 10808.0 492.0 168.0 respect
3752.0 10764.0 224.0 168.0 for
4040.0 10760.0 208.0 168.0 the
4316.0 10760.0 512.0 204.0 dignity
4920.0 10760.0 160.0 168.0 of
5160.0 10760.0 428.0 164.0 others
5680.0 10756.0 284.0 168.0 will
6068.0 10764.0 768.0 208.0 necessarily
6920.0 10760.0 388.0 172.0 make

1896.0 11232.0 136.0 104.0 us
2112.0 11160.0 672.0 168.0 conscious
2868.0 11152.0 148.0 168.0 of
3084.0 11152.0 236.0 168.0 the
3408.0 11144.0 384.0 176.0 needs
3880.0 11144.0 164.0 168.0 of
4104.0 11140.0 424.0 168.0 others
4620.0 11136.0 204.0 168.0 for
4908.0 11132.0 612.0 168.0 kindness
5608.0 11136.0 264.0 164.0 and
5964.0 11136.0 332.0 172.0 love.

1500.0 11832.0 376.0 172.0 That
1960.0 11828.0 364.0 164.0 what
2416.0 11888.0 80.0 100.0 a
2588.0 11880.0 464.0 148.0 person
3148.0 11812.0 112.0 164.0 is
3364.0 11808.0 556.0 200.0 through
4020.0 11800.0 796.0 168.0 self-control
4952.0 11796.0 264.0 168.0 and
5340.0 11792.0 920.0 176.0 self-sacrifice
6372.0 11840.0 452.0 132.0 counts
6940.0 11868.0 356.0 104.0 more

1944.0 12200.0 264.0 172.0 han
2292.0 12196.0 368.0 172.0 what
2752.0 12192.0 180.0 168.0 he
3016.0 12188.0 244.0 168.0 has
3360.0 12188.0 132.0 164.0 in
3572.0 12180.0 588.0 168.0 material
4244.0 12176.0 836.0 204.0 possessions.

8420.0 10776.0 364.0 172.0 That
8840.0 10852.0 224.0 96.0 we
9116.0 10852.0 232.0 100.0 can
9404.0 10792.0 520.0 196.0 change
9976.0 10792.0 216.0 164.0 the
10248.0 10788.0 484.0 184.0 world,
10792.0 10792.0 120.0 168.0 if
10960.0 10860.0 196.0 96.0 we
11216.0 10792.0 356.0 168.0 have
11636.0 10788.0 228.0 168.0 the
11936.0 10864.0 560.0 140.0 courage
12552.0 10800.0 268.0 168.0 and
12880.0 10800.0 612.0 208.0 maturity
13552.0 10832.0 124.0 132.0 to
13724.0 10796.0 164.0 168.0 be
13944.0 10788.0 224.0 176.0 dif-

8792.0 11072.0 420.0 172.0 ferent
9296.0 11084.0 528.0 200.0 enough
9920.0 11124.0 128.0 124.0 to
10136.0 11084.0 308.0 176.0 take
10532.0 11080.0 336.0 168.0 God
10956.0 11088.0 260.0 164.0 and
11328.0 11084.0 240.0 164.0 life
11636.0 11088.0 684.0 212.0 seriously.

8412.0 11612.0 364.0 176.0 That
8880.0 11620.0 948.0 196.0 Communism,
9940.0 11628.0 448.0 168.0 which
10504.0 11636.0 100.0 164.0 is
10708.0 11636.0 968.0 208.0 diametrically
11776.0 11640.0 604.0 204.0 opposed
12484.0 11680.0 128.0 124.0 to
12704.0 11640.0 372.0 164.0 these
13168.0 11636.0 452.0 188.0 truths,
13712.0 11696.0 244.0 108.0 can
14048.0 11624.0 176.0 172.0 be

8776.0 11912.0 628.0 172.0 defeated
9492.0 11920.0 328.0 208.0 only
9900.0 11920.0 184.0 208.0 by
10164.0 11928.0 804.0 168.0 Americans
11044.0 11932.0 744.0 164.0 convinced
11868.0 11936.0 172.0 168.0 of
12104.0 11932.0 264.0 168.0 and
12448.0 11928.0 704.0 172.0 dedicated
13224.0 11972.0 132.0 128.0 to
13432.0 11924.0 348.0 172.0 these
13852.0 11992.0 360.0 104.0 same

8784.0 12204.0 444.0 168.0 truths.

3240.0 12892.0 460.0 280.0 We
3912.0 12992.0 508.0 232.0 say
4612.0 12948.0 276.0 216.0 to
5080.0 12992.0 620.0 228.0 you,
5896.0 12888.0 912.0 288.0 fellow
6984.0 12896.0 1688.0 348.0 Americans,
8868.0 12920.0 608.0 284.0 that
9676.0 12932.0 764.0 276.0 when
10644.0 12928.0 1328.0 284.0 America

3208.0 13332.0 504.0 276.0 has
3948.0 13380.0 508.0 276.0 put
4676.0 13324.0 536.0 272.0 this
5468.0 13316.0 868.0 284.0 Creed
6564.0 13328.0 568.0 276.0 into
7364.0 13340.0 340.0 268.0 its
7940.0 13344.0 920.0 280.0 homes
9116.0 13356.0 560.0 280.0 and
9888.0 13360.0 1160.0 328.0 schools,
11332.0 13364.0 652.0 276.0 then

3596.0 13860.0 520.0 188.0 can
4228.0 13848.0 392.0 184.0 we
4704.0 13856.0 512.0 228.0 say
5336.0 13752.0 796.0 284.0 "This
6236.0 13768.0 224.0 268.0 is
6568.0 13764.0 448.0 276.0 the
7084.0 13768.0 1284.0 292.0 America
8480.0 13788.0 256.0 272.0 in
8848.0 13788.0 860.0 280.0 which
9828.0 13888.0 392.0 184.0 we
10328.0 13796.0 1300.0 276.0 believe".

3192.0 14536.0 1488.0 280.0 XAVIER
4936.0 14536.0 2468.0 288.0 UNIVERSITY
7628.0 14556.0 1996.0 292.0 SODALITY
9864.0 14572.0 2124.0 280.0 PRESENTS

3636.0 15012.0 364.0 264.0 66

4048.0 14944.0 2144.0 720.0 NOW
6576.0 14960.0 1248.0 720.0 OR
8256.0 14976.0 2896.0 720.0 NEVER

4440.0 15816.0 240.0 272.0 A
4872.0 15816.0 1400.0 328.0 Program
6480.0 15824.0 544.0 280.0 For
7208.0 15824.0 1336.0 344.0 Fighting
8712.0 15848.0 2008.0 288.0 Communism

11224.0 15000.0 368.0 272.0 99

1564.0 16632.0 604.0 116.0 November
2236.0 16628.0 116.0 108.0 XX

2536.0 17732.0 648.0 124.0 "WORLD

2336.0 18048.0 1012.0 136.0 CONSPIRACY'

728.0 19040.0 188.0 96.0 Dr.
980.0 19036.0 424.0 112.0 Anthony
1452.0 19028.0 572.0 92.0 Bouscaren

708.0 19256.0 200.0 116.0 Dr.
960.0 19256.0 544.0 128.0 Anthony
1568.0 19244.0 616.0 116.0 Bouscaren
2236.0 19240.0 92.0 108.0 is
2376.0 19272.0 64.0 72.0 a
2488.0 19212.0 508.0 124.0 member
3048.0 19204.0 128.0 120.0 of
3236.0 19200.0 196.0 120.0 the

452.0 19408.0 504.0 116.0 Institute
1024.0 19400.0 176.0 116.0 for
1268.0 19400.0 596.0 112.0 American
1932.0 19388.0 508.0 120.0 Strategy
2520.0 19364.0 240.0 120.0 and
2836.0 19384.0 168.0 92.0 the
3076.0 19356.0 312.0 112.0 Inter-

456.0 19552.0 592.0 132.0 collegiate
1128.0 19544.0 452.0 132.0 Society
1672.0 19536.0 116.0 112.0 of
1876.0 19512.0 860.0 132.0 Individualists.
2908.0 19508.0 180.0 112.0 He
3176.0 19508.0 252.0 108.0 also

452.0 19736.0 384.0 72.0 serves
908.0 19736.0 116.0 68.0 as
1100.0 19736.0 64.0 68.0 a
1244.0 19684.0 380.0 136.0 Major
1696.0 19692.0 104.0 104.0 in
1876.0 19676.0 180.0 116.0 the
2132.0 19668.0 136.0 112.0 U.
2348.0 19664.0 104.0 120.0 S.
2540.0 19656.0 432.0 120.0 Marine
3040.0 19648.0 392.0 136.0 Corps

452.0 19840.0 532.0 116.0 Reserve.
1188.0 19828.0 336.0 116.0 From
1664.0 19812.0 668.0 120.0 1957-1959
2456.0 19804.0 200.0 116.0 Dr.
2792.0 19800.0 636.0 116.0 Bouscaren

448.0 20024.0 232.0 72.0 was
760.0 20028.0 72.0 68.0 a
892.0 19976.0 668.0 120.0 Consultant
1624.0 19996.0 120.0 88.0 to
1808.0 19964.0 184.0 120.0 the
2056.0 19956.0 388.0 120.0 House
2504.0 19948.0 696.0 116.0 Committee
3276.0 19984.0 148.0 68.0 on

444.0 20124.0 836.0 120.0 Un-American
1352.0 20120.0 612.0 112.0 Activities.

696.0 20268.0 196.0 120.0 Dr.
1004.0 20264.0 628.0 116.0 Bouscaren
1740.0 20252.0 320.0 120.0 holds
2156.0 20240.0 476.0 140.0 degrees
2744.0 20240.0 280.0 112.0 from
3132.0 20240.0 300.0 108.0 Yale

448.0 20408.0 644.0 140.0 University
1140.0 20412.0 224.0 112.0 and
1416.0 20412.0 192.0 112.0 the
1652.0 20396.0 628.0 132.0 University
2324.0 20392.0 124.0 112.0 of
2492.0 20388.0 656.0 120.0 California.
3244.0 20376.0 184.0 120.0 He

452.0 20564.0 200.0 112.0 has
720.0 20556.0 396.0 120.0 served
1188.0 20600.0 148.0 72.0 on
1400.0 20544.0 668.0 136.0 theaculty
2132.0 20540.0 128.0 116.0 of
2324.0 20536.0 192.0 120.0 the
2584.0 20532.0 652.0 132.0 University
3308.0 20520.0 120.0 116.0 of

444.0 20708.0 236.0 116.0 San
768.0 20700.0 576.0 116.0 Francisco
1444.0 20680.0 892.0 144.0 (1946-1953);
2420.0 20676.0 636.0 140.0 Marquette
3144.0 20668.0 240.0 120.0 Uni-

448.0 20856.0 428.0 132.0 versity
964.0 20832.0 840.0 144.0 (1954-1957;
1884.0 20832.0 236.0 120.0 The
2204.0 20828.0 528.0 116.0 National
2816.0 20820.0 260.0 120.0 War
3152.0 20816.0 232.0 120.0 Col-

448.0 20996.0 288.0 136.0 lege.
848.0 20992.0 768.0 128.0 Washington.
1728.0 20980.0 132.0 120.0 D.
1960.0 20980.0 128.0 116.0 C
2216.0 20968.0 884.0 140.0 (1957-1959).
3312.0 20964.0 116.0 116.0 In

448.0 21136.0 696.0 144.0 September,
1240.0 21132.0 344.0 132.0 1959.
1660.0 21124.0 184.0 120.0 Dr.
1928.0 21120.0 628.0 116.0 Bouscaren
2620.0 21112.0 540.0 144.0 joined
3240.0 21116.0 188.0 112.0 the

452.0 21288.0 428.0 132.0 faculty
948.0 21280.0 120.0 116.0 of
1136.0 21272.0 584.0 140.0 LeMoyne
1788.0 21268.0 460.0 132.0 College
2316.0 21280.0 104.0 104.0 in
2484.0 21264.0 572.0 136.0 Syracuse,
3136.0 21256.0 292.0 116.0 New

444.0 21424.0 324.0 120.0 York
812.0 21428.0 360.0 116.0 where
1216.0 21428.0 140.0 116.0 he
1396.0 21416.0 404.0 120.0 served
1844.0 21460.0 120.0 76.0 as
2004.0 21460.0 68.0 72.0 a
2116.0 21408.0 588.0 120.0 Professor
2748.0 21412.0 120.0 116.0 of
2908.0 21400.0 516.0 124.0 Political

440.0 21576.0 492.0 116.0 Science.

1000.0 22192.0 1124.0 344.0 Admission:

1264.0 22632.0 592.0 376.0 $1.00

988.0 23076.0 480.0 332.0 each
1600.0 23064.0 536.0 400.0 night

540.0 24220.0 732.0 152.0 TICKETS:

2092.0 24044.0 392.0 96.0 Ket!aa
2560.0 24036.0 76.0 92.0 a
2712.0 24028.0 484.0 116.0 MmMm

2264.0 24248.0 356.0 96.0 Carvw
2688.0 24240.0 328.0 92.0 Tswtr

2360.0 24448.0 140.0 96.0 DU
2580.0 24440.0 340.0 100.0 1-11S0

5292.0 16624.0 624.0 104.0 November
5984.0 16628.0 120.0 104.0 11

4860.0 16932.0 112.0 112.0 1

4584.0 18192.0 896.0 696.0 M

4564.0 18968.0 180.0 104.0 Dr.

6216.0 17736.0 772.0 120.0 "AMERICA

6068.0 18056.0 1076.0 124.0 INFILTRATED"

4816.0 18980.0 368.0 92.0 Robert
5232.0 18980.0 388.0 96.0 Morris

4448.0 19224.0 192.0 120.0 Dr.
4744.0 19224.0 424.0 112.0 Robert
5252.0 19220.0 408.0 120.0 Morris
5740.0 19268.0 236.0 68.0 was
6064.0 19212.0 412.0 140.0 special
6560.0 19204.0 212.0 120.0 and
6856.0 19200.0 308.0 124.0 chief

4180.0 19380.0 460.0 108.0 counsel
4724.0 19372.0 124.0 112.0 of
4932.0 19376.0 180.0 112.0 the
5196.0 19372.0 480.0 116.0 Internal
5756.0 19368.0 496.0 136.0 Security
6320.0 19356.0 840.0 116.0 Subcommitee

4192.0 19524.0 124.0 112.0 of
4376.0 19520.0 184.0 116.0 the
4612.0 19516.0 420.0 116.0 United
5084.0 19516.0 364.0 112.0 States
5492.0 19516.0 408.0 112.0 Senate
5956.0 19512.0 288.0 116.0 from
6312.0 19504.0 284.0 116.0 1951
6664.0 19536.0 116.0 80.0 to
6844.0 19496.0 308.0 116.0 1954

4188.0 19664.0 232.0 120.0 and
4524.0 19664.0 400.0 116.0 served
5028.0 19708.0 120.0 68.0 as
5252.0 19660.0 460.0 116.0 advisor
5812.0 19684.0 120.0 88.0 to
6036.0 19656.0 176.0 116.0 the
6312.0 19652.0 404.0 112.0 Senate
6816.0 19640.0 344.0 120.0 Rules

4188.0 19808.0 684.0 120.0 Committee
4960.0 19852.0 144.0 68.0 on
5196.0 19804.0 244.0 116.0 Fair
5536.0 19800.0 680.0 116.0 Procedures
6300.0 19808.0 112.0 104.0 in
6528.0 19792.0 324.0 132.0 1954.
7036.0 19788.0 116.0 120.0 In

4208.0 19956.0 308.0 120.0 1956
4620.0 19960.0 184.0 112.0 the
4912.0 19956.0 476.0 116.0 Internal
5484.0 19952.0 696.0 128.0 Security
6276.0 19940.0 880.0 116.0 Subcommittee

4188.0 20100.0 460.0 116.0 drafted
4724.0 20104.0 228.0 112.0 him
5020.0 20108.0 324.0 124.0 again
5416.0 20140.0 120.0 68.0 as
5612.0 20104.0 132.0 104.0 its
5808.0 20092.0 300.0 120.0 chief
6168.0 20092.0 488.0 128.0 counsel,
6724.0 20136.0 68.0 68.0 a
6852.0 20096.0 252.0 132.0 posi-

4192.0 20260.0 236.0 104.0 tion
4500.0 20248.0 140.0 116.0 he
4704.0 20244.0 504.0 116.0 retained
5276.0 20240.0 276.0 116.0 until
5644.0 20240.0 336.0 116.0 1958.

4444.0 20476.0 184.0 116.0 Dr.
4708.0 20472.0 404.0 116.0 Morris
5180.0 20468.0 308.0 120.0 drew
5552.0 20516.0 308.0 88.0 upon
5940.0 20468.0 168.0 116.0 his
6168.0 20468.0 268.0 136.0 long
6504.0 20476.0 648.0 128.0 experience

4184.0 20648.0 272.0 120.0 with
4508.0 20652.0 188.0 112.0 the
4752.0 20648.0 648.0 116.0 subversive
5452.0 20640.0 708.0 116.0 Communist
6212.0 20640.0 360.0 116.0 inside
6624.0 20636.0 216.0 116.0 and
6904.0 20668.0 200.0 84.0 out-

4180.0 20820.0 248.0 120.0 side
4500.0 20820.0 180.0 116.0 the
4760.0 20848.0 736.0 104.0 government
5572.0 20848.0 116.0 84.0 to
5760.0 20812.0 400.0 116.0 author
6224.0 20812.0 188.0 112.0 the
6484.0 20808.0 672.0 140.0 stimulating

4176.0 20992.0 224.0 116.0 NO
4472.0 20988.0 668.0 116.0 WONDER
5216.0 20984.0 240.0 116.0 WE
5532.0 20980.0 312.0 116.0 ARE
5920.0 20980.0 584.0 132.0 LOSING.

4432.0 21188.0 116.0 120.0 In
4624.0 21188.0 304.0 120.0 1958
4996.0 21192.0 140.0 112.0 he
5184.0 21228.0 236.0 72.0 was
5476.0 21184.0 624.0 144.0 appointed
6156.0 21180.0 564.0 144.0 president
6772.0 21180.0 132.0 116.0 of
6960.0 21180.0 188.0 116.0 the

4180.0 21360.0 644.0 144.0 University
4888.0 21360.0 120.0 120.0 of
5068.0 21360.0 416.0 128.0 Dallas,
5544.0 21404.0 68.0 72.0 a
5672.0 21368.0 484.0 128.0 position
6204.0 21356.0 368.0 120.0 which
6620.0 21356.0 136.0 120.0 he
6812.0 21348.0 340.0 124.0 holds

4176.0 21536.0 392.0 140.0 today.

9044.0 16664.0 604.0 96.0 November
9720.0 16664.0 120.0 100.0 18

7960.0 16808.0 288.0 264.0 L-
9144.0 16840.0 136.0 224.0 ii
9496.0 16840.0 224.0 240.0 J

8288.0 17992.0 312.0 288.0 S3
8672.0 18056.0 704.0 224.0 --5.

10144.0 17688.0 392.0 120.0 "THE

9888.0 17920.0 912.0 132.0 COMMUNIST

10116.0 18160.0 436.0 120.0 MAN"

8336.0 19024.0 208.0 100.0 Mr.
8616.0 19032.0 320.0 92.0 Frank
8984.0 19036.0 328.0 116.0 Meyer

8184.0 19244.0 372.0 120.0 Frank
8620.0 19244.0 388.0 136.0 Meyer
9068.0 19288.0 216.0 80.0 was
9336.0 19296.0 68.0 68.0 a
9468.0 19276.0 208.0 112.0 top
9732.0 19240.0 708.0 120.0 Communist
10508.0 19268.0 348.0 76.0 execu-

7940.0 19404.0 224.0 104.0 tive
8228.0 19404.0 112.0 104.0 in
8412.0 19396.0 180.0 112.0 the
8652.0 19392.0 412.0 116.0 United
9128.0 19396.0 352.0 112.0 Slates
9540.0 19392.0 232.0 116.0 and
9832.0 19392.0 348.0 112.0 Great
10252.0 19384.0 408.0 112.0 Britain
10728.0 19380.0 176.0 112.0 for

7944.0 19580.0 308.0 76.0 more
8312.0 19536.0 268.0 116.0 than
8628.0 19584.0 60.0 68.0 a
8740.0 19540.0 432.0 120.0 decade
9220.0 19544.0 224.0 112.0 and
9496.0 19588.0 64.0 64.0 a
9616.0 19540.0 236.0 112.0 half
9904.0 19536.0 392.0 116.0 before
10352.0 19532.0 136.0 112.0 he
10544.0 19524.0 356.0 116.0 broke

7936.0 19684.0 264.0 112.0 with
8252.0 19680.0 196.0 116.0 the
8500.0 19716.0 304.0 104.0 party
8856.0 19684.0 232.0 112.0 and
9140.0 19684.0 360.0 132.0 began
9556.0 19680.0 468.0 140.0 fighting
10068.0 19676.0 820.0 116.0 Communism.

7944.0 19820.0 204.0 116.0 His
8220.0 19824.0 256.0 120.0 best
8544.0 19832.0 384.0 128.0 selling
9004.0 19828.0 328.0 140.0 book.
9416.0 19820.0 312.0 120.0 THE
9808.0 19816.0 816.0 128.0 MOULDING
10704.0 19812.0 200.0 116.0 OF

7932.0 19968.0 1016.0 140.0 COMMUNISTS,
9032.0 19976.0 848.0 116.0 astounded
9964.0 20004.0 196.0 84.0 not
10232.0 19972.0 276.0 136.0 only
10572.0 19996.0 336.0 108.0 party

7940.0 20116.0 572.0 116.0 members
8596.0 20116.0 188.0 116.0 but
8876.0 20120.0 244.0 112.0 also
9204.0 20124.0 668.0 112.0 Americans
9956.0 20120.0 260.0 108.0 who
10312.0 20160.0 296.0 68.0 were
10700.0 20136.0 200.0 92.0 not

7936.0 20304.0 368.0 72.0 aware
8400.0 20264.0 136.0 116.0 of.
8608.0 20268.0 172.0 112.0 the
8872.0 20264.0 420.0 136.0 danger
9380.0 20268.0 124.0 108.0 of
9588.0 20268.0 196.0 116.0 the
9868.0 20264.0 600.0 116.0 dedicated
10556.0 20260.0 300.0 116.0 Com-

7944.0 20424.0 440.0 100.0 munist.
8180.0 20656.0 568.0 120.0 Educated
8856.0 20696.0 124.0 84.0 at
9080.0 20640.0 576.0 140.0 Princet&
9764.0 20668.0 220.0 116.0 and
10080.0 20664.0 488.0 120.0 Oxford.
10684.0 20660.0 208.0 120.0 Mr.

7940.0 20800.0 388.0 144.0 Meyer
8416.0 20808.0 372.0 136.0 joined
8880.0 20812.0 192.0 116.0 the
9156.0 20812.0 708.0 120.0 Communist
9940.0 20844.0 328.0 104.0 party
10348.0 20816.0 324.0 112.0 whife
10760.0 20812.0 136.0 116.0 he

7936.0 20992.0 232.0 72.0 was
8240.0 20996.0 72.0 64.0 a
8388.0 20956.0 468.0 112.0 student.
9032.0 20952.0 168.0 120.0 He
9276.0 20960.0 408.0 112.0 served
9764.0 20968.0 104.0 108.0 in
9944.0 20956.0 396.0 116.0 World
10420.0 20956.0 272.0 116.0 War
10776.0 20960.0 112.0 128.0 II,

7944.0 21096.0 260.0 132.0 and,
8300.0 21100.0 288.0 112.0 after
8660.0 21108.0 184.0 108.0 the
8928.0 21144.0 256.0 88.0 war.
9264.0 21104.0 472.0 116.0 entered
9816.0 21152.0 64.0 68.0 a
9956.0 21148.0 348.0 72.0 seven
10384.0 21148.0 268.0 92.0 year
10732.0 21152.0 116.0 68.0 re-

7928.0 21240.0 980.0 140.0 tiremenfduring
8968.0 21244.0 344.0 120.0 which
9376.0 21252.0 140.0 112.0 he
9576.0 21248.0 356.0 120.0 broke
9988.0 21248.0 268.0 120.0 with
10320.0 21252.0 184.0 116.0 the
10568.0 21280.0 332.0 112.0 party

7932.0 21384.0 220.0 120.0 and
8232.0 21392.0 832.0 116.0 reconstructed
9132.0 21388.0 176.0 124.0 the
9384.0 21396.0 672.0 120.0 foundation
10128.0 21396.0 132.0 120.0 of
10328.0 21396.0 168.0 120.0 his
10564.0 21404.0 284.0 132.0 polit-

7932.0 21532.0 204.0 116.0 ical
8208.0 21536.0 232.0 112.0 a.id
8516.0 21536.0 340.0 116.0 moral
8936.0 21532.0 704.0 148.0 philosophy.

4680.0 21936.0 1376.0 344.0 SATURDAY
6208.0 21928.0 992.0 400.0 NIGHTS,
7368.0 21928.0 1448.0 400.0 NOVEMBER,
9016.0 21944.0 224.0 328.0 11
9432.0 21944.0 520.0 328.0 AND
10128.0 21944.0 296.0 336.0 18

5352.0 22456.0 936.0 328.0 XAVIER
6480.0 22448.0 1480.0 336.0 UNIVERSITY
8136.0 22456.0 1536.0 336.0 FIELDIIOUSE

6864.0 22984.0 560.0 336.0 8:00
7616.0 22976.0 576.0 336.0 P.f.1.

4064.0 23496.0 576.0 136.0 PUBLIC
4728.0 23488.0 1520.0 140.0 TRANSPORTATION
6340.0 23492.0 944.0 144.0 AVAILABLE.
7404.0 23496.0 312.0 136.0 USE
7804.0 23496.0 540.0 140.0 ROUTE
8444.0 23500.0 248.0 136.0 "E"
8784.0 23496.0 240.0 136.0 OR
9116.0 23496.0 1148.0 140.0 CONNECTING
10360.0 23496.0 628.0 140.0 ROUTES

12828.0 16656.0 612.0 104.0 November

3808.0 24020.0 336.0 92.0 Xsvlsr
4212.0 24016.0 540.0 112.0 Ualvsnlry

4056.0 24220.0 384.0 96.0 Ssealit

4008.0 24424.0 120.0 92.0 M
4196.0 24424.0 332.0 96.0 1-2141

5480.0 24016.0 248.0 92.0 Rest
5796.0 24016.0 520.0 116.0 Pkarnscf

5280.0 24220.0 460.0 88.0 Harritaa
5836.0 24216.0 72.0 92.0 ft
6008.0 24220.0 504.0 92.0 6ltaiare

5704.0 24424.0 416.0 92.0 Ckevlet

6856.0 24016.0 352.0 96.0 Bracks
7240.0 24020.0 320.0 92.0 Meats
7596.0 24016.0 68.0 92.0 ft
7708.0 24016.0 416.0 96.0 Preface

7004.0 24220.0 156.0 88.0 101
7184.0 24236.0 52.0 72.0 1
7300.0 24220.0 280.0 92.0 Delta
7652.0 24220.0 376.0 88.0 Arms

6980.0 24424.0 168.0 92.0 Mt.
7208.0 24424.0 420.0 96.0 U.k.at
7692.0 24424.0 364.0 104.0 Severe

8468.0 24016.0 272.0 92.0 Prank
8808.0 24020.0 640.0 88.0 Wstttascrf
9456.0 24044.0 48.0 68.0 s
9572.0 24020.0 192.0 96.0 lac.

8840.0 24224.0 216.0 88.0 Pisa
9168.0 24248.0 248.0 72.0 Met

8900.0 24428.0 460.0 96.0 KrwBs

10384.0 24024.0 236.0 92.0 CaH
10692.0 24028.0 444.0 84.0 Haffmaa

10340.0 24232.0 176.0 88.0 04
10580.0 24236.0 324.0 104.0 M.atf
10972.0 24252.0 288.0 84.0 awry

10356.0 24432.0 448.0 92.0 P1.at
10868.0 24432.0 300.0 92.0 lisaa

13512.0 16656.0 112.0 96.0 18

13672.0 17748.0 904.0 136.0 "AMERICA'S

13760.0 18072.0 720.0 128.0 ANSWER"

11984.0 19044.0 252.0 100.0 Dean
12284.0 19048.0 500.0 100.0 Clarence
12836.0 19052.0 380.0 104.0 Manion

11976.0 19260.0 312.0 116.0 Dean
12376.0 19260.0 540.0 116.0 Clarence
13008.0 19252.0 468.0 120.0 Manion
13556.0 19260.0 84.0 108.0 is
13716.0 19244.0 192.0 116.0 the
13988.0 19224.0 484.0 132.0 founder
14560.0 19216.0 136.0 132.0 of

11716.0 19416.0 200.0 112.0 the
12036.0 19408.0 348.0 116.0 world
12436.0 19456.0 48.0 64.0 s
12600.0 19412.0 412.0 124.0 largest
13124.0 19392.0 816.0 128.0 anti-Socialist,
11700.0 19372.0 2992.0 296.0 anti-Com-munitt

12224.0 19552.0 316.0 112.0 radio
12648.0 19544.0 504.0 124.0 network
13260.0 19560.0 116.0 100.0 in
13492.0 19544.0 168.0 112.0 the
13760.0 19528.0 424.0 120.0 United
14292.0 19524.0 396.0 116.0 States.

11716.0 19700.0 220.0 112.0 His
11984.0 19704.0 420.0 132.0 weekly
12460.0 19696.0 468.0 116.0 Manion
12980.0 19692.0 408.0 120.0 Forum
13444.0 19724.0 548.0 104.0 program,
14048.0 19672.0 360.0 116.0 which
14456.0 19708.0 240.0 72.0 waa

11708.0 19844.0 692.0 116.0 established
12464.0 19856.0 100.0 104.0 in
12652.0 19840.0 348.0 136.0 1954,
13064.0 19848.0 80.0 104.0 is
13200.0 19832.0 604.0 116.0 broadcast
13864.0 19856.0 120.0 84.0 to
14044.0 19864.0 316.0 76.0 more
14416.0 19816.0 268.0 116.0 than

11704.0 19992.0 328.0 112.0 three
12144.0 19992.0 416.0 112.0 million
12672.0 19984.0 672.0 116.0 Americans
13460.0 20020.0 264.0 68.0 over
13824.0 20004.0 236.0 84.0 two
14172.0 19952.0 520.0 132.0 hundred

11708.0 20148.0 472.0 104.0 stations
12260.0 20152.0 108.0 100.0 in
12444.0 20136.0 296.0 136.0 forty
12820.0 20164.0 364.0 84.0 states.

11976.0 20384.0 312.0 124.0 Dean
12376.0 20384.0 468.0 120.0 Manion
12924.0 20380.0 392.0 116.0 served
13404.0 20420.0 148.0 72.0 on
13628.0 20376.0 184.0 116.0 the
13896.0 20368.0 352.0 120.0 Notre
14324.0 20360.0 368.0 120.0 Dame

11704.0 20528.0 648.0 144.0 University
12436.0 20536.0 416.0 128.0 faculty
12936.0 20532.0 168.0 112.0 for
13184.0 20516.0 780.0 144.0 twenty-eight
14032.0 20560.0 328.0 92.0 years
14424.0 20560.0 124.0 68.0 as
14624.0 20552.0 68.0 72.0 a

11704.0 20676.0 460.0 136.0 history,
12300.0 20704.0 744.0 104.0 government
13160.0 20672.0 236.0 116.0 and
13520.0 20676.0 716.0 104.0 constitution
14252.0 20664.0 96.0 112.0 al
14472.0 20660.0 220.0 112.0 law

11700.0 20832.0 616.0 132.0 professor.
12484.0 20820.0 204.0 116.0 His
12764.0 20816.0 340.0 124.0 book,
13192.0 20812.0 316.0 116.0 KEY
13580.0 20812.0 204.0 116.0 TO
13856.0 20804.0 520.0 132.0 PEACE,
14448.0 20844.0 244.0 72.0 was

11700.0 20968.0 508.0 132.0 adapted
12284.0 20972.0 152.0 132.0 by
12504.0 20968.0 184.0 116.0 the
12760.0 20968.0 608.0 112.0 American
13440.0 20956.0 416.0 140.0 Legion
13924.0 20956.0 180.0 116.0 for
14172.0 20948.0 464.0 120.0 distribu-

11708.0 21132.0 252.0 100.0 tion
12048.0 21148.0 108.0 80.0 to
12244.0 21116.0 256.0 132.0 high
12584.0 21112.0 456.0 112.0 schools
13132.0 21156.0 116.0 68.0 as
13340.0 21136.0 252.0 112.0 part
13672.0 21108.0 124.0 116.0 of
13884.0 21104.0 188.0 116.0 the
14164.0 21096.0 520.0 140.0 Legion's

11704.0 21264.0 1024.0 112.0 Americanization
12828.0 21296.0 560.0 96.0 program.
13564.0 21248.0 176.0 120.0 He
13828.0 21292.0 232.0 72.0 was
14144.0 21244.0 536.0 116.0 awarded

11700.0 21400.0 560.0 120.0 Freedom
12360.0 21400.0 708.0 120.0 Foundation
13148.0 21396.0 444.0 120.0 medals
13664.0 21408.0 116.0 108.0 in
13884.0 21388.0 344.0 136.0 1949,
14332.0 21388.0 336.0 132.0 1950,

11712.0 21548.0 308.0 116.0 1955
12104.0 21548.0 228.0 120.0 and
12432.0 21552.0 340.0 112.0 I960.

12976.0 22208.0 348.0 208.0 MAIL
13452.0 22196.0 592.0 212.0 ORDERS:

12904.0 22528.0 316.0 204.0 NOW
13344.0 22524.0 184.0 204.0 OR
13640.0 22516.0 464.0 212.0 NEVER

12760.0 22832.0 508.0 216.0 XAVIER
13404.0 22824.0 840.0 220.0 UNIVERSITY

12808.0 23152.0 708.0 216.0 Cincinnati
13624.0 23152.0 128.0 228.0 7f
13880.0 23144.0 308.0 216.0 Ohio

11764.0 24232.0 480.0 88.0 H.allU.
12304.0 24224.0 68.0 92.0 ft
12432.0 24228.0 300.0 88.0 N.rtk
12800.0 24228.0 236.0 92.0 Ims

12056.0 24428.0 404.0 92.0 Caltee.
12524.0 24428.0 184.0 88.0 Hill

13640.0 24024.0 280.0 92.0 OnH
13984.0 24020.0 448.0 96.0 Sarvlcas

13396.0 24224.0 232.0 92.0 1S47
13692.0 24228.0 304.0 84.0 Nn-tk
14072.0 24224.0 184.0 92.0 Ih
14380.0 24220.0 196.0 92.0 lee

13712.0 24424.0 412.0 104.0 CaHeae
14184.0 24424.0 180.0 96.0 HIP,
14584.0 24500.0 28.0 20.0 .

1896.0 24820.0 700.0 112.0 PROCEEDS
2652.0 24808.0 324.0 104.0 WILL
3028.0 24812.0 88.0 96.0 B
3272.0 24804.0 332.0 104.0 USED
3656.0 24800.0 200.0 100.0 TO
3904.0 24796.0 564.0 100.0 PUBLISH
4516.0 24796.0 88.0 96.0 A
4656.0 24788.0 868.0 120.0 NATIONWIDE
5572.0 24788.0 996.0 108.0 NON-PARTISAN
6612.0 24792.0 652.0 108.0 BULLETIN
7348.0 24796.0 600.0 104.0 DEALING
8040.0 24796.0 372.0 104.0 WITH
8492.0 24796.0 256.0 104.0 THE
8836.0 24796.0 576.0 108.0 PRIVATE
9500.0 24800.0 700.0 108.0 CmZENS-
10240.0 24800.0 352.0 104.0 ROLE
10680.0 24800.0 144.0 100.0 IN
10900.0 24796.0 276.0 108.0 TH3
11272.0 24792.0 424.0 108.0 FIGHT
11780.0 24796.0 604.0 108.0 AGAINST
12440.0 24796.0 856.0 108.0 COMMUNISM
