16012 25748
940.0 1172.0 288.0 112.0 Pare
1300.0 1164.0 128.0 96.0 it
1904.0 1148.0 316.0 100.0 THE
2344.0 1120.0 1028.0 120.0 CINCINNATI
3496.0 1100.0 888.0 124.0 ENQUIRER

912.0 1416.0 640.0 224.0 World
1656.0 1408.0 568.0 216.0 News

968.0 1744.0 1488.0 424.0 IChrush
2560.0 1720.0 1752.0 496.0 Tightens

976.0 2368.0 1088.0 400.0 Reins
2176.0 2336.0 496.0 408.0 Of
2776.0 2328.0 1128.0 480.0 Party

4856.0 1076.0 716.0 112.0 Wednesday,
5624.0 1072.0 268.0 96.0 Not.
5948.0 1064.0 84.0 116.0 1,
6092.0 1060.0 248.0 104.0 1MI

1048.0 3048.0 620.0 92.0 MOSCOW.
1740.0 3040.0 236.0 100.0 Oft.
2060.0 3032.0 104.0 96.0 Jl

928.0 3184.0 488.0 100.0 Premier
1456.0 3172.0 340.0 100.0 Nikita
1844.0 3156.0 768.0 108.0 Khrushchev,

932.0 3308.0 588.0 104.0 re-elected
1656.0 3300.0 372.0 96.0 leader
2156.0 3288.0 116.0 100.0 of
2408.0 3288.0 204.0 96.0 the

928.0 3448.0 292.0 96.0 most
1300.0 3432.0 524.0 128.0 powerful
1912.0 3416.0 700.0 108.0 Communist

928.0 3580.0 316.0 112.0 party
1324.0 3568.0 124.0 96.0 to
1520.0 3568.0 188.0 92.0 the
1784.0 3552.0 372.0 112.0 world,
2228.0 3544.0 388.0 120.0 Joined

932.0 3704.0 232.0 96.0 5000
1236.0 3696.0 520.0 104.0 cheering
1820.0 3684.0 560.0 112.0 delegates
2452.0 3684.0 124.0 88.0 to-

928.0 3836.0 208.0 108.0 day
1236.0 3828.0 124.0 96.0 In
1468.0 3816.0 540.0 112.0 asserting
2108.0 3816.0 464.0 96.0 Commu-

932.0 3964.0 284.0 96.0 nism
1292.0 3956.0 100.0 96.0 is
1460.0 3956.0 240.0 92.0 "the
1768.0 3944.0 304.0 100.0 most
2136.0 3940.0 436.0 100.0 Influen-

932.0 4092.0 188.0 92.0 tial
1220.0 4080.0 484.0 124.0 political
1800.0 4076.0 308.0 96.0 force
2192.0 4068.0 120.0 100.0 of
2404.0 4076.0 216.0 88.0 our

928.0 4216.0 364.0 104.0 time."

1048.0 4348.0 232.0 88.0 The
1340.0 4336.0 536.0 100.0 assertion
1932.0 4332.0 124.0 96.0 of
2112.0 4328.0 464.0 100.0 Commu-

932.0 4476.0 220.0 100.0 nist
1196.0 4468.0 508.0 116.0 strength
1748.0 4480.0 228.0 80.0 was
2016.0 4452.0 596.0 104.0 contained

928.0 4608.0 108.0 96.0 in
1108.0 4624.0 64.0 76.0 a
1248.0 4596.0 600.0 104.0 resolution
1924.0 4584.0 476.0 124.0 adopted
2472.0 4584.0 144.0 112.0 by

924.0 4740.0 188.0 96.0 the
1208.0 4728.0 284.0 100.0 22nd
1584.0 4728.0 540.0 104.0 Congress
2208.0 4712.0 116.0 100.0 of
2412.0 4712.0 200.0 100.0 the

932.0 4860.0 360.0 100.0 Soviet
1388.0 4852.0 700.0 100.0 Communist
2172.0 4844.0 444.0 124.0 party

936.0 4996.0 280.0 96.0 after
1296.0 4992.0 204.0 92.0 Mr.
1584.0 4976.0 720.0 104.0 Khrushchev
2388.0 4968.0 228.0 104.0 had

920.0 5128.0 272.0 88.0 been
1280.0 5112.0 580.0 104.0 re-elected
1944.0 5112.0 244.0 96.0 first
2260.0 5120.0 316.0 84.0 secre-

932.0 5256.0 240.0 108.0 tary
1280.0 5248.0 128.0 100.0 of
1512.0 5252.0 180.0 88.0 the
1800.0 5240.0 352.0 116.0 party,
2252.0 5252.0 64.0 80.0 a
2428.0 5232.0 184.0 112.0 Job

932.0 5380.0 360.0 96.0 which
1352.0 5380.0 376.0 92.0 makes
1776.0 5372.0 240.0 96.0 him
2068.0 5372.0 180.0 112.0 top
2296.0 5364.0 276.0 96.0 Com

932.0 5524.0 460.0 84.0 munist.

1048.0 5688.0 236.0 96.0 The
1352.0 5692.0 660.0 92.0 conference
2076.0 5668.0 536.0 104.0 endorsed

1068.0 6044.0 552.0 212.0 STORM
1724.0 6032.0 404.0 216.0 SASH
2240.0 6028.0 228.0 208.0 for

1096.0 6304.0 448.0 208.0 Metal
1652.0 6296.0 784.0 220.0 Casement,

1048.0 6564.0 464.0 212.0 Slider
1588.0 6556.0 260.0 212.0 and
1936.0 6552.0 552.0 248.0 Awning

1188.0 6824.0 376.0 252.0 Type
1668.0 6812.0 660.0 208.0 Windows

1092.0 7080.0 764.0 212.0 "Pressure
1972.0 7068.0 452.0 260.0 Type"

1028.0 9356.0 540.0 112.0 Window
1636.0 9380.0 216.0 88.0 can
1928.0 9348.0 156.0 112.0 be
2156.0 9340.0 352.0 116.0 taken

1028.0 9504.0 208.0 108.0 out
1368.0 9496.0 232.0 116.0 and
1720.0 9488.0 548.0 120.0 returned
2396.0 9484.0 112.0 116.0 in

1032.0 9644.0 236.0 116.0 less
1360.0 9644.0 284.0 112.0 than
1732.0 9672.0 140.0 76.0 on
2052.0 9636.0 456.0 112.0 minute.

1032.0 9788.0 176.0 112.0 No
1264.0 9816.0 444.0 84.0 screws
1864.0 9816.0 156.0 80.0 no
2076.0 9776.0 432.0 116.0 tracks.

1032.0 9932.0 176.0 112.0 No
1288.0 9932.0 556.0 112.0 Venetian
1932.0 9924.0 360.0 112.0 Minds
2368.0 9928.0 140.0 108.0 to

1028.0 10104.0 384.0 84.0 move.
1544.0 10076.0 164.0 108.0 No
1824.0 10068.0 460.0 112.0 trouble
2396.0 10068.0 108.0 112.0 in

1028.0 10216.0 532.0 144.0 washing
1628.0 10212.0 588.0 116.0 windows.
2332.0 10236.0 28.0 36.0 '

1264.0 10556.0 216.0 96.0 U.S.
1544.0 10556.0 196.0 96.0 fit.
1804.0 10556.0 204.0 100.0 2.71
2032.0 10552.0 252.0 100.0 U31

1024.0 10704.0 432.0 220.0 Wood,
1516.0 10700.0 260.0 208.0 also
1824.0 10696.0 696.0 212.0 Aluminum

1028.0 10964.0 668.0 100.0 losmmut
1752.0 10960.0 196.0 92.0 ino
2012.0 10960.0 232.0 92.0 Kim

1184.0 11108.0 56.0 108.0 1
1268.0 11112.0 32.0 100.0 1
1328.0 11108.0 136.0 108.0 00
1540.0 11100.0 772.0 116.0 LOSANTIVILLE

1020.0 11272.0 224.0 80.0 (Solf
1300.0 11272.0 324.0 72.0 manoii
2124.0 11272.0 80.0 72.0 ji
2260.0 11268.0 264.0 76.0 i-rset

1188.0 11356.0 1120.0 156.0 CONSUMERS

1048.0 11588.0 976.0 152.0 MATERIALS
2128.0 11584.0 336.0 176.0 CO,

1360.0 13536.0 376.0 100.0 ENDS
1820.0 13536.0 380.0 104.0 YOUR

980.0 13684.0 436.0 100.0 FALSE
1500.0 13684.0 452.0 100.0 TEETH
2048.0 13676.0 524.0 104.0 MISERY

856.0 13848.0 368.0 64.0 Amstiinsi
1256.0 13868.0 192.0 44.0 new
1480.0 13844.0 184.0 68.0 false-
1692.0 13840.0 212.0 72.0 teeth
1944.0 13840.0 280.0 72.0 rrlinrr
2256.0 13840.0 184.0 72.0 stive
2512.0 13852.0 152.0 56.0 (rut

852.0 13956.0 232.0 68.0 peace
1132.0 13932.0 96.0 76.0 of
1272.0 13928.0 256.0 76.0 mind.
1580.0 13928.0 644.0 80.0 DtNTl'RITE,
2356.0 13924.0 332.0 72.0 mirirlc:

852.0 14040.0 300.0 84.0 plastic,
1184.0 14040.0 244.0 52.0 bowi
1468.0 14040.0 108.0 48.0 on
1620.0 14040.0 144.0 52.0 ina
1808.0 14040.0 160.0 48.0 sen
2016.0 14040.0 76.0 48.0 in
2128.0 14040.0 140.0 48.0 nve
2304.0 14040.0 348.0 40.0 minum

852.0 14112.0 232.0 64.0 Wear
1144.0 14128.0 212.0 48.0 vour
1416.0 14104.0 252.0 72.0 nlalet
1716.0 14100.0 152.0 76.0 and
1928.0 14120.0 128.0 56.0 Cat
2156.0 14100.0 328.0 72.0 nvthins
2544.0 14096.0 100.0 72.0 im

848.0 14192.0 444.0 84.0 medinelr.
1352.0 14196.0 272.0 80.0 Stops
1672.0 14184.0 440.0 104.0 clicking.
2168.0 14184.0 256.0 76.0 fasts
2472.0 14204.0 196.0 52.0 lore

848.0 14304.0 248.0 64.0 gums.
1144.0 14284.0 392.0 68.0 Prevents
1592.0 14272.0 188.0 76.0 food
1840.0 14272.0 372.0 116.0 particles
2256.0 14272.0 208.0 68.0 from
2516.0 14264.0 172.0 88.0 get-l

848.0 14376.0 164.0 72.0 cinff
1044.0 14368.0 256.0 72.0 tinder
1336.0 14388.0 204.0 60.0 four
1572.0 14368.0 224.0 84.0 plite.
1840.0 14348.0 300.0 96.0 Laufth,
2176.0 14356.0 184.0 84.0 talk,
2396.0 14348.0 292.0 92.0 anceiej

844.0 14480.0 340.0 48.0 wiinoui
1220.0 14480.0 172.0 44.0 rear
1424.0 14480.0 88.0 44.0 oi
1544.0 14480.0 672.0 44.0 fmrarriunicni.

932.0 14544.0 396.0 80.0 DENT!'
1356.0 14544.0 264.0 72.0 KITE
1652.0 14564.0 228.0 56.0 itayi
1924.0 14540.0 204.0 72.0 firm
2168.0 14556.0 140.0 64.0 rec
2348.0 14536.0 296.0 88.0 pliant

844.0 14636.0 204.0 76.0 Lasts
1408.0 14628.0 152.0 76.0 and
1604.0 14652.0 208.0 48.0 anure
1840.0 14628.0 20.0 68.0 !
1912.0 14628.0 224.0 72.0 Peeli
2168.0 14644.0 136.0 52.0 out
2340.0 14624.0 244.0 84.0 easily
2616.0 14624.0 48.0 72.0 il

844.0 14724.0 536.0 84.0 replacement
1420.0 14720.0 20.0 72.0 j
1516.0 14712.0 324.0 76.0 needed.
1876.0 14712.0 344.0 88.0 Uppers,
2252.0 14712.0 296.0 72.0 lowers
2580.0 14732.0 84.0 48.0 ot

848.0 14812.0 304.0 88.0 partial!
1224.0 14800.0 92.0 76.0 4r
1392.0 14800.0 244.0 84.0 irmly
1696.0 14796.0 152.0 80.0 and
1912.0 14796.0 348.0 84.0 securely
2320.0 14796.0 344.0 72.0 without

844.0 14896.0 200.0 80.0 6iv
1080.0 14916.0 136.0 52.0 utc
1252.0 14888.0 108.0 76.0 of
1396.0 14888.0 392.0 88.0 powders,
1832.0 14904.0 272.0 68.0 pastes
2136.0 14908.0 88.0 48.0 or
2256.0 14884.0 404.0 72.0 cushions.

852.0 14984.0 172.0 80.0 Easy
1064.0 15000.0 88.0 52.0 to
1196.0 15004.0 184.0 52.0 us;
1428.0 14980.0 372.0 72.0 tasteless,
1844.0 14972.0 396.0 76.0 odorless,
2284.0 14968.0 380.0 72.0 harmless

844.0 15088.0 88.0 56.0 to
972.0 15068.0 248.0 88.0 plates
1264.0 15064.0 164.0 76.0 and
1476.0 15088.0 240.0 56.0 gums.
1760.0 15060.0 300.0 84.0 Money
2072.0 15052.0 216.0 80.0 -back
2332.0 15080.0 300.0 64.0 guaran-

848.0 15176.0 148.0 56.0 tee.
1028.0 15160.0 96.0 68.0 At
1160.0 15176.0 208.0 56.0 your
1400.0 15148.0 204.0 84.0 drug
1636.0 15168.0 364.0 56.0 counter.
2676.0 15176.0 4.0 76.0 j

996.0 15292.0 1516.0 200.0 denturite

980.0 15548.0 416.0 64.0 P1LIC
1456.0 15544.0 408.0 64.0 TIETH
1932.0 15540.0 580.0 68.0 DILINIK

1240.0 15936.0 448.0 212.0 NEW
1768.0 15936.0 552.0 212.0 TUMS

1016.0 16224.0 668.0 220.0 FAMILY
1772.0 16224.0 788.0 228.0 BOTTLE!

984.0 18520.0 224.0 100.0 New
1260.0 18524.0 300.0 88.0 Tumi
1612.0 18524.0 336.0 100.0 Family
2012.0 18520.0 280.0 84.0 BotUe
2344.0 18540.0 176.0 64.0 coo

992.0 18652.0 228.0 80.0 Utns
1280.0 18668.0 184.0 60.0 om
1524.0 18640.0 384.0 84.0 hundred
1976.0 18636.0 580.0 104.0 minty-fresh

988.0 18760.0 284.0 88.0 Tvms
1316.0 18760.0 340.0 80.0 tablets
1696.0 18760.0 188.0 80.0 One
1920.0 18752.0 384.0 88.0 hundred
2344.0 18756.0 208.0 96.0 last,

984.0 18904.0 196.0 56.0 aura
1212.0 18900.0 204.0 76.0 way
1500.0 18888.0 88.0 68.0 lo
1620.0 18876.0 304.0 80.0 relieve
1960.0 18868.0 188.0 84.0 end
2184.0 18872.0 332.0 92.0 indiges-

988.0 18996.0 212.0 88.0 tion,
1264.0 18992.0 472.0 84.0 heartburn
1792.0 18988.0 180.0 84.0 and
2032.0 19012.0 168.0 72.0 fas.
2256.0 18988.0 180.0 84.0 Get

992.0 19108.0 276.0 84.0 bottle
1300.0 19112.0 144.0 80.0 lor
1472.0 19132.0 212.0 72.0 your
1712.0 19104.0 260.0 84.0 home
2008.0 19104.0 280.0 100.0 today.

988.0 19220.0 576.0 92.0 Economical
1668.0 19224.0 204.0 100.0 only
1904.0 19224.0 192.0 80.0 S3.

2764.0 3044.0 64.0 76.0 a
2932.0 3012.0 576.0 124.0 tightened
3616.0 3008.0 332.0 120.0 party
4052.0 3000.0 376.0 96.0 leader-

2772.0 3156.0 248.0 112.0 ship
3060.0 3152.0 360.0 96.0 under
3452.0 3136.0 488.0 104.0 Premier
3976.0 3128.0 452.0 104.0 Khrush-

2776.0 3288.0 272.0 92.0 chev
3100.0 3280.0 224.0 96.0 and
3380.0 3300.0 64.0 72.0 a
3496.0 3268.0 748.0 116.0 20-year-pln
4296.0 3264.0 128.0 88.0 de-

2776.0 3416.0 384.0 112.0 slrned
3236.0 3416.0 116.0 88.0 to
3428.0 3404.0 324.0 96.0 make
3836.0 3400.0 196.0 92.0 the
4116.0 3388.0 356.0 100.0 Soviet

2776.0 3544.0 360.0 100.0 Union
3228.0 3540.0 192.0 96.0 the
3504.0 3532.0 436.0 100.0 world's
4028.0 3520.0 444.0 112.0 leading

2772.0 3664.0 784.0 108.0 economic
3716.0 3676.0 408.0 104.0 power.
4280.0 3652.0 196.0 92.0 Mr.

2776.0 3800.0 736.0 108.0 Khrushchev
3632.0 3784.0 524.0 104.0 declared
4284.0 3780.0 192.0 100.0 the

2776.0 3956.0 528.0 92.0 congress
3416.0 3924.0 220.0 100.0 had
3752.0 3916.0 464.0 100.0 marked
4328.0 3932.0 144.0 72.0 an

2780.0 4064.0 616.0 120.0 Important
3440.0 4056.0 240.0 108.0 step
3732.0 4052.0 116.0 96.0 In
3900.0 4040.0 536.0 104.0 establish-

2780.0 4200.0 188.0 112.0 ing
3024.0 4196.0 204.0 92.0 full
3288.0 4180.0 772.0 108.0 Communism
4120.0 4176.0 112.0 96.0 In
4288.0 4176.0 188.0 92.0 the

2788.0 4324.0 364.0 100.0 Soviet
3200.0 4320.0 392.0 100.0 Union.

2900.0 4508.0 296.0 100.0 "The
3288.0 4500.0 452.0 124.0 present
3832.0 4480.0 644.0 128.0 generation

2776.0 4644.0 120.0 96.0 of
2996.0 4636.0 372.0 100.0 Soviet
3464.0 4632.0 396.0 116.0 people
3956.0 4616.0 216.0 100.0 will
4272.0 4612.0 204.0 100.0 live

2780.0 4772.0 360.0 100.0 under
3280.0 4748.0 876.0 116.0 Communism,"
4300.0 4740.0 136.0 96.0 de-

2776.0 4900.0 376.0 100.0 clared
3236.0 4896.0 188.0 96.0 the
3512.0 4884.0 648.0 100.0 resolution,
4244.0 4876.0 192.0 96.0 bor-

2780.0 5032.0 416.0 112.0 rowing
3244.0 5028.0 284.0 92.0 from
3568.0 5020.0 192.0 92.0 the
3800.0 5000.0 676.0 120.0 50,000-word

2780.0 5160.0 576.0 100.0 economic
3480.0 5152.0 292.0 116.0 plan.
3908.0 5144.0 524.0 92.0 "Commu-

2784.0 5296.0 292.0 96.0 nism
3140.0 5288.0 208.0 96.0 has
3416.0 5284.0 452.0 92.0 become
3932.0 5272.0 196.0 96.0 the
4196.0 5264.0 288.0 96.0 most

2788.0 5416.0 636.0 108.0 influential
3476.0 5404.0 484.0 124.0 political
4020.0 5400.0 292.0 92.0 force
4360.0 5388.0 120.0 100.0 of

2788.0 5572.0 200.0 76.0 our
3048.0 5552.0 296.0 92.0 time.
3404.0 5544.0 96.0 92.0 It
3556.0 5544.0 84.0 92.0 is
3696.0 5536.0 212.0 100.0 not
3944.0 5524.0 496.0 120.0 Imperial-

2788.0 5684.0 204.0 92.0 Ism
3068.0 5672.0 700.0 116.0 (capitalism)
3840.0 5664.0 200.0 92.0 but
4108.0 5672.0 372.0 80.0 sociai-

2704.0 5832.0 8.0 60.0 i
2792.0 5812.0 208.0 100.0 Ism
3068.0 5796.0 856.0 108.0 (Communism)
3988.0 5792.0 252.0 92.0 that
4308.0 5788.0 136.0 84.0 de-

2780.0 5940.0 532.0 96.0 termines
3352.0 5932.0 320.0 112.0 today
3712.0 5928.0 196.0 92.0 the
3952.0 5916.0 536.0 124.0 principal

2796.0 6068.0 532.0 100.0 direction
3400.0 6060.0 112.0 96.0 of
3576.0 6052.0 344.0 100.0 world
3988.0 6048.0 460.0 104.0 develop-

2792.0 6200.0 408.0 104.0 ment."
2888.0 6356.0 280.0 100.0 Wild
3212.0 6348.0 528.0 120.0 applause
3784.0 6332.0 468.0 104.0 marked
4296.0 6328.0 184.0 100.0 the

2700.0 6448.0 12.0 48.0 '
2788.0 6488.0 220.0 100.0 end
3112.0 6484.0 120.0 96.0 of
3332.0 6484.0 188.0 96.0 the
3612.0 6484.0 536.0 96.0 congress
4236.0 6460.0 252.0 96.0 that

2788.0 6640.0 224.0 80.0 saw
3104.0 6620.0 196.0 92.0 the
3392.0 6604.0 536.0 100.0 one-time
4036.0 6588.0 404.0 104.0 unchal-

2792.0 6748.0 396.0 112.0 lenged
3232.0 6740.0 368.0 100.0 leader
3640.0 6740.0 120.0 92.0 of
3796.0 6724.0 344.0 100.0 world
4176.0 6728.0 260.0 92.0 Com-

2788.0 6876.0 528.0 108.0 munism,
3384.0 6868.0 416.0 112.0 Joseph
3872.0 6852.0 388.0 112.0 Stalin,
4328.0 6868.0 156.0 76.0 re-

2696.0 7044.0 12.0 100.0 I
2796.0 7008.0 280.0 100.0 viled
3132.0 7024.0 120.0 80.0 as
3296.0 7020.0 68.0 76.0 a
3408.0 6996.0 612.0 104.0 murderer,
4068.0 6984.0 172.0 96.0 his
4288.0 6980.0 192.0 96.0 fol-

2696.0 7132.0 12.0 52.0 '
2780.0 7144.0 384.0 96.0 lowers
3304.0 7128.0 436.0 100.0 further
3876.0 7108.0 608.0 120.0 disgraced.

2788.0 7272.0 196.0 96.0 the
3104.0 7264.0 548.0 96.0 Albanian
3780.0 7264.0 708.0 84.0 communist,

2788.0 7396.0 628.0 112.0 leadership
3476.0 7384.0 480.0 100.0 assailed
4012.0 7376.0 224.0 100.0 and
4292.0 7372.0 188.0 96.0 the

2788.0 7528.0 228.0 100.0 Red
3068.0 7524.0 476.0 96.0 Chinese
3580.0 7512.0 412.0 124.0 openly
4024.0 7500.0 456.0 100.0 defiant

2904.0 7684.0 236.0 104.0 The
3212.0 7676.0 280.0 104.0 final
3560.0 7668.0 620.0 104.0 resolution
4256.0 7656.0 228.0 104.0 also

2788.0 7812.0 356.0 108.0 called
3252.0 7812.0 168.0 96.0 for
3516.0 7800.0 592.0 120.0 expulsion
4212.0 7796.0 280.0 92.0 from

2792.0 7952.0 188.0 100.0 the
3040.0 7948.0 324.0 116.0 party
3416.0 7936.0 124.0 96.0 of
3596.0 7936.0 112.0 96.0 V.
3776.0 7932.0 144.0 100.0 M.
3980.0 7924.0 508.0 108.0 Molotov,

2788.0 8084.0 420.0 96.0 former
3360.0 8068.0 428.0 108.0 foreign
3944.0 8052.0 540.0 104.0 minister;

2808.0 8200.0 400.0 120.0 Oeorgl
3328.0 8196.0 628.0 104.0 Malenkov,
4076.0 8188.0 408.0 96.0 former

2796.0 8352.0 508.0 112.0 premier,
3368.0 8324.0 220.0 104.0 and
3652.0 8328.0 344.0 96.0 Lazar
4060.0 8320.0 388.0 108.0 Kagan-

2784.0 8472.0 356.0 104.0 ovlch,
3232.0 8460.0 412.0 100.0 former
3736.0 8452.0 256.0 100.0 first
4080.0 8444.0 412.0 116.0 deputy

2792.0 8616.0 504.0 108.0 premier,
3364.0 8592.0 308.0 96.0 three
3744.0 8580.0 564.0 100.0 members
4372.0 8572.0 116.0 96.0 of

2796.0 8736.0 188.0 96.0 the
3136.0 8744.0 64.0 80.0 a
3240.0 8744.0 72.0 76.0 n
3356.0 8724.0 44.0 96.0 t
3436.0 8720.0 72.0 96.0 i-
3544.0 8736.0 68.0 96.0 p
3652.0 8732.0 60.0 80.0 a
3756.0 8736.0 52.0 76.0 r
3844.0 8716.0 48.0 92.0 t
3932.0 8728.0 64.0 96.0 y
4152.0 8720.0 340.0 100.0 group

2792.0 8856.0 444.0 116.0 bitterly
3328.0 8848.0 468.0 104.0 assailed
3892.0 8864.0 120.0 76.0 as
4100.0 8832.0 348.0 100.0 Stalin-

2792.0 8996.0 200.0 96.0 ists
3064.0 8984.0 408.0 104.0 almost
3544.0 8976.0 296.0 112.0 daily
3924.0 8972.0 304.0 96.0 since
4300.0 8964.0 188.0 96.0 the

2792.0 9136.0 516.0 100.0 congress
3348.0 9108.0 432.0 120.0 opened
3828.0 9100.0 476.0 96.0 October
4352.0 9096.0 136.0 92.0 17.

2920.0 9256.0 128.0 96.0 In
3104.0 9240.0 628.0 124.0 tightening
3784.0 9236.0 196.0 92.0 the
4032.0 9224.0 296.0 104.0 reins
4372.0 9224.0 116.0 92.0 of

2780.0 9544.0 204.0 164.0 U.
3080.0 9540.0 164.0 160.0 S.
3336.0 9516.0 736.0 172.0 Warned
4172.0 9512.0 264.0 164.0 On

2788.0 9776.0 556.0 184.0 Troop
3408.0 9748.0 800.0 204.0 Dispatch

2916.0 10020.0 504.0 108.0 TOKYO,
3524.0 10016.0 236.0 96.0 Oct.
3880.0 10004.0 116.0 100.0 31
4112.0 10016.0 156.0 80.0 (iTi

2792.0 10176.0 704.0 104.0 Communist
3556.0 10164.0 360.0 100.0 North
3980.0 10156.0 512.0 104.0 Vietnam

2792.0 10320.0 208.0 96.0 has
3092.0 10296.0 600.0 108.0 warned
3792.0 10296.0 200.0 92.0 the
4092.0 10284.0 396.0 100.0 United

2800.0 10448.0 364.0 92.0 States
3212.0 10436.0 248.0 100.0 that
3508.0 10424.0 520.0 116.0 dispatch
4076.0 10420.0 120.0 92.0 of
4244.0 10412.0 112.0 96.0 U.
4396.0 10416.0 96.0 92.0 S.

2784.0 10584.0 372.0 104.0 troops
3204.0 10572.0 112.0 92.0 to
3360.0 10560.0 748.0 124.0 pro-Western
4152.0 10544.0 344.0 96.0 South

2796.0 10708.0 512.0 96.0 Vietnam
3368.0 10692.0 320.0 100.0 could
3748.0 10688.0 292.0 96.0 have
4096.0 10676.0 356.0 96.0 "disas-

2796.0 10840.0 304.0 92.0 trous
3176.0 10808.0 928.0 124.0 consequences,"
4216.0 10800.0 280.0 100.0 Red

2796.0 10968.0 448.0 96.0 China's
3316.0 10952.0 420.0 100.0 official
3812.0 10948.0 256.0 92.0 New
4140.0 10936.0 356.0 96.0 China

2796.0 11104.0 312.0 96.0 News
3160.0 11096.0 444.0 108.0 Agency
3656.0 11076.0 248.0 104.0 said
3960.0 11068.0 360.0 112.0 today.

2916.0 11248.0 396.0 104.0 NCNA,
3360.0 11236.0 460.0 124.0 quoting
3872.0 11252.0 60.0 80.0 a
3984.0 11220.0 508.0 124.0 dispatch

2796.0 11388.0 288.0 96.0 from
3216.0 11368.0 384.0 108.0 Hanoi,
3732.0 11360.0 356.0 100.0 North
4220.0 11348.0 236.0 100.0 Viet-

2796.0 11532.0 456.0 84.0 namese
3376.0 11496.0 440.0 124.0 capital,
3944.0 11484.0 240.0 104.0 said
4304.0 11480.0 188.0 92.0 the

2796.0 11644.0 500.0 112.0 warning
3380.0 11652.0 216.0 76.0 was
3680.0 11612.0 608.0 112.0 contained
4384.0 11612.0 104.0 92.0 in

2800.0 11796.0 56.0 76.0 a
2960.0 11780.0 684.0 96.0 message
3740.0 11752.0 260.0 100.0 sent
4096.0 11748.0 116.0 92.0 to
4308.0 11740.0 184.0 92.0 the

2796.0 11904.0 400.0 100.0 United
3312.0 11892.0 464.0 100.0 Nations
3896.0 11884.0 140.0 108.0 by
4152.0 11872.0 340.0 96.0 North

2792.0 12032.0 604.0 104.0 Vietnam's
3444.0 12020.0 464.0 108.0 Foreign
3960.0 12004.0 532.0 104.0 Minister,

2796.0 12172.0 240.0 108.0 Ung
3096.0 12168.0 236.0 92.0 Van
3396.0 12152.0 436.0 96.0 Khiem.

2908.0 12324.0 232.0 100.0 The
3280.0 12324.0 500.0 96.0 message
3924.0 12292.0 244.0 108.0 said
4300.0 12288.0 188.0 96.0 the

2784.0 12452.0 408.0 104.0 United
3312.0 12436.0 520.0 104.0 States
3956.0 12420.0 532.0 112.0 seriously

2792.0 12596.0 704.0 92.0 menaces
3604.0 12568.0 196.0 96.0 the
3924.0 12572.0 336.0 104.0 peace
4380.0 12548.0 104.0 96.0 in

2788.0 12700.0 840.0 116.0 Southeast
3744.0 12688.0 264.0 104.0 Asia
4136.0 12676.0 352.0 104.0 with

2788.0 12844.0 492.0 104.0 "threats
3340.0 12840.0 116.0 92.0 to
3520.0 12824.0 276.0 108.0 send
3872.0 12812.0 440.0 120.0 troops"
4376.0 12812.0 112.0 96.0 to

2788.0 12976.0 348.0 100.0 South
3204.0 12968.0 544.0 96.0 Vietnam.
3820.0 12952.0 104.0 96.0 It
3992.0 12944.0 240.0 104.0 said
4300.0 12940.0 184.0 96.0 the

2788.0 13104.0 404.0 104.0 United
3252.0 13096.0 364.0 100.0 States
3676.0 13088.0 92.0 100.0 Is
3828.0 13068.0 660.0 116.0 "feverishly

2788.0 13232.0 592.0 128.0 preparing
3488.0 13216.0 372.0 124.0 public
3972.0 13200.0 516.0 128.0 opinion"

2788.0 13376.0 172.0 92.0 for
3068.0 13364.0 280.0 100.0 such
3456.0 13376.0 60.0 76.0 a
3632.0 13364.0 324.0 84.0 move
4068.0 13336.0 120.0 100.0 in
4300.0 13332.0 184.0 100.0 the

2788.0 13504.0 304.0 92.0 wake
3188.0 13492.0 116.0 96.0 of
3396.0 13488.0 268.0 96.0 Oen.
3764.0 13468.0 508.0 104.0 Maxwell
4368.0 13460.0 112.0 96.0 D.

2784.0 13628.0 480.0 116.0 Taylor's
3352.0 13608.0 624.0 124.0 Inspection
4068.0 13600.0 220.0 112.0 trip
4368.0 13592.0 116.0 96.0 of

2784.0 13760.0 352.0 100.0 South
3196.0 13748.0 544.0 104.0 Vietnam,
3812.0 13752.0 252.0 80.0 now
4136.0 13724.0 352.0 100.0 under

2784.0 13892.0 276.0 100.0 hard
3164.0 13896.0 504.0 104.0 pressure
3776.0 13868.0 296.0 96.0 from
4176.0 13860.0 264.0 92.0 Com-

2776.0 14020.0 424.0 104.0 munist
3240.0 14012.0 236.0 100.0 Viet
3520.0 14008.0 312.0 108.0 Cong
3876.0 13984.0 600.0 128.0 guerrillas.

2776.0 14232.0 512.0 172.0 Flood
3356.0 14220.0 704.0 164.0 Victims

2772.0 14480.0 316.0 160.0 Get
3156.0 14468.0 240.0 160.0 'C
3464.0 14456.0 696.0 168.0 Rations

2896.0 14720.0 540.0 104.0 SAIGON,
3508.0 14708.0 236.0 100.0 Oct.
3824.0 14704.0 120.0 96.0 31
4024.0 14712.0 148.0 84.0 (JP
4316.0 14692.0 164.0 92.0 An

2776.0 14884.0 588.0 100.0 American
3480.0 14868.0 344.0 100.0 airlift
3940.0 14856.0 120.0 100.0 of
4172.0 14844.0 308.0 104.0 relief

2780.0 15044.0 336.0 120.0 goods
3196.0 15040.0 172.0 92.0 for
3440.0 15028.0 348.0 96.0 South
3872.0 15004.0 608.0 108.0 Vietnam's

2780.0 15200.0 296.0 104.0 flood
3148.0 15192.0 432.0 100.0 victims
3648.0 15172.0 436.0 112.0 started
4160.0 15164.0 280.0 100.0 arriv-

2784.0 15364.0 180.0 116.0 ing
3064.0 15352.0 340.0 108.0 today
3720.0 15332.0 232.0 104.0 and
4056.0 15328.0 384.0 96.0 embar-

2780.0 15488.0 376.0 104.0 rassed
3256.0 15484.0 120.0 96.0 U.
3476.0 15476.0 96.0 96.0 S.
3680.0 15460.0 496.0 104.0 officials
4276.0 15452.0 164.0 96.0 dis-

2772.0 15616.0 464.0 108.0 covered
3372.0 15612.0 188.0 92.0 the
3700.0 15600.0 256.0 96.0 first
4096.0 15588.0 384.0 116.0 planes

2776.0 15748.0 428.0 108.0 carried
3264.0 15748.0 328.0 104.0 Army
3648.0 15732.0 212.0 96.0 "C"
3920.0 15720.0 448.0 100.0 rations.

2900.0 15912.0 116.0 96.0 U.
3096.0 15908.0 100.0 96.0 S.
3276.0 15892.0 480.0 104.0 officials
3836.0 15880.0 232.0 100.0 had
4148.0 15872.0 332.0 100.0 asked

2780.0 16048.0 168.0 96.0 for
3012.0 16028.0 440.0 108.0 canned
3524.0 16020.0 304.0 100.0 milk,
3904.0 16008.0 580.0 100.0 medicine,

2776.0 16172.0 500.0 108.0 clothing
3324.0 16156.0 220.0 100.0 and
3588.0 16152.0 332.0 100.0 other
3964.0 16136.0 520.0 116.0 supplies,

2780.0 16308.0 196.0 96.0 but
3036.0 16304.0 204.0 92.0 not
3296.0 16296.0 332.0 104.0 Army
3692.0 16276.0 276.0 100.0 fielU
4028.0 16276.0 452.0 92.0 rations,

2776.0 16428.0 488.0 104.0 which
3392.0 16436.0 180.0 80.0 are
3672.0 16412.0 180.0 96.0 far
3952.0 16396.0 536.0 104.0 different

2780.0 16572.0 292.0 92.0 from
3200.0 16560.0 192.0 96.0 the
3524.0 16536.0 548.0 108.0 standard
4208.0 16528.0 236.0 96.0 Viet-

2784.0 16712.0 456.0 88.0 namese
3332.0 16684.0 220.0 96.0 rice
3648.0 16672.0 264.0 96.0 diet.
4008.0 16660.0 292.0 100.0 Food
4396.0 16656.0 88.0 96.0 is

2780.0 16832.0 192.0 100.0 not
3096.0 16804.0 652.0 116.0 considered
3876.0 16816.0 68.0 80.0 a
4064.0 16788.0 416.0 100.0 critical

2784.0 16956.0 496.0 124.0 problem
3336.0 16948.0 112.0 96.0 in
3496.0 16940.0 192.0 96.0 the
3740.0 16932.0 252.0 96.0 vast
4040.0 16912.0 440.0 108.0 flooded

2784.0 17108.0 312.0 80.0 areas
3168.0 17080.0 116.0 96.0 of
3360.0 17076.0 188.0 96.0 the
3628.0 17060.0 568.0 104.0 Southern
4272.0 17048.0 168.0 100.0 Me-

2784.0 17224.0 288.0 112.0 kong
3140.0 17212.0 324.0 96.0 River
3532.0 17196.0 332.0 100.0 delta.

2900.0 17372.0 368.0 100.0 About
3336.0 17364.0 116.0 96.0 42
3524.0 17356.0 260.0 96.0 tons
3856.0 17348.0 124.0 96.0 of
4044.0 17340.0 212.0 96.0 "C"
4324.0 17352.0 112.0 80.0 ra-

2780.0 17512.0 292.0 100.0 tions
3152.0 17512.0 280.0 80.0 were
3516.0 17488.0 108.0 100.0 In
3708.0 17484.0 200.0 96.0 the
3992.0 17472.0 252.0 104.0 first
4324.0 17468.0 156.0 96.0 six

2780.0 17628.0 652.0 132.0 planeloads
3504.0 17612.0 492.0 108.0 arriving
4104.0 17604.0 376.0 92.0 from

2780.0 17772.0 560.0 100.0 Okinawa.
3416.0 17756.0 228.0 96.0 The
3724.0 17732.0 440.0 108.0 needed
4240.0 17744.0 200.0 96.0 sup-

2780.0 17904.0 272.0 120.0 plies
3120.0 17908.0 280.0 80.0 were
3464.0 17868.0 544.0 128.0 expected
4072.0 17884.0 152.0 76.0 on
4292.0 17856.0 144.0 100.0 fol-

2784.0 18036.0 396.0 108.0 lowing
3232.0 18012.0 664.0 120.0 shipments.

2772.0 18248.0 400.0 168.0 OKs
3280.0 18232.0 696.0 188.0 Regime

2892.0 18488.0 596.0 112.0 VATICAN
3580.0 18472.0 368.0 108.0 CITY.
4032.0 18460.0 240.0 104.0 Oct.
4364.0 18452.0 112.0 96.0 31

2776.0 18636.0 304.0 104.0 (UPD
3204.0 18624.0 232.0 96.0 The
3552.0 18608.0 476.0 100.0 Vatican
4160.0 18588.0 324.0 112.0 today

2780.0 18752.0 640.0 120.0 recognized
3500.0 18748.0 188.0 96.0 the
3764.0 18752.0 252.0 84.0 new
4096.0 18724.0 384.0 116.0 Syrian

2780.0 18900.0 440.0 112.0 regime.
3272.0 18884.0 308.0 112.0 Syria
3632.0 18880.0 92.0 96.0 Is
3776.0 18856.0 544.0 128.0 expected
4368.0 18856.0 116.0 92.0 to

2780.0 19028.0 272.0 104.0 send
3108.0 19044.0 68.0 80.0 a
3232.0 19016.0 512.0 104.0 minister
3792.0 19012.0 124.0 88.0 to
3972.0 19004.0 196.0 92.0 the
4220.0 18988.0 220.0 96.0 Vati-

2780.0 19184.0 204.0 80.0 can
3064.0 19156.0 224.0 100.0 and
3356.0 19156.0 192.0 92.0 the
3616.0 19140.0 272.0 112.0 holy
3952.0 19148.0 188.0 84.0 see
4212.0 19132.0 264.0 92.0 then

2780.0 19300.0 208.0 96.0 will
3064.0 19284.0 280.0 104.0 send
3416.0 19300.0 64.0 80.0 a
3548.0 19260.0 932.0 128.0 diplomatic

2780.0 19416.0 860.0 128.0 representative
3680.0 19412.0 116.0 88.0 to
3832.0 19404.0 648.0 92.0 Damascus.

3388.0 19760.0 512.0 140.0 ENTER
3996.0 19748.0 320.0 136.0 THE

3552.0 19952.0 620.0 144.0 C.G.&E.

2760.0 20228.0 796.0 208.0 "DRYER
3676.0 20204.0 716.0 212.0 DAYS"

3148.0 20476.0 780.0 148.0 CONTEST

2652.0 20728.0 388.0 140.0 OCT.
3120.0 20720.0 172.0 136.0 30
3372.0 20716.0 316.0 132.0 thru
3780.0 20696.0 416.0 144.0 NOV.
4280.0 20688.0 160.0 140.0 17

2864.0 20952.0 512.0 136.0 Monday
3456.0 20944.0 260.0 112.0 thru
3808.0 20932.0 428.0 140.0 Friday

3052.0 21100.0 68.0 112.0 8
3204.0 21124.0 188.0 84.0 am
3476.0 21096.0 128.0 104.0 to
3688.0 21088.0 64.0 116.0 5
3840.0 21112.0 192.0 112.0 pm
4188.0 21104.0 20.0 16.0 '

1036.0 21436.0 824.0 160.0 Audience
1980.0 21428.0 740.0 156.0 Awards:

1392.0 21664.0 332.0 112.0 Given
1788.0 21664.0 360.0 132.0 during
2216.0 21656.0 384.0 136.0 quickie
2676.0 21656.0 284.0 108.0 home
3032.0 21644.0 412.0 132.0 laundry
3512.0 21636.0 864.0 112.0 demonstrations

1424.0 21816.0 132.0 128.0 by
1620.0 21816.0 208.0 100.0 Ann
1912.0 21804.0 460.0 124.0 Holiday,
2448.0 21800.0 252.0 108.0 from
2780.0 21796.0 288.0 108.0 11:30
3132.0 21828.0 160.0 68.0 am
3360.0 21800.0 108.0 96.0 to
3536.0 21784.0 236.0 104.0 2:30
3840.0 21812.0 172.0 100.0 pm
4080.0 21768.0 300.0 136.0 daily.

1392.0 22008.0 660.0 108.0 Hondsome
2152.0 21992.0 652.0 116.0 WOMEN'S
2896.0 22024.0 136.0 80.0 or
3132.0 21968.0 408.0 124.0 MEN'S
3636.0 21960.0 732.0 128.0 UMBRELLA

1388.0 22160.0 252.0 136.0 plus
1716.0 22152.0 568.0 112.0 hundreds
2360.0 22144.0 132.0 112.0 of
2572.0 22140.0 312.0 108.0 wash
2960.0 22136.0 384.0 108.0 cloths
3416.0 22124.0 228.0 116.0 and
3720.0 22116.0 480.0 116.0 towels.

1044.0 22392.0 540.0 196.0 Major
1692.0 22380.0 660.0 156.0 Award:

1396.0 22612.0 676.0 112.0 Automatic
2160.0 22604.0 488.0 108.0 Washer
2736.0 22628.0 132.0 80.0 or
2964.0 22592.0 372.0 140.0 Dryer
3488.0 22584.0 296.0 108.0 Your
3884.0 22568.0 492.0 120.0 Choice!

1412.0 22768.0 400.0 92.0 Coupom
1876.0 22792.0 196.0 68.0 may
2140.0 22752.0 100.0 92.0 be
2300.0 22748.0 360.0 92.0 entered
2728.0 22756.0 360.0 88.0 anytime
3156.0 22744.0 132.0 80.0 tor
3352.0 22740.0 256.0 92.0 maief
1472.0 22732.0 2516.0 288.0 e-erd-Audience

1964.0 22920.0 316.0 92.0 ewerdi
2328.0 22920.0 200.0 96.0 enty
2580.0 22916.0 288.0 92.0 durine.
2928.0 22912.0 44.0 32.0 "
2984.0 22912.0 260.0 92.0 Dryer
3296.0 22904.0 268.0 96.0 Deyt"
3624.0 22904.0 284.0 84.0 Heme

1508.0 23048.0 364.0 100.0 Laundry
1932.0 23044.0 728.0 92.0 Jemenrtrerioev
2728.0 23036.0 232.0 84.0 11:30
3020.0 23060.0 196.0 56.0 a.m.
3268.0 23040.0 96.0 72.0 te
3424.0 23028.0 44.0 84.0 I
3520.0 23024.0 96.0 84.0 30
3676.0 23048.0 200.0 76.0 p.m.

968.0 23232.0 1152.0 224.0 "Th"c"GYY"
3228.0 23308.0 136.0 116.0 C.
3440.0 23308.0 140.0 112.0 G.
3644.0 23308.0 84.0 108.0 I
3808.0 23304.0 108.0 112.0 E.
3984.0 23300.0 392.0 144.0 Lobby

1052.0 23508.0 444.0 116.0 DRYER
1572.0 23500.0 348.0 112.0 DAYS
3228.0 23476.0 332.0 120.0 OCT.
3628.0 23472.0 544.0 120.0 30-NOV.
4244.0 23456.0 136.0 128.0 1?

1036.0 23672.0 652.0 124.0 CONTEST
2616.0 23660.0 332.0 112.0 AM-5
3048.0 23656.0 196.0 112.0 PM
3412.0 23652.0 300.0 112.0 Moa.
3808.0 23648.0 264.0 104.0 thru
4176.0 23640.0 204.0 112.0 Frl

1472.0 23852.0 208.0 92.0 Tale
1728.0 23848.0 156.0 92.0 ttiil
1944.0 23876.0 328.0 72.0 coupon
2324.0 23852.0 100.0 76.0 te
2516.0 23872.0 108.0 56.0 rie
2676.0 23836.0 476.0 92.0 Cincinnati
3208.0 23832.0 188.0 88.0 Sat
3448.0 23840.0 56.0 76.0 I
3564.0 23824.0 352.0 96.0 Electric

1760.0 23988.0 456.0 108.0 Company
2268.0 23984.0 320.0 104.0 lobby,
2644.0 23980.0 140.0 88.0 4k
2844.0 23980.0 60.0 92.0 t
2964.0 23980.0 236.0 84.0 Meia
3260.0 23972.0 348.0 92.0 StreeH.

1032.0 24228.0 348.0 116.0 Namo
1436.0 24316.0 12.0 20.0 .

9936.0 1052.0 52.0 52.0 e

6528.0 1232.0 1360.0 400.0 Britain
8056.0 1208.0 904.0 400.0 Acts
9144.0 1184.0 584.0 408.0 To
9904.0 1160.0 1904.0 424.0 Reinforce
11992.0 1152.0 1216.0 488.0 Army
13384.0 1144.0 1760.0 400.0 Reserves

1028.0 24476.0 248.0 124.0 Add
1368.0 24500.0 132.0 96.0 hi

1032.0 24744.0 236.0 136.0 Cih

2384.0 24724.0 348.0 120.0 -State

3296.0 24824.0 44.0 12.0 .
3356.0 24720.0 320.0 124.0 Phone

5812.0 1728.0 272.0 84.0 v.-,;
6140.0 1736.0 12.0 72.0 :
6304.0 1732.0 36.0 80.0 ?

4732.0 2092.0 36.0 40.0 .
4820.0 2040.0 192.0 100.0 V""
6184.0 2056.0 20.0 48.0 :
6220.0 2024.0 20.0 28.0 '
6288.0 1900.0 56.0 240.0 I

4608.0 3656.0 448.0 584.0 IT
5224.0 3800.0 168.0 192.0 vV
5504.0 3752.0 552.0 464.0 -ft
6288.0 3776.0 64.0 48.0 '

4684.0 4416.0 384.0 100.0 rmnai't
5168.0 4416.0 224.0 100.0 ilfceft
5440.0 4440.0 168.0 64.0 fflei.
5916.0 4476.0 8.0 12.0 -

5744.0 4720.0 64.0 72.0 A
5904.0 4712.0 396.0 84.0 Wirephofe

4892.0 4884.0 584.0 108.0 Ekaterina
5548.0 4876.0 516.0 100.0 Furtseva

4768.0 5120.0 24.0 32.0 .
4844.0 5120.0 20.0 24.0 .
4920.0 5120.0 20.0 28.0 .
4996.0 5040.0 608.0 100.0 Presidium
5656.0 5032.0 308.0 96.0 ousts
6012.0 5020.0 208.0 96.0 her

4660.0 5300.0 184.0 92.0 the
4936.0 5296.0 356.0 112.0 party,
5372.0 5284.0 180.0 96.0 the
5648.0 5272.0 360.0 112.0 ruling
6096.0 5268.0 204.0 92.0 Pre-

4668.0 5424.0 396.0 100.0 sidium
5124.0 5420.0 116.0 96.0 of
5296.0 5416.0 180.0 92.0 the
5528.0 5400.0 444.0 104.0 Central
6024.0 5400.0 276.0 92.0 Com-

4672.0 5564.0 368.0 92.0 mittee
5136.0 5564.0 216.0 72.0 was
5432.0 5532.0 340.0 120.0 pared
5860.0 5532.0 272.0 96.0 from
6232.0 5524.0 108.0 92.0 14

4672.0 5692.0 108.0 88.0 to
4828.0 5684.0 92.0 96.0 11
4976.0 5672.0 576.0 100.0 members.
5596.0 5664.0 236.0 96.0 The
5876.0 5652.0 472.0 104.0 number

4656.0 5816.0 116.0 96.0 of
4856.0 5808.0 544.0 100.0 alternate
5480.0 5792.0 544.0 100.0 members
6104.0 5784.0 244.0 96.0 also

4676.0 5964.0 204.0 76.0 was
4932.0 5940.0 228.0 92.0 cut.
5216.0 5932.0 272.0 96.0 from
5544.0 5940.0 332.0 80.0 seven
5932.0 5920.0 104.0 92.0 to
6092.0 5916.0 248.0 92.0 five.

4664.0 6076.0 216.0 96.0 The
4984.0 6068.0 320.0 116.0 party
5396.0 6048.0 628.0 108.0 secretariat
6116.0 6060.0 232.0 76.0 was

4664.0 6196.0 524.0 116.0 enlarged
5264.0 6192.0 272.0 96.0 from
5612.0 6184.0 220.0 96.0 five
5900.0 6184.0 104.0 92.0 to
6072.0 6176.0 200.0 96.0 nin

4672.0 6328.0 580.0 104.0 members.

4784.0 6508.0 284.0 100.0 Most
5152.0 6496.0 508.0 116.0 startling
5752.0 6492.0 592.0 96.0 disclosure

4664.0 6648.0 116.0 96.0 of
4900.0 6644.0 200.0 96.0 the
5236.0 6628.0 608.0 104.0 Presidium
5968.0 6616.0 380.0 108.0 voting

4672.0 6800.0 208.0 72.0 was
4940.0 6776.0 200.0 88.0 the
5208.0 6760.0 436.0 112.0 ousting
5712.0 6756.0 120.0 92.0 of
5888.0 6752.0 132.0 96.0 its
6080.0 6748.0 264.0 108.0 only

4664.0 6920.0 432.0 84.0 woman
5168.0 6892.0 524.0 104.0 member,
5764.0 6876.0 580.0 104.0 Ekaterina

4664.0 7036.0 560.0 100.0 Furtseva.
5312.0 7024.0 416.0 108.0 Always
5816.0 7004.0 532.0 120.0 regarded

4668.0 7192.0 120.0 72.0 as
4872.0 7156.0 600.0 112.0 extremely
5560.0 7148.0 300.0 96.0 close
5940.0 7144.0 112.0 92.0 to
6144.0 7140.0 200.0 92.0 Mr.

4672.0 7292.0 756.0 100.0 Khrushchev,
5536.0 7280.0 208.0 92.0 she
5856.0 7288.0 440.0 104.0 presum-

4668.0 7428.0 240.0 112.0 ably
5000.0 7420.0 224.0 92.0 will
5324.0 7408.0 524.0 100.0 continue
5932.0 7400.0 112.0 96.0 In
6140.0 7400.0 208.0 96.0 her

4672.0 7548.0 716.0 124.0 government
5464.0 7528.0 680.0 128.0 position
6228.0 7524.0 116.0 96.0 of

4672.0 7696.0 508.0 88.0 minister
5224.0 7696.0 116.0 72.0 or
5384.0 7696.0 464.0 68.0 euuurc

6612.0 1832.0 580.0 108.0 LONDON,
7304.0 1824.0 232.0 104.0 Oct
7656.0 1816.0 112.0 104.0 II
7884.0 1828.0 60.0 84.0 C

6484.0 1992.0 432.0 104.0 Britain
6976.0 1988.0 336.0 116.0 today
7364.0 1976.0 408.0 116.0 sought
7824.0 1988.0 312.0 84.0 emer-

6492.0 2168.0 348.0 104.0 gency
6908.0 2160.0 416.0 108.0 powers
7396.0 2140.0 112.0 96.0 to
7576.0 2132.0 276.0 116.0 keep
7920.0 2124.0 212.0 104.0 230,-

6492.0 2312.0 180.0 96.0 000
6712.0 2304.0 312.0 100.0 extra
7068.0 2304.0 376.0 108.0 troops
7484.0 2288.0 348.0 108.0 under
7872.0 2296.0 244.0 84.0 arm

6492.0 2468.0 300.0 96.0 after
6920.0 2460.0 188.0 100.0 the
7244.0 2444.0 496.0 108.0 national
7784.0 2460.0 28.0 20.0 '
7868.0 2432.0 308.0 104.0 draft

6492.0 2624.0 280.0 100.0 ends
6832.0 2616.0 228.0 100.0 this
7116.0 2628.0 268.0 104.0 year

6616.0 2780.0 232.0 100.0 The
6956.0 2760.0 804.0 128.0 government's
7852.0 2764.0 328.0 84.0 move

6492.0 2956.0 232.0 80.0 was
6768.0 2920.0 824.0 112.0 foreshadowed
7636.0 2916.0 112.0 100.0 In
7792.0 2912.0 384.0 108.0 Queen

6492.0 3060.0 656.0 104.0 Elizabeth's
7224.0 3048.0 400.0 116.0 speech
7700.0 3040.0 484.0 112.0 opening

6492.0 3216.0 72.0 80.0 a
6660.0 3212.0 248.0 84.0 new
7004.0 3180.0 864.0 128.0 parliamentary
7960.0 3184.0 180.0 84.0 ses-

6496.0 3328.0 276.0 100.0 sion.
6884.0 3320.0 100.0 100.0 It
7088.0 3316.0 284.0 96.0 alms
7484.0 3312.0 112.0 92.0 at
7696.0 3296.0 488.0 112.0 allaying

6496.0 3452.0 356.0 100.0 Allied
6944.0 3444.0 540.0 100.0 anxieties
7568.0 3448.0 260.0 80.0 over
7912.0 3424.0 244.0 96.0 Brit-

6512.0 3584.0 284.0 96.0 ain's
6968.0 3572.0 560.0 108.0 declining
7700.0 3556.0 488.0 112.0 military

6500.0 3728.0 420.0 100.0 powers
6984.0 3704.0 220.0 100.0 and
7268.0 3708.0 120.0 92.0 at
7448.0 3688.0 392.0 116.0 swiftly
7904.0 3692.0 236.0 92.0 rein-

6500.0 3840.0 432.0 112.0 forcing
7036.0 3836.0 192.0 96.0 the
7340.0 3812.0 848.0 116.0 undermanned

6496.0 3972.0 364.0 96.0 Rhine
6916.0 3968.0 364.0 104.0 Army.

6624.0 4100.0 244.0 112.0 "My
6992.0 4088.0 384.0 104.0 armed
7500.0 4084.0 352.0 100.0 forces
7976.0 4072.0 212.0 104.0 will

6492.0 4232.0 536.0 96.0 continue
7120.0 4224.0 112.0 96.0 to
7320.0 4216.0 624.0 100.0 contribute
8036.0 4204.0 152.0 100.0 (In

6496.0 4352.0 716.0 124.0 cooperation
7268.0 4348.0 260.0 96.0 with
7584.0 4360.0 184.0 96.0 my
7816.0 4340.0 376.0 100.0 Allies)

6492.0 4496.0 124.0 92.0 to
6692.0 4492.0 192.0 92.0 the
6968.0 4476.0 644.0 124.0 prevention
7688.0 4472.0 112.0 100.0 of
7876.0 4460.0 316.0 116.0 war,"

6492.0 4624.0 200.0 96.0 the
6772.0 4612.0 540.0 100.0 monarch
7396.0 4604.0 264.0 108.0 said,
7736.0 4596.0 460.0 112.0 reading

6504.0 4752.0 292.0 92.0 from
6856.0 4764.0 148.0 80.0 an
7060.0 4740.0 452.0 104.0 address
7568.0 4732.0 428.0 96.0 written
8056.0 4724.0 136.0 108.0 by

6504.0 4884.0 204.0 92.0 her
6780.0 4872.0 588.0 100.0 ministers.

6632.0 5008.0 228.0 100.0 The
6928.0 5004.0 320.0 116.0 plans
7312.0 4996.0 120.0 100.0 of
7496.0 4996.0 184.0 96.0 the
7748.0 5000.0 396.0 104.0 govern-

6508.0 5140.0 316.0 92.0 ment
6884.0 5124.0 748.0 112.0 immediately
7692.0 5136.0 200.0 80.0 ran
7956.0 5116.0 236.0 96.0 Into

8336.0 1800.0 640.0 124.0 opposition
9028.0 1796.0 360.0 100.0 Labor
9428.0 1788.0 328.0 116.0 Party
9800.0 1784.0 212.0 104.0 crit-

8340.0 1940.0 324.0 92.0 icism
8768.0 1932.0 368.0 100.0 when,
9232.0 1944.0 76.0 80.0 a
9400.0 1920.0 216.0 100.0 few
9708.0 1920.0 348.0 96.0 hours

8340.0 2068.0 324.0 100.0 later,
8712.0 2060.0 192.0 100.0 the
8956.0 2048.0 656.0 108.0 traditional
9652.0 2048.0 404.0 96.0 debate

8336.0 2216.0 160.0 76.0 on
8548.0 2192.0 196.0 96.0 the
8804.0 2184.0 312.0 116.0 royal
9184.0 2180.0 456.0 100.0 address
9692.0 2176.0 364.0 112.0 began

8340.0 2324.0 128.0 92.0 in
8532.0 2328.0 196.0 88.0 the
8796.0 2316.0 380.0 96.0 House
9240.0 2308.0 120.0 100.0 of
9424.0 2312.0 632.0 96.0 Commons.

8340.0 2452.0 448.0 112.0 Deputy
8992.0 2444.0 152.0 96.0 La
9184.0 2440.0 72.0 96.0 b
9288.0 2456.0 64.0 80.0 o
9388.0 2452.0 60.0 84.0 r
9644.0 2432.0 420.0 96.0 Leader

8344.0 2584.0 432.0 104.0 George
8924.0 2576.0 408.0 92.0 Brown
9472.0 2560.0 244.0 108.0 said
9860.0 2564.0 200.0 92.0 the

8344.0 2724.0 580.0 80.0 measures
9016.0 2712.0 292.0 84.0 were
9384.0 2696.0 264.0 96.0 "not
9728.0 2688.0 336.0 120.0 parti-

8348.0 3040.0 316.0 168.0 UN
8724.0 3032.0 444.0 168.0 Vote
9316.0 3024.0 460.0 172.0 Fund

8488.0 3288.0 504.0 104.0 UNITED
9056.0 3280.0 624.0 104.0 NATIONS,
9732.0 3276.0 112.0 96.0 N.
9904.0 3272.0 164.0 108.0 Y-.

8344.0 3452.0 248.0 100.0 Oct.
8668.0 3448.0 108.0 100.0 JI
9284.0 3440.0 232.0 100.0 The
9588.0 3428.0 480.0 104.0 General

8356.0 3604.0 584.0 116.0 Assembly
9060.0 3600.0 340.0 112.0 today
9512.0 3584.0 552.0 124.0 approved

8364.0 3788.0 156.0 80.0 an
8576.0 3780.0 672.0 96.0 emergency
9300.0 3752.0 268.0 124.0 plan
9624.0 3752.0 404.0 96.0 author-

8356.0 3924.0 300.0 112.0 izing
8804.0 3920.0 196.0 100.0 the
9160.0 3908.0 640.0 104.0 secretariat
9944.0 3904.0 128.0 92.0 to

8360.0 4052.0 360.0 120.0 spend
8792.0 4068.0 152.0 96.0 up
9012.0 4052.0 124.0 92.0 to
9208.0 4048.0 180.0 108.0 $20
9456.0 4036.0 416.0 104.0 million
9944.0 4040.0 128.0 88.0 to

8360.0 4184.0 560.0 104.0 maintain
8992.0 4180.0 196.0 96.0 UN
9260.0 4180.0 360.0 92.0 forces
9684.0 4168.0 112.0 96.0 In
9868.0 4164.0 200.0 96.0 the

8360.0 4324.0 384.0 104.0 Congo
8852.0 4312.0 180.0 100.0 for
9136.0 4308.0 200.0 100.0 the
9440.0 4292.0 632.0 112.0 remainder

8364.0 4452.0 124.0 96.0 of
8592.0 4444.0 260.0 100.0 1361.
8952.0 4440.0 244.0 100.0 The
9296.0 4432.0 432.0 116.0 regular
9820.0 4424.0 252.0 112.0 $100

8364.0 4576.0 432.0 104.0 million
8932.0 4560.0 816.0 108.0 authorization
9880.0 4572.0 148.0 92.0 ap-

8368.0 4708.0 408.0 120.0 proved
8920.0 4704.0 176.0 96.0 for
9240.0 4696.0 188.0 96.0 the
9572.0 4688.0 236.0 96.0 first
9956.0 4680.0 116.0 96.0 10

8368.0 4840.0 460.0 100.0 months
8892.0 4832.0 120.0 96.0 of
9084.0 4828.0 232.0 96.0 1961
9388.0 4840.0 224.0 76.0 was
9672.0 4816.0 212.0 96.0 due
9948.0 4812.0 128.0 92.0 to

8364.0 4972.0 380.0 112.0 expire
8860.0 4964.0 600.0 92.0 tomorrow
9576.0 4948.0 112.0 96.0 at
8364.0 4936.0 1660.0 276.0 midnight.

10224.0 1784.0 416.0 108.0 cularly
10708.0 1776.0 268.0 100.0 fair"
11048.0 1776.0 112.0 92.0 to
11228.0 1772.0 316.0 92.0 those
11612.0 1780.0 240.0 84.0 serv-

10224.0 1916.0 424.0 100.0 icemen
10716.0 1904.0 412.0 120.0 caught
11188.0 1900.0 112.0 104.0 In
11364.0 1904.0 192.0 96.0 the
11620.0 1888.0 228.0 108.0 mili-

10228.0 2048.0 232.0 112.0 tary
10532.0 2040.0 224.0 100.0 net

10348.0 2200.0 284.0 96.0 Four
10680.0 2192.0 300.0 96.0 main
11032.0 2192.0 300.0 112.0 steps
11380.0 2196.0 272.0 80.0 were
11704.0 2196.0 144.0 76.0 an-

10224.0 2324.0 508.0 104.0 nounced
10932.0 2324.0 116.0 92.0 to
11244.0 2316.0 644.0 108.0 strengthen

10228.0 2456.0 512.0 100.0 Britain's
10820.0 2464.0 348.0 96.0 army:

10232.0 2616.0 56.0 92.0 fc
10348.0 2612.0 248.0 96.0 Men
10652.0 2596.0 676.0 132.0 performing
11380.0 2592.0 284.0 100.0 their
11708.0 2604.0 144.0 84.0 na-

10228.0 2740.0 340.0 104.0 tional
10704.0 2736.0 404.0 100.0 service
11236.0 2728.0 352.0 96.0 under
11708.0 2720.0 188.0 100.0 the

10228.0 2872.0 500.0 116.0 expiring
10832.0 2856.0 736.0 112.0 conscription
11680.0 2868.0 180.0 92.0 sys-

10232.0 3012.0 220.0 92.0 tem
10544.0 2996.0 320.0 100.0 could
10952.0 2996.0 136.0 92.0 be
11172.0 2988.0 260.0 112.0 kept
11516.0 2984.0 116.0 92.0 at
11712.0 2980.0 184.0 92.0 the

10236.0 3136.0 348.0 96.0 colors
10644.0 3144.0 140.0 80.0 an
10844.0 3124.0 308.0 96.0 extra
11208.0 3116.0 164.0 100.0 six
11424.0 3108.0 472.0 100.0 months,

10236.0 3272.0 56.0 104.0 t
10356.0 3264.0 440.0 96.0 Former
10844.0 3248.0 604.0 108.0 conscripts
11496.0 3240.0 112.0 96.0 of
11656.0 3236.0 244.0 116.0 part

10240.0 3396.0 260.0 96.0 time
10596.0 3380.0 408.0 100.0 service
11096.0 3372.0 320.0 100.0 could
11520.0 3372.0 128.0 92.0 be
11748.0 3384.0 112.0 76.0 re-

10236.0 3516.0 348.0 100.0 called
10656.0 3512.0 168.0 96.0 for
10880.0 3500.0 600.0 108.0 six-month
11548.0 3492.0 348.0 100.0 stints.

10240.0 3652.0 220.0 96.0 The
10560.0 3648.0 264.0 112.0 War,
10900.0 3636.0 356.0 96.0 Office
11352.0 3624.0 232.0 100.0 said
11684.0 3620.0 216.0 100.0 this

10244.0 3772.0 348.0 104.0 would
10688.0 3768.0 320.0 96.0 make
11100.0 3756.0 328.0 104.0 about
11524.0 3748.0 380.0 104.0 180.000

10240.0 3900.0 432.0 104.0 trained
10724.0 3916.0 256.0 80.0 men
11040.0 3884.0 528.0 104.0 available
11624.0 3876.0 276.0 104.0 until

10256.0 4036.0 244.0 100.0 1966.

10240.0 4172.0 56.0 108.0 t
10356.0 4168.0 224.0 96.0 The
10692.0 4152.0 344.0 100.0 whole
11136.0 4144.0 548.0 100.0 structure
11792.0 4132.0 112.0 100.0 of

10240.0 4300.0 184.0 92.0 the
10504.0 4284.0 416.0 116.0 Army's
11000.0 4288.0 424.0 88.0 reserve
11492.0 4268.0 412.0 112.0 system

10248.0 4420.0 204.0 100.0 will
10504.0 4420.0 136.0 92.0 be
10692.0 4408.0 360.0 104.0 re;ast
11100.0 4408.0 108.0 96.0 in
11268.0 4416.0 60.0 84.0 a
11380.0 4412.0 232.0 96.0 way
11664.0 4392.0 244.0 96.0 that

10248.0 4548.0 200.0 100.0 will
10508.0 4540.0 388.0 104.0 enable
10944.0 4540.0 196.0 96.0 the
11196.0 4520.0 712.0 124.0 government

10240.0 4680.0 116.0 96.0 to
10412.0 4676.0 212.0 100.0 call
10684.0 4688.0 144.0 80.0 on
10884.0 4684.0 68.0 80.0 a
11012.0 4664.0 328.0 96.0 wider
11400.0 4672.0 328.0 96.0 range
11792.0 4648.0 112.0 96.0 of

10248.0 4800.0 600.0 124.0 specialist
11016.0 4792.0 120.0 100.0 In
11300.0 4784.0 324.0 104.0 times
11788.0 4776.0 120.0 100.0 of

10240.0 4932.0 456.0 104.0 trouble.

10232.0 5072.0 60.0 108.0 t
10352.0 5060.0 260.0 104.0 This
10720.0 5044.0 860.0 124.0 reorganization
11692.0 5032.0 212.0 104.0 will

12068.0 1760.0 140.0 100.0 be
12292.0 1756.0 508.0 100.0 featured
12884.0 1752.0 136.0 116.0 by
13096.0 1752.0 192.0 100.0 the
13364.0 1748.0 360.0 100.0 forma-

12064.0 1892.0 252.0 92.0 tion
12392.0 1892.0 120.0 96.0 of
12592.0 1904.0 64.0 80.0 a
12732.0 1884.0 412.0 116.0 special
13224.0 1896.0 344.0 100.0 group
13648.0 1884.0 120.0 88.0 to

12068.0 2020.0 140.0 92.0 be
12328.0 2012.0 404.0 100.0 known
12856.0 2032.0 124.0 76.0 as
13088.0 2012.0 192.0 92.0 the
13396.0 2012.0 332.0 92.0 "Ever-

12072.0 2144.0 568.0 96.0 Readies."
12748.0 2144.0 304.0 112.0 They
13156.0 2136.0 212.0 96.0 will
13468.0 2152.0 256.0 80.0 com

13932.0 1744.0 288.0 120.0 prise
14272.0 1740.0 748.0 116.0 exconscripts
15072.0 1732.0 540.0 124.0 prepared

13928.0 1876.0 116.0 96.0 to
14148.0 1876.0 568.0 96.0 volunteer
14824.0 1872.0 172.0 96.0 for
15096.0 1884.0 524.0 100.0 one-year

13928.0 2008.0 348.0 92.0 terms
14376.0 2016.0 216.0 100.0 any
14692.0 2000.0 272.0 96.0 time
15068.0 1996.0 228.0 96.0 and
15396.0 2012.0 224.0 100.0 any

13932.0 2136.0 340.0 108.0 place.

12008.0 2512.0 148.0 328.0 4.
12276.0 2612.0 2160.0 232.0 Cantilever-Ground
14528.0 2600.0 904.0 244.0 Gripper

12016.0 2916.0 132.0 100.0 f.
13284.0 2924.0 160.0 92.0 tti
13952.0 2920.0 44.0 96.0 l
15520.0 2904.0 124.0 112.0 u

6880.0 5652.0 972.0 156.0 MONTHLY

6824.0 5940.0 1092.0 156.0 REDUCTION

6804.0 6224.0 1128.0 160.0 MORTGAGE

7032.0 6504.0 624.0 144.0 LOANS

6652.0 6960.0 1380.0 156.0 CONSTRUCTION

7040.0 7236.0 656.0 152.0 LOANS

9264.0 5432.0 468.0 196.0 "Our
9840.0 5412.0 388.0 208.0 79th
10356.0 5396.0 548.0 216.0 Year"

8528.0 5736.0 1088.0 432.0 NORTH
9792.0 5696.0 1808.0 440.0 ClfJCIfJNATI

8780.0 6268.0 520.0 208.0 LOAN
9460.0 6256.0 392.0 204.0 AND
10028.0 6236.0 896.0 212.0 BUILDING
11084.0 6228.0 296.0 204.0 GO.

8596.0 6560.0 376.0 160.0 2616
9056.0 6552.0 384.0 168.0 VINE
9516.0 6540.0 600.0 176.0 STREET
10768.0 6520.0 200.0 164.0 AV
11056.0 6504.0 496.0 172.0 1-3519
11632.0 6524.0 24.0 80.0 '

8436.0 6820.0 336.0 148.0 Opta
8864.0 6812.0 344.0 148.0 Dally
9292.0 6808.0 68.0 120.0 9
9444.0 6812.0 136.0 108.0 te
9664.0 6804.0 60.0 116.0 3
9884.0 6792.0 512.0 156.0 Monday
10472.0 6784.0 176.0 116.0 'til
10952.0 6776.0 352.0 116.0 Close
11472.0 6768.0 248.0 116.0 Sat.

9392.0 7132.0 108.0 200.0 $
9564.0 7120.0 772.0 204.0 imm
10404.0 7120.0 268.0 180.0 'uj
10744.0 7120.0 692.0 180.0 mm)

12016.0 3016.0 132.0 184.0 y
12492.0 3068.0 168.0 120.0 S
13288.0 3016.0 444.0 108.0 rine
13820.0 3016.0 644.0 100.0 angw
15520.0 3016.0 128.0 140.0 f.

12032.0 3276.0 124.0 136.0 j
12588.0 3300.0 176.0 112.0 afe
13068.0 3248.0 476.0 112.0 Moutiful
13612.0 3244.0 300.0 132.0 theyi
13968.0 3244.0 216.0 100.0 that
14244.0 3236.0 380.0 120.0 artfully
14684.0 3228.0 472.0 104.0 combine
15520.0 3200.0 136.0 128.0 O

11984.0 3380.0 172.0 176.0 jTf
12560.0 3416.0 344.0 164.0 yJF
13260.0 3404.0 400.0 108.0 fashion
13716.0 3404.0 216.0 96.0 with
13992.0 3404.0 112.0 100.0 fit
14328.0 3412.0 104.0 84.0 to
14488.0 3396.0 228.0 124.0 give
14772.0 3420.0 204.0 92.0 you
15524.0 3396.0 128.0 96.0 U

11984.0 3548.0 172.0 124.0 iO
12444.0 3524.0 448.0 204.0 J.sJr
13292.0 3572.0 168.0 100.0 the
13492.0 3560.0 688.0 120.0 tomfortbujy
14212.0 3556.0 212.0 104.0 feet
14456.0 3548.0 484.0 108.0 demand.
15524.0 3512.0 124.0 132.0 G

11984.0 3672.0 172.0 208.0 '0
13336.0 3780.0 24.0 12.0 -
13440.0 3724.0 212.0 108.0 Our
13700.0 3716.0 708.0 136.0 penonoized
14452.0 3712.0 320.0 124.0 fitting
15516.0 3704.0 128.0 176.0 'J

11984.0 3904.0 12.0 180.0 i
12028.0 4012.0 96.0 76.0 r
12256.0 3940.0 88.0 148.0 t
13472.0 3888.0 376.0 100.0 service
13892.0 3884.0 172.0 96.0 will
14120.0 3880.0 352.0 124.0 please
14520.0 3900.0 196.0 100.0 you
15524.0 3832.0 76.0 64.0 '

12028.0 3984.0 1364.0 328.0 ftnjKSfSi
13644.0 4108.0 524.0 120.0 copley
14608.0 4040.0 1036.0 272.0 yA'n

12048.0 4412.0 128.0 228.0 y
12240.0 4204.0 1316.0 436.0 WwTzk
13704.0 4288.0 396.0 348.0 !1!5
15004.0 4268.0 76.0 372.0 )
15120.0 4292.0 60.0 72.0 "
15452.0 4520.0 16.0 52.0 .
15516.0 4400.0 132.0 216.0 v

12032.0 5804.0 136.0 224.0 (j
13144.0 5936.0 344.0 108.0 eataloc
13548.0 5936.0 88.0 92.0 el

12112.0 6016.0 728.0 148.0 ill
13168.0 6056.0 116.0 92.0 ill
13348.0 6056.0 216.0 104.0 iyli
14544.0 6016.0 120.0 72.0 v
14944.0 6092.0 212.0 100.0 si
15372.0 6048.0 52.0 144.0 I
15532.0 6020.0 128.0 172.0 A

12044.0 6160.0 116.0 312.0 P
12480.0 6160.0 40.0 48.0 '
13084.0 6192.0 220.0 84.0 ipti
13368.0 6168.0 328.0 108.0 rHMSt
14208.0 6176.0 68.0 76.0 I
14828.0 6160.0 508.0 264.0 JCS
15532.0 6320.0 52.0 88.0 I

12112.0 6396.0 72.0 312.0 5
12480.0 6536.0 1068.0 168.0 HOLZMAN'S
14548.0 6316.0 1116.0 516.0 Jutti

12040.0 6772.0 148.0 168.0 y
12692.0 6796.0 676.0 104.0 (loiwiuimi
13860.0 6764.0 108.0 128.0 f
14504.0 6804.0 160.0 104.0 s
14992.0 6764.0 32.0 100.0 i
15208.0 6764.0 176.0 100.0 3d
15536.0 6764.0 132.0 120.0 A

12088.0 7068.0 92.0 116.0 J
12536.0 7096.0 92.0 92.0 is
12684.0 7092.0 188.0 96.0 cast
12920.0 7088.0 284.0 96.0 mm
13256.0 7084.0 276.0 100.0 STMff
14076.0 7048.0 216.0 180.0 Zk

12040.0 7216.0 112.0 136.0 (a
12420.0 7252.0 232.0 76.0 "Ntt
12696.0 7260.0 80.0 64.0 ta
12832.0 7244.0 196.0 80.0 Halal
13080.0 7248.0 240.0 80.0 Stolaa
13372.0 7236.0 268.0 80.0 WaV
14120.0 7260.0 132.0 48.0 we
15532.0 7188.0 132.0 168.0 (J

12116.0 7308.0 108.0 100.0 l.
13984.0 7312.0 60.0 68.0 O
14104.0 7316.0 228.0 76.0 bUck.
14380.0 7312.0 176.0 84.0 blue.
14652.0 7340.0 212.0 60.0 rown,
14912.0 7320.0 204.0 76.0 whitt
15160.0 7320.0 124.0 76.0 kl4
15548.0 7336.0 116.0 80.0 fx

7344.0 8912.0 832.0 488.0 An
8528.0 8872.0 1680.0 496.0 OPEN
10472.0 8832.0 2416.0 504.0 LETTER

5960.0 9784.0 504.0 416.0 to
6672.0 9656.0 3888.0 528.0 "Newcomers"
10664.0 9696.0 496.0 424.0 to
11360.0 9592.0 2952.0 520.0 Cincinnati

5932.0 11092.0 104.0 148.0 If
6092.0 11152.0 228.0 108.0 you
6396.0 11148.0 184.0 80.0 are
6648.0 11148.0 64.0 80.0 a
6772.0 11136.0 624.0 88.0 newcomer
7452.0 11112.0 112.0 104.0 to
7616.0 11068.0 664.0 148.0 Cincinnati,
8340.0 11116.0 228.0 108.0 you
8624.0 11108.0 260.0 108.0 may
8940.0 11048.0 300.0 140.0 have
9296.0 11032.0 604.0 144.0 wondered

5928.0 11280.0 256.0 160.0 why
6240.0 11276.0 300.0 132.0 there
6604.0 11324.0 188.0 84.0 are
6848.0 11264.0 464.0 140.0 "three"
7368.0 11260.0 480.0 152.0 political
7904.0 11256.0 400.0 164.0 parties
8356.0 11252.0 112.0 128.0 in
8520.0 11244.0 264.0 160.0 City
8836.0 11232.0 492.0 136.0 Council
9380.0 11224.0 516.0 132.0 elections

5928.0 11568.0 28.0 32.0 .
6016.0 11564.0 28.0 28.0 .
6108.0 11564.0 32.0 32.0 .
6208.0 11452.0 812.0 160.0 Republicans,
7084.0 11452.0 664.0 128.0 Democrats
7808.0 11436.0 224.0 136.0 and
8088.0 11432.0 180.0 132.0 the
8320.0 11424.0 272.0 160.0 City
8652.0 11420.0 484.0 136.0 Charter
9196.0 11408.0 696.0 132.0 Committee.

5928.0 11636.0 260.0 136.0 The
6252.0 11624.0 844.0 144.0 "Charterites"
7160.0 11680.0 184.0 76.0 are
7404.0 11676.0 68.0 80.0 a
7524.0 11616.0 412.0 160.0 widely
7996.0 11608.0 572.0 160.0 respected
8628.0 11648.0 352.0 112.0 group
9048.0 11648.0 152.0 76.0 on
9260.0 11588.0 184.0 132.0 the
9496.0 11584.0 356.0 136.0 Amer-

5932.0 11820.0 240.0 132.0 ican
6248.0 11808.0 500.0 164.0 political
6828.0 11856.0 356.0 100.0 scene,
7260.0 11804.0 268.0 132.0 with
7604.0 11828.0 288.0 104.0 roots
7964.0 11788.0 468.0 164.0 deepen
8512.0 11776.0 644.0 136.0 Cincinnati
9232.0 11764.0 452.0 152.0 history.

5936.0 12048.0 332.0 136.0 From
6352.0 12044.0 180.0 132.0 the
6616.0 12076.0 256.0 100.0 turn
6956.0 12036.0 128.0 136.0 of
7164.0 12036.0 180.0 132.0 the
7432.0 12064.0 444.0 120.0 century
7960.0 12024.0 164.0 136.0 till
8228.0 12016.0 352.0 148.0 1925.
8664.0 12004.0 652.0 136.0 Cincinnati
9392.0 12048.0 244.0 80.0 was
9716.0 12040.0 132.0 80.0 ac-

5928.0 12220.0 752.0 160.0 knowledged
6752.0 12256.0 116.0 96.0 to
6932.0 12216.0 140.0 132.0 be
7136.0 12220.0 180.0 128.0 the
7404.0 12200.0 632.0 144.0 WORST
8104.0 12192.0 564.0 168.0 governed
8732.0 12192.0 224.0 156.0 city
9028.0 12192.0 104.0 132.0 in
9204.0 12180.0 188.0 132.0 the
9452.0 12200.0 444.0 128.0 county.

5928.0 12404.0 384.0 144.0 Graft,
6372.0 12400.0 672.0 156.0 corruption,
7100.0 12396.0 236.0 132.0 vice
7388.0 12440.0 292.0 84.0 were
7728.0 12376.0 744.0 164.0 everywhere,
8528.0 12360.0 636.0 140.0 controlled
9220.0 12356.0 148.0 164.0 by
9424.0 12412.0 68.0 80.0 a
9540.0 12384.0 312.0 124.0 tyran-

5928.0 12580.0 280.0 140.0 nical
6272.0 12576.0 720.0 164.0 Republican
7048.0 12568.0 508.0 140.0 machine
7608.0 12576.0 100.0 124.0 in
7760.0 12564.0 184.0 132.0 the
7996.0 12592.0 236.0 100.0 true
8284.0 12548.0 420.0 132.0 "boss"
8760.0 12536.0 572.0 144.0 tradition.
9396.0 12532.0 124.0 136.0 In
9612.0 12524.0 292.0 132.0 1924

5924.0 12816.0 56.0 76.0 a
6044.0 12808.0 360.0 112.0 group
6456.0 12752.0 132.0 136.0 of
6644.0 12800.0 688.0 108.0 courageous
7392.0 12744.0 476.0 148.0 citizens,
7936.0 12728.0 568.0 160.0 including
8572.0 12716.0 500.0 148.0 BOTH
9140.0 12700.0 764.0 168.0 Republicans

5928.0 12940.0 216.0 136.0 and
6216.0 12940.0 712.0 140.0 Democrats,
7000.0 12984.0 232.0 80.0 rose
7296.0 12984.0 160.0 104.0 up
7516.0 12924.0 420.0 152.0 against
8012.0 12912.0 208.0 136.0 this
8280.0 12944.0 448.0 120.0 corrupt
8792.0 12892.0 508.0 172.0 political
9364.0 12876.0 536.0 148.0 machine.

5932.0 13116.0 340.0 160.0 They
6360.0 13108.0 372.0 140.0 called
6824.0 13108.0 656.0 132.0 themselves
7564.0 13100.0 176.0 132.0 the
7828.0 13096.0 272.0 160.0 City
8188.0 13084.0 480.0 136.0 Charter
8756.0 13072.0 716.0 136.0 Committee.
9568.0 13060.0 336.0 156.0 They

5932.0 13328.0 340.0 100.0 wrote
6336.0 13344.0 64.0 80.0 a
6464.0 13340.0 252.0 84.0 new
6776.0 13288.0 224.0 160.0 city
7064.0 13284.0 468.0 140.0 charter,
7604.0 13272.0 388.0 156.0 fought
8064.0 13268.0 168.0 136.0 for
8292.0 13268.0 128.0 128.0 its
8488.0 13256.0 580.0 160.0 adoption,
9136.0 13240.0 520.0 140.0 installed
9728.0 13236.0 176.0 132.0 the

5928.0 13472.0 216.0 160.0 city
6232.0 13516.0 532.0 108.0 manager
6844.0 13492.0 440.0 132.0 system,
7376.0 13452.0 632.0 136.0 eliminated
8092.0 13440.0 432.0 168.0 politics
8608.0 13436.0 224.0 132.0 and
8924.0 13424.0 612.0 136.0 favoritism
9628.0 13412.0 272.0 136.0 from

5924.0 13640.0 216.0 164.0 city
6244.0 13640.0 756.0 168.0 employment
7100.0 13636.0 224.0 136.0 and
7424.0 13636.0 216.0 156.0 city
7736.0 13652.0 580.0 116.0 contracts,
8424.0 13616.0 228.0 132.0 and
8752.0 13600.0 572.0 140.0 balanced
9416.0 13600.0 188.0 132.0 the
9692.0 13596.0 216.0 152.0 city

5928.0 13824.0 452.0 156.0 budget-

6128.0 14128.0 716.0 164.0 Fortune
6944.0 14116.0 828.0 164.0 Acclaims
7876.0 14108.0 704.0 160.0 Charter
8680.0 14080.0 1008.0 188.0 Leadership

5928.0 14400.0 172.0 156.0 By
6192.0 14392.0 312.0 140.0 1957
6572.0 14396.0 296.0 136.0 after
6936.0 14388.0 152.0 136.0 33
7160.0 14440.0 328.0 112.0 years
7544.0 14388.0 128.0 136.0 of
7736.0 14376.0 476.0 136.0 Charter
8276.0 14368.0 568.0 140.0 influence
8916.0 14360.0 496.0 136.0 Fortune
9488.0 14344.0 368.0 152.0 Maga-

5924.0 14580.0 240.0 136.0 zine
6240.0 14628.0 240.0 76.0 was
6552.0 14572.0 636.0 156.0 describing
7256.0 14560.0 632.0 136.0 Cincinnati
7988.0 14608.0 120.0 80.0 as
8184.0 14552.0 268.0 132.0 "the
8532.0 14544.0 236.0 132.0 best
8848.0 14528.0 572.0 164.0 governed
9496.0 14552.0 224.0 132.0 city
9796.0 14524.0 100.0 128.0 in

5924.0 14756.0 176.0 132.0 the
6184.0 14748.0 384.0 140.0 U.S."
6680.0 14740.0 476.0 140.0 Charles
7240.0 14740.0 148.0 136.0 P.
7476.0 14736.0 324.0 148.0 Taft,
7884.0 14720.0 380.0 148.0 leader
8336.0 14728.0 136.0 136.0 of
8552.0 14724.0 184.0 132.0 the
8816.0 14716.0 492.0 132.0 Charter
9384.0 14704.0 516.0 156.0 majority

5916.0 14932.0 220.0 136.0 and
6208.0 14924.0 740.0 140.0 Cincinnati's
7024.0 14920.0 260.0 136.0 fifth
7360.0 14916.0 472.0 136.0 Charter
7904.0 14912.0 468.0 152.0 Mayor,
8448.0 14956.0 240.0 76.0 was
8756.0 14888.0 596.0 140.0 described
9424.0 14940.0 120.0 80.0 as
9616.0 14880.0 284.0 128.0 "one

5924.0 15108.0 116.0 136.0 of
6120.0 15112.0 192.0 132.0 the
6372.0 15108.0 236.0 132.0 best
6672.0 15152.0 444.0 112.0 mayors
7180.0 15104.0 104.0 128.0 in
7352.0 15092.0 292.0 136.0 U.S.
7708.0 15084.0 536.0 160.0 history."

6464.0 15412.0 428.0 164.0 How
7016.0 15392.0 1336.0 200.0 "Independent"
8480.0 15384.0 344.0 160.0 Are
8952.0 15364.0 480.0 168.0 You?

5936.0 15680.0 100.0 140.0 If
6088.0 15740.0 232.0 108.0 you
6380.0 15736.0 188.0 80.0 are
6632.0 15740.0 64.0 72.0 a
6756.0 15672.0 460.0 164.0 straight
7276.0 15708.0 320.0 132.0 party
7656.0 15704.0 340.0 112.0 voter,
8060.0 15664.0 268.0 136.0 read
8388.0 15712.0 152.0 84.0 no
8600.0 15652.0 424.0 140.0 further
9084.0 15756.0 36.0 32.0 .
9284.0 15748.0 32.0 32.0 .
9372.0 15636.0 212.0 136.0 this
9636.0 15680.0 220.0 84.0 mes-

5928.0 15920.0 260.0 104.0 sage
6264.0 15864.0 88.0 128.0 is
6420.0 15860.0 356.0 164.0 really
6852.0 15884.0 192.0 108.0 not
7124.0 15856.0 172.0 132.0 for
7372.0 15904.0 256.0 112.0 you.
7752.0 15848.0 216.0 132.0 But
8064.0 15840.0 88.0 136.0 if
8224.0 15892.0 224.0 112.0 you
8528.0 15884.0 184.0 80.0 are
8788.0 15812.0 820.0 172.0 open-minded
9684.0 15808.0 220.0 132.0 and

5924.0 16036.0 500.0 136.0 consider
6480.0 16032.0 508.0 164.0 yourself
7048.0 16092.0 68.0 76.0 a
7172.0 16032.0 492.0 164.0 political
7724.0 16012.0 920.0 164.0 "independent"
8704.0 16012.0 264.0 128.0 who
9020.0 16028.0 320.0 108.0 votes
9400.0 15988.0 176.0 144.0 for
9632.0 15992.0 228.0 156.0 prin-

5924.0 16220.0 336.0 156.0 ciples
6316.0 16316.0 200.0 36.0 ...
6576.0 16244.0 188.0 100.0 not
6816.0 16244.0 324.0 132.0 party
7196.0 16208.0 352.0 136.0 labels
7608.0 16256.0 420.0 96.0 .,.we
8080.0 16196.0 188.0 136.0 ask
8316.0 16244.0 236.0 116.0 you
8600.0 16220.0 116.0 104.0 to
8764.0 16184.0 232.0 164.0 join
9048.0 16176.0 196.0 136.0 the
9296.0 16224.0 300.0 80.0 more
9644.0 16160.0 260.0 136.0 than

5944.0 16396.0 432.0 148.0 10,000
6452.0 16380.0 1264.0 168.0 independent-minded
7796.0 16376.0 628.0 136.0 Cincinnati
8504.0 16364.0 452.0 132.0 citizens
9028.0 16352.0 272.0 136.0 who
9372.0 16344.0 324.0 136.0 make
9764.0 16388.0 148.0 108.0 up

5932.0 16576.0 176.0 132.0 the
6176.0 16572.0 268.0 160.0 City
6512.0 16572.0 488.0 132.0 Charter
7060.0 16564.0 704.0 136.0 Committee.

5936.0 16808.0 504.0 136.0 Because
6520.0 16804.0 488.0 136.0 Charter
7092.0 16804.0 84.0 132.0 is
7260.0 16852.0 72.0 76.0 a
7412.0 16792.0 388.0 164.0 purely
7880.0 16780.0 588.0 140.0 LOCAL
8556.0 16768.0 500.0 168.0 political
9144.0 16752.0 764.0 168.0 organization

5928.0 17092.0 28.0 28.0 .
6020.0 17088.0 24.0 32.0 .
6108.0 17088.0 32.0 32.0 .
6204.0 16980.0 632.0 140.0 concerned
6892.0 16976.0 272.0 160.0 only
7220.0 16976.0 276.0 136.0 with
7560.0 16972.0 184.0 132.0 the
7796.0 16960.0 476.0 140.0 Council
8328.0 16964.0 136.0 132.0 of
8520.0 16960.0 184.0 132.0 the
8760.0 16952.0 272.0 160.0 City
9092.0 16940.0 140.0 136.0 of
9288.0 16936.0 624.0 140.0 Cincinnati

5924.0 17264.0 208.0 44.0 ...
6200.0 17168.0 136.0 132.0 its
6388.0 17156.0 668.0 140.0 candidates
7108.0 17204.0 216.0 80.0 can
7380.0 17148.0 324.0 136.0 make
7760.0 17144.0 540.0 132.0 decisions
8348.0 17140.0 280.0 132.0 with
8684.0 17124.0 568.0 160.0 complete
9308.0 17104.0 556.0 164.0 independ-

5924.0 17392.0 300.0 80.0 ence.
6292.0 17332.0 348.0 164.0 They
6700.0 17328.0 456.0 140.0 needn't
7220.0 17328.0 248.0 132.0 fear
7524.0 17328.0 236.0 132.0 that
7820.0 17372.0 64.0 80.0 a
7944.0 17320.0 324.0 132.0 stand
8324.0 17372.0 148.0 80.0 on
8556.0 17368.0 64.0 80.0 a
8672.0 17316.0 228.0 152.0 city
8960.0 17304.0 292.0 132.0 issue
9308.0 17296.0 228.0 140.0 will
9596.0 17340.0 320.0 84.0 cause

5928.0 17544.0 176.0 132.0 the
6168.0 17540.0 504.0 168.0 political
6732.0 17572.0 332.0 128.0 party
7128.0 17532.0 912.0 136.0 embarrassment
8108.0 17528.0 100.0 132.0 in
8272.0 17520.0 188.0 132.0 the
8520.0 17544.0 460.0 128.0 county,
9044.0 17564.0 132.0 80.0 or
9240.0 17528.0 312.0 108.0 state.
9616.0 17492.0 176.0 132.0 As
9856.0 17544.0 60.0 76.0 a

5928.0 17748.0 324.0 136.0 result
6348.0 17748.0 184.0 132.0 the
6620.0 17744.0 484.0 136.0 Charter
7212.0 17728.0 732.0 144.0 Councilmen
8032.0 17728.0 284.0 132.0 have
8404.0 17720.0 336.0 132.0 taken
8828.0 17748.0 388.0 120.0 strong
9304.0 17708.0 224.0 136.0 and
9612.0 17748.0 260.0 80.0 cour-

5932.0 17980.0 412.0 108.0 ageous
6420.0 17928.0 532.0 160.0 positions
7028.0 17972.0 144.0 76.0 on
7256.0 17920.0 336.0 128.0 issues
7668.0 17912.0 212.0 136.0 like
7960.0 17904.0 676.0 132.0 annexation
8712.0 17900.0 128.0 132.0 of
8916.0 17924.0 428.0 128.0 county
9420.0 17908.0 496.0 120.0 territory

5928.0 18144.0 104.0 96.0 to
6100.0 18112.0 188.0 128.0 the
6356.0 18108.0 228.0 156.0 city
6648.0 18100.0 340.0 136.0 while
7052.0 18096.0 184.0 136.0 the
7300.0 18096.0 664.0 168.0 opposition,
8032.0 18084.0 256.0 132.0 who
8348.0 18108.0 292.0 104.0 must
8708.0 18076.0 384.0 156.0 please
9160.0 18068.0 272.0 128.0 both
9512.0 18088.0 408.0 124.0 county

5928.0 18316.0 220.0 136.0 and
6224.0 18316.0 224.0 156.0 city
6520.0 18308.0 664.0 148.0 politicians,
7260.0 18300.0 352.0 132.0 evade
7684.0 18296.0 184.0 132.0 the
7940.0 18296.0 276.0 128.0 issue
8288.0 18280.0 660.0 160.0 altogether,
9020.0 18332.0 132.0 80.0 or
9224.0 18272.0 260.0 136.0 take
9560.0 18256.0 360.0 140.0 feeble

5928.0 18488.0 380.0 136.0 stands
6376.0 18524.0 116.0 96.0 to
6560.0 18488.0 336.0 132.0 avoid
6972.0 18480.0 352.0 160.0 losing
7388.0 18508.0 308.0 100.0 votes
7764.0 18472.0 176.0 132.0 for
8020.0 18472.0 184.0 128.0 the
8272.0 18496.0 372.0 132.0 party.

6136.0 18796.0 356.0 164.0 The
6604.0 18792.0 440.0 160.0 Issue
7148.0 18788.0 184.0 160.0 In
7432.0 18780.0 420.0 164.0 Next
7948.0 18764.0 912.0 192.0 Tuesday's
8964.0 18748.0 748.0 172.0 Election

5932.0 19060.0 120.0 140.0 In
6140.0 19064.0 196.0 132.0 the
6420.0 19064.0 448.0 152.0 coming
6948.0 19060.0 476.0 132.0 election
7512.0 19104.0 144.0 76.0 on
7740.0 19080.0 260.0 100.0 next
8084.0 19036.0 604.0 160.0 Tuesday,
8772.0 19036.0 188.0 132.0 the
9052.0 19028.0 292.0 132.0 issue
9424.0 19024.0 88.0 128.0 is
9592.0 19012.0 332.0 136.0 clear.

5928.0 19240.0 288.0 140.0 Will
6324.0 19240.0 636.0 132.0 Cincinnati
7064.0 19268.0 180.0 124.0 get
7348.0 19236.0 360.0 128.0 action
7804.0 19276.0 144.0 80.0 on
8052.0 19212.0 184.0 140.0 the
8320.0 19220.0 280.0 132.0 vital
8696.0 19208.0 572.0 168.0 problems
9364.0 19200.0 128.0 132.0 of
9608.0 19196.0 272.0 132.0 hous-

5932.0 19424.0 212.0 148.0 ing,
6216.0 19416.0 432.0 148.0 traffic,
6720.0 19468.0 292.0 80.0 mass
7080.0 19408.0 892.0 144.0 transportation,
8040.0 19396.0 652.0 132.0 downtown
8760.0 19380.0 420.0 164.0 decay,
9252.0 19384.0 672.0 144.0 inter-group

5928.0 19596.0 516.0 132.0 relations
6516.0 19596.0 228.0 132.0 and
6812.0 19592.0 780.0 152.0 metropolitan
7668.0 19580.0 788.0 164.0 government?
8556.0 19564.0 220.0 152.0 Or,
8840.0 19564.0 236.0 136.0 will
9152.0 19556.0 312.0 132.0 there
9512.0 19556.0 160.0 132.0 fee
9736.0 19552.0 180.0 128.0 the

5928.0 19776.0 316.0 136.0 usual
6300.0 19768.0 496.0 164.0 political
6852.0 19768.0 528.0 160.0 promises
7440.0 19756.0 576.0 140.0 measured
8068.0 19784.0 188.0 100.0 out
8308.0 19780.0 108.0 104.0 at
8472.0 19736.0 444.0 164.0 regular
8968.0 19728.0 528.0 144.0 intervals
9540.0 19732.0 152.0 156.0 by
9740.0 19720.0 180.0 136.0 the

5932.0 19984.0 436.0 128.0 present
6448.0 19944.0 716.0 164.0 Republican
7244.0 19944.0 556.0 152.0 majority.
7876.0 19932.0 324.0 136.0 Look
8280.0 19960.0 112.0 96.0 at
8476.0 19924.0 188.0 132.0 the
8744.0 19916.0 396.0 136.0 record
9220.0 19916.0 132.0 132.0 of
9420.0 19908.0 188.0 132.0 the
9684.0 19932.0 236.0 132.0 past

5936.0 20128.0 248.0 136.0 four
6272.0 20176.0 324.0 108.0 years
6776.0 20112.0 720.0 168.0 Republican
7576.0 20112.0 516.0 144.0 inaction,
8180.0 20100.0 508.0 156.0 inability
8772.0 20128.0 116.0 100.0 to
8976.0 20088.0 268.0 136.0 face
9328.0 20084.0 184.0 136.0 the
9596.0 20084.0 328.0 132.0 issues

5932.0 20304.0 232.0 132.0 that
6236.0 20304.0 264.0 132.0 take
6572.0 20352.0 488.0 104.0 courage
7136.0 20296.0 228.0 132.0 and
7440.0 20288.0 704.0 156.0 imagination
8232.0 20312.0 112.0 108.0 to
8416.0 20272.0 376.0 140.0 tackle
8864.0 20272.0 232.0 132.0 and
9172.0 20264.0 304.0 132.0 solve
9652.0 20252.0 228.0 132.0 relo-

5932.0 20488.0 360.0 128.0 cation
6368.0 20484.0 512.0 148.0 housing,
6960.0 20520.0 280.0 88.0 zone
7308.0 20468.0 288.0 136.0 code
7660.0 20464.0 556.0 140.0 revisions,
8284.0 20508.0 300.0 80.0 mass
8644.0 20456.0 428.0 140.0 transit,
9144.0 20440.0 428.0 132.0 central
9640.0 20428.0 232.0 136.0 busi-

5932.0 20712.0 236.0 84.0 ness
6232.0 20656.0 228.0 136.0 and
6528.0 20652.0 588.0 136.0 riverfront
7180.0 20640.0 936.0 156.0 redevelopment.
8204.0 20624.0 696.0 140.0 ACTION
8960.0 20680.0 132.0 80.0 or
9144.0 20620.0 232.0 156.0 just
9432.0 20604.0 488.0 172.0 political

5936.0 20836.0 524.0 160.0 promises
6632.0 20828.0 348.0 132.0 that's
7056.0 20824.0 184.0 132.0 the
7344.0 20828.0 276.0 128.0 issue
7788.0 20812.0 336.0 132.0 that's
8204.0 20808.0 184.0 132.0 the
8472.0 20804.0 388.0 136.0 choice
8944.0 20844.0 232.0 116.0 you
9272.0 20848.0 120.0 80.0 as
9472.0 20852.0 68.0 80.0 a
9620.0 20824.0 300.0 96.0 voter

5932.0 21048.0 272.0 100.0 must
6272.0 21004.0 372.0 136.0 make.

6208.0 21312.0 352.0 164.0 The
6688.0 21304.0 496.0 168.0 Local
7312.0 21292.0 752.0 220.0 political
8184.0 21288.0 596.0 164.0 "Facts
8904.0 21272.0 244.0 164.0 Of
9252.0 21272.0 464.0 164.0 Life"

5928.0 21580.0 352.0 140.0 Local
6400.0 21580.0 500.0 164.0 political
7024.0 21628.0 412.0 108.0 groups
7544.0 21564.0 412.0 160.0 calling
8072.0 21556.0 656.0 136.0 themselves
8844.0 21536.0 852.0 144.0 "Democrats"
9800.0 21580.0 120.0 88.0 or

5936.0 21756.0 944.0 164.0 "Republicans"
6964.0 21752.0 432.0 156.0 always
7472.0 21780.0 168.0 128.0 try
7716.0 21776.0 116.0 100.0 to
7912.0 21740.0 316.0 132.0 "ride
8304.0 21736.0 192.0 132.0 the
8568.0 21720.0 628.0 140.0 coattails"
9268.0 21724.0 132.0 132.0 of
9472.0 21716.0 188.0 140.0 the
9732.0 21764.0 140.0 80.0 na-

5936.0 21936.0 336.0 140.0 tional
6332.0 21940.0 412.0 156.0 parties
6800.0 21932.0 180.0 136.0 for
7032.0 21932.0 476.0 156.0 prestige
7560.0 21924.0 224.0 132.0 and
7836.0 21912.0 868.0 160.0 respectability.
8780.0 21912.0 136.0 132.0 A
8968.0 21932.0 320.0 108.0 voter
9336.0 21928.0 288.0 100.0 must
9672.0 21888.0 252.0 136.0 look

5932.0 22116.0 420.0 132.0 behind
6448.0 22112.0 188.0 136.0 the
6732.0 22108.0 496.0 136.0 national
7332.0 22136.0 328.0 128.0 party
7776.0 22096.0 340.0 144.0 label,
8212.0 22092.0 560.0 144.0 however,
8876.0 22084.0 232.0 136.0 and
9208.0 22072.0 352.0 160.0 judge
9656.0 22064.0 268.0 132.0 each

5940.0 22288.0 588.0 144.0 LOCAL
6616.0 22344.0 360.0 104.0 group
7068.0 22280.0 176.0 136.0 for
7324.0 22280.0 308.0 128.0 what
7724.0 22272.0 176.0 140.0 IT
7988.0 22264.0 724.0 140.0 REALLY
8824.0 22264.0 148.0 136.0 IS
9060.0 22292.0 124.0 100.0 to
9272.0 22284.0 180.0 132.0 get
9540.0 22304.0 72.0 80.0 a
9696.0 22276.0 236.0 100.0 true

5932.0 22464.0 876.0 156.0 understanding
6888.0 22464.0 132.0 132.0 of
7096.0 22452.0 308.0 136.0 what
7492.0 22448.0 228.0 140.0 he's
7796.0 22452.0 380.0 156.0 voting
8260.0 22448.0 216.0 132.0 for.

10940.0 11004.0 488.0 168.0 What
11544.0 10996.0 548.0 164.0 About
12216.0 10984.0 352.0 168.0 The
12688.0 10960.0 1188.0 208.0 Republicans?

10404.0 11316.0 236.0 132.0 We
10708.0 11312.0 296.0 148.0 point
11072.0 11340.0 192.0 100.0 out
11324.0 11304.0 268.0 136.0 with
11656.0 11332.0 352.0 124.0 regret
12072.0 11292.0 252.0 136.0 that
12384.0 11284.0 192.0 140.0 the
12640.0 11284.0 296.0 148.0 local
13004.0 11264.0 704.0 172.0 Republican
13772.0 11256.0 520.0 164.0 organiza-

10408.0 11532.0 220.0 128.0 tion
10680.0 11520.0 364.0 136.0 which
11104.0 11568.0 244.0 84.0 runs
11396.0 11504.0 652.0 144.0 candidates
12104.0 11508.0 180.0 132.0 for
12336.0 11496.0 636.0 136.0 Cincinnati
13032.0 11488.0 260.0 156.0 City
13344.0 11476.0 476.0 140.0 Council
13872.0 11476.0 76.0 128.0 is
13996.0 11456.0 348.0 168.0 really

10404.0 11732.0 180.0 136.0 the
10656.0 11724.0 584.0 140.0 Hamilton
11300.0 11720.0 452.0 156.0 County
11812.0 11708.0 812.0 160.0 organization.
12724.0 11696.0 152.0 136.0 Its
12944.0 11700.0 476.0 128.0 interests
13480.0 11736.0 180.0 84.0 are
13720.0 11680.0 300.0 132.0 often
14080.0 11720.0 212.0 80.0 con-

10412.0 11924.0 1092.0 168.0 flictingbetween
11580.0 11928.0 220.0 156.0 city
11876.0 11912.0 228.0 136.0 and
12180.0 11940.0 456.0 128.0 county.
12760.0 11900.0 196.0 136.0 It's
13028.0 11956.0 64.0 80.0 a
13168.0 11888.0 268.0 152.0 fact,
13512.0 11936.0 328.0 80.0 never
13908.0 11868.0 436.0 148.0 denied,

10408.0 12144.0 232.0 132.0 that
10700.0 12132.0 704.0 164.0 Republican
11456.0 12160.0 404.0 128.0 county
11908.0 12116.0 688.0 164.0 employees,
12648.0 12112.0 104.0 132.0 in
12804.0 12160.0 212.0 80.0 one
13060.0 12160.0 252.0 104.0 way
13360.0 12152.0 120.0 80.0 or
13532.0 12092.0 484.0 144.0 another,
14064.0 12112.0 284.0 104.0 must

10404.0 12344.0 348.0 140.0 ."kick
10820.0 12340.0 368.0 136.0 back"
11264.0 12372.0 108.0 100.0 at
11448.0 12336.0 264.0 132.0 least
11784.0 12328.0 236.0 164.0 2Vz
12276.0 12320.0 128.0 136.0 of
12476.0 12316.0 276.0 136.0 their
12824.0 12312.0 276.0 136.0 total
13172.0 12300.0 440.0 136.0 salaries
13680.0 12328.0 120.0 104.0 to
13868.0 12288.0 168.0 136.0 the
14116.0 12284.0 188.0 132.0 Re-

10408.0 12548.0 516.0 164.0 publican
11016.0 12540.0 752.0 164.0 organization
11856.0 12564.0 540.0 124.0 treasury.
12524.0 12516.0 504.0 148.0 Further,
13112.0 12540.0 404.0 132.0 county
13600.0 12488.0 760.0 164.0 Republicans

10332.0 12872.0 20.0 64.0 ,
10412.0 12760.0 284.0 136.0 have
10752.0 12784.0 184.0 100.0 not
11000.0 12748.0 268.0 140.0 held
11320.0 12804.0 68.0 80.0 a
11440.0 12740.0 696.0 164.0 competitive
12188.0 12728.0 752.0 140.0 examination
13000.0 12716.0 168.0 136.0 for
13216.0 12744.0 404.0 128.0 county
13672.0 12704.0 196.0 160.0 job
13916.0 12688.0 440.0 148.0 holders

10412.0 13016.0 124.0 76.0 or
10608.0 12956.0 612.0 164.0 applicants
11292.0 12952.0 104.0 132.0 in
11464.0 12996.0 316.0 116.0 years
11848.0 13040.0 236.0 40.0 ...
12164.0 12944.0 104.0 132.0 in
12348.0 12932.0 488.0 160.0 flagrant
12904.0 12916.0 520.0 140.0 violation
13492.0 12916.0 128.0 136.0 of
13688.0 12908.0 304.0 132.0 State
14060.0 12892.0 292.0 144.0 Civil

10412.0 13168.0 448.0 132.0 Service
10924.0 13156.0 808.0 164.0 requirements.
11828.0 13148.0 468.0 156.0 County
12360.0 13136.0 484.0 132.0 workers
12916.0 13180.0 180.0 80.0 are
13160.0 13124.0 108.0 136.0 in
13332.0 13116.0 416.0 164.0 danger
13828.0 13104.0 120.0 136.0 of
14012.0 13104.0 344.0 156.0 losing

10320.0 13472.0 20.0 68.0 ,
10416.0 13372.0 276.0 132.0 their
10748.0 13368.0 244.0 156.0 jobs
11056.0 13364.0 88.0 136.0 if
11200.0 13364.0 256.0 156.0 they
11516.0 13360.0 152.0 132.0 do
11728.0 13392.0 184.0 100.0 not
11968.0 13352.0 308.0 160.0 obey
12336.0 13344.0 272.0 136.0 their
12664.0 13336.0 488.0 168.0 political
13212.0 13324.0 400.0 136.0 bosses.
13704.0 13312.0 280.0 140.0 This
14040.0 13316.0 80.0 132.0 is
14176.0 13308.0 184.0 136.0 the

10416.0 13572.0 716.0 160.0 Republican
11204.0 13560.0 756.0 160.0 organization
12064.0 13548.0 244.0 136.0 that
12392.0 13540.0 524.0 140.0 endorses
12996.0 13536.0 220.0 132.0 and
13300.0 13556.0 500.0 128.0 supports
13876.0 13516.0 172.0 140.0 the
14128.0 13508.0 188.0 136.0 Re-

10412.0 13772.0 524.0 164.0 publican
10996.0 13768.0 332.0 136.0 ticket
11396.0 13776.0 100.0 128.0 in
11560.0 13760.0 676.0 136.0 Cincinnati.

11012.0 14136.0 488.0 164.0 What
11616.0 14124.0 556.0 168.0 About
12296.0 14116.0 348.0 164.0 The
12768.0 14092.0 1064.0 180.0 Democrats?

10420.0 14440.0 224.0 144.0 For
10696.0 14492.0 320.0 108.0 years
11076.0 14544.0 28.0 32.0 .
11168.0 14540.0 28.0 32.0 .
11256.0 14544.0 32.0 28.0 .
11340.0 14428.0 276.0 140.0 until
11696.0 14424.0 304.0 140.0 1957
12060.0 14524.0 32.0 32.0 .
12160.0 14524.0 32.0 32.0 .
12260.0 14520.0 28.0 32.0 .
12352.0 14416.0 304.0 136.0 there
12712.0 14464.0 296.0 80.0 were
13064.0 14404.0 268.0 160.0 only
13388.0 14396.0 424.0 136.0 TWO
13880.0 14384.0 480.0 164.0 political

10412.0 14652.0 404.0 160.0 parties
10872.0 14640.0 448.0 136.0 entered
11380.0 14644.0 108.0 128.0 in
11544.0 14636.0 184.0 136.0 the
11784.0 14624.0 492.0 140.0 Council
12340.0 14680.0 252.0 80.0 race
12664.0 14720.0 220.0 36.0 ...
12944.0 14612.0 184.0 136.0 the
13180.0 14604.0 676.0 140.0 Charterites
13912.0 14596.0 216.0 136.0 and
14184.0 14584.0 184.0 144.0 the

10388.0 14852.0 536.0 136.0 machine
11012.0 14840.0 800.0 168.0 Republicans.
11948.0 14832.0 632.0 144.0 However,
12672.0 14824.0 108.0 132.0 in
12892.0 14812.0 340.0 148.0 1959.
13324.0 14872.0 60.0 76.0 a
13480.0 14808.0 412.0 128.0 faction
13976.0 14796.0 120.0 132.0 of
14184.0 14796.0 184.0 132.0 the

10420.0 15064.0 672.0 132.0 Democrats
11184.0 15052.0 184.0 136.0 led
11460.0 15052.0 152.0 156.0 by
11704.0 15032.0 800.0 168.0 disappointed
12592.0 15024.0 204.0 168.0 job
12892.0 15024.0 220.0 136.0 and
13208.0 15048.0 608.0 128.0 patronage
13908.0 15000.0 460.0 140.0 seekers,

10412.0 15264.0 480.0 136.0 decided
10956.0 15260.0 264.0 160.0 they
11292.0 15312.0 144.0 80.0 no
11508.0 15252.0 376.0 160.0 longer
11948.0 15244.0 468.0 132.0 wanted
12488.0 15268.0 116.0 104.0 to
12664.0 15256.0 600.0 132.0 cooperate
13328.0 15224.0 268.0 132.0 with
13660.0 15216.0 184.0 132.0 the
13908.0 15204.0 464.0 136.0 Charter

10416.0 15472.0 664.0 132.0 Committee
11152.0 15460.0 172.0 136.0 for
11384.0 15456.0 764.0 160.0 non-partisan
12224.0 15444.0 304.0 160.0 good
12596.0 15464.0 712.0 136.0 government
13384.0 15428.0 224.0 132.0 and
13668.0 15412.0 480.0 148.0 wanted,
14220.0 15408.0 108.0 132.0 in-

10416.0 15672.0 356.0 148.0 stead,
10856.0 15708.0 116.0 100.0 to
11056.0 15664.0 312.0 136.0 build
11456.0 15724.0 68.0 76.0 a
11604.0 15660.0 288.0 136.0 local
11976.0 15688.0 340.0 128.0 party
12404.0 15640.0 508.0 140.0 machine
13004.0 15632.0 212.0 144.0 like
13300.0 15632.0 180.0 132.0 the
13568.0 15616.0 796.0 164.0 Republicans.

10420.0 15884.0 196.0 144.0 So.
10700.0 15932.0 252.0 80.0 now
11032.0 15872.0 304.0 136.0 there
11412.0 15920.0 188.0 84.0 are
11672.0 15860.0 636.0 140.0 THREE
12380.0 15848.0 496.0 168.0 political
12976.0 15840.0 400.0 160.0 parties
13452.0 15944.0 28.0 32.0 .
13564.0 15932.0 28.0 32.0 .
13672.0 15932.0 32.0 32.0 .
13784.0 15824.0 436.0 160.0 making
14300.0 15824.0 72.0 128.0 it

10416.0 16076.0 668.0 164.0 thoroughly
11136.0 16072.0 588.0 160.0 confusing
11772.0 16068.0 172.0 136.0 for
11992.0 16068.0 192.0 132.0 the
12240.0 16108.0 476.0 108.0 average
12764.0 16084.0 308.0 104.0 voter
13116.0 16080.0 116.0 100.0 to
13276.0 16048.0 328.0 128.0 know
13648.0 16036.0 304.0 132.0 what
13996.0 16024.0 380.0 136.0 choice

10420.0 16328.0 112.0 96.0 to
10600.0 16292.0 360.0 132.0 make.
11036.0 16284.0 260.0 140.0 The
11372.0 16276.0 664.0 136.0 Democrats
12104.0 16272.0 296.0 132.0 have
12468.0 16236.0 188.0 160.0 riot
12720.0 16252.0 276.0 168.0 only
13076.0 16252.0 416.0 164.0 proved
13564.0 16244.0 236.0 136.0 that
13868.0 16236.0 252.0 164.0 they
14192.0 16284.0 188.0 80.0 are

10420.0 16496.0 356.0 160.0 badly
10848.0 16496.0 252.0 160.0 split
11176.0 16600.0 28.0 28.0 .
11280.0 16596.0 28.0 28.0 .
11392.0 16596.0 28.0 32.0 .
11492.0 16484.0 240.0 136.0 that
11800.0 16512.0 224.0 104.0 two
12100.0 16476.0 140.0 136.0 of
12312.0 16476.0 276.0 132.0 their
12660.0 16460.0 660.0 144.0 candidates
13396.0 16508.0 184.0 84.0 are
13656.0 16456.0 108.0 128.0 in
13832.0 16436.0 540.0 164.0 complete

10424.0 16704.0 624.0 164.0 opposition
11144.0 16728.0 112.0 104.0 to
11332.0 16692.0 184.0 136.0 the
11588.0 16724.0 320.0 128.0 party
11984.0 16680.0 600.0 140.0 chieftains
12664.0 16776.0 260.0 36.0 ...
13000.0 16664.0 192.0 140.0 but
13272.0 16656.0 232.0 144.0 also
13576.0 16660.0 288.0 136.0 have
13932.0 16648.0 400.0 136.0 demon-

10420.0 16908.0 412.0 136.0 strated
10892.0 16904.0 280.0 140.0 their
11228.0 16900.0 668.0 156.0 willingness
11956.0 16928.0 120.0 100.0 to
12136.0 16884.0 460.0 164.0 employ
12656.0 16872.0 476.0 168.0 trickery
13196.0 16872.0 224.0 136.0 and
13480.0 16864.0 360.0 136.0 deceit
13900.0 16860.0 100.0 132.0 in
14064.0 16852.0 264.0 164.0 gath-

10420.0 17092.0 304.0 156.0 ering
10812.0 17088.0 600.0 156.0 signatures
11496.0 17108.0 116.0 100.0 to
11692.0 17124.0 476.0 108.0 propose
12264.0 17124.0 140.0 76.0 an
12496.0 17064.0 276.0 128.0 issue
12860.0 17112.0 140.0 76.0 on
13084.0 17048.0 184.0 136.0 the
13372.0 17044.0 348.0 136.0 ballot
13804.0 17040.0 224.0 136.0 that
14112.0 17032.0 268.0 160.0 they

10424.0 17268.0 644.0 136.0 themselves
11160.0 17308.0 288.0 84.0 were
11536.0 17240.0 848.0 148.0 AGAINST.
12480.0 17232.0 260.0 136.0 The
12848.0 17228.0 544.0 160.0 Enquirer
13484.0 17220.0 220.0 136.0 and
13804.0 17216.0 260.0 132.0 Post
14156.0 17208.0 228.0 136.0 and

10420.0 17440.0 700.0 140.0 Times-Star
11188.0 17428.0 528.0 152.0 exposed,
11792.0 17428.0 224.0 132.0 and
12088.0 17424.0 196.0 132.0 the
12356.0 17444.0 364.0 108.0 courts
12792.0 17404.0 548.0 148.0 nullified,
13416.0 17396.0 208.0 140.0 this
13708.0 17420.0 676.0 128.0 transparent

10424.0 17652.0 464.0 128.0 attempt
10948.0 17648.0 120.0 104.0 to
11132.0 17612.0 268.0 164.0 play
11464.0 17608.0 484.0 152.0 political
12028.0 17596.0 492.0 140.0 football
12584.0 17592.0 272.0 136.0 with
12924.0 17636.0 208.0 76.0 one
13192.0 17584.0 132.0 128.0 of
13388.0 17580.0 180.0 132.0 the
13632.0 17612.0 280.0 100.0 most
13972.0 17568.0 364.0 156.0 signifi-

10424.0 17836.0 260.0 100.0 cant
10776.0 17792.0 552.0 168.0 problems
11424.0 17792.0 372.0 156.0 facing
11884.0 17784.0 184.0 132.0 the
12180.0 17780.0 232.0 156.0 city
12500.0 17768.0 408.0 164.0 today:
13004.0 17760.0 308.0 136.0 what
13400.0 17792.0 112.0 100.0 to
13596.0 17760.0 156.0 128.0 do
13836.0 17756.0 256.0 132.0 with
14180.0 17796.0 204.0 84.0 our

10424.0 17980.0 552.0 148.0 decaying
11060.0 17968.0 412.0 132.0 "core"
11556.0 18020.0 292.0 76.0 area.
11928.0 17956.0 272.0 140.0 The
12284.0 17956.0 712.0 136.0 Democrats,
13076.0 17948.0 100.0 128.0 in
13256.0 17940.0 312.0 156.0 using
13644.0 17936.0 264.0 132.0 such
13980.0 17988.0 64.0 76.0 a
14112.0 17924.0 268.0 136.0 vital

10432.0 18160.0 284.0 132.0 issue
10824.0 18152.0 168.0 136.0 for
11096.0 18180.0 320.0 132.0 party
11516.0 18144.0 464.0 164.0 politics.
12088.0 18128.0 756.0 144.0 ALMOST
12948.0 18120.0 448.0 136.0 COST
13492.0 18112.0 380.0 140.0 THE
13964.0 18096.0 420.0 144.0 CITY

10424.0 18336.0 252.0 148.0 $69
10784.0 18324.0 744.0 144.0 MILLION
11612.0 18324.0 104.0 132.0 in
11804.0 18324.0 428.0 156.0 private
12320.0 18304.0 412.0 164.0 capital
12820.0 18300.0 452.0 132.0 offered
13352.0 18328.0 116.0 100.0 to
13544.0 18348.0 128.0 76.0 us
13756.0 18324.0 116.0 100.0 to
13952.0 18280.0 428.0 140.0 rebuild

10428.0 18512.0 176.0 136.0 the
10680.0 18512.0 640.0 136.0 downtown
11392.0 18512.0 316.0 124.0 area!

10628.0 18876.0 692.0 164.0 Charter
11412.0 18856.0 1016.0 172.0 Candidates
12524.0 18856.0 344.0 156.0 Are
12964.0 18840.0 444.0 168.0 Civic
13496.0 18828.0 700.0 168.0 Leaders

10428.0 19144.0 296.0 140.0 This
10796.0 19200.0 268.0 104.0 year
11136.0 19140.0 184.0 136.0 the
11396.0 19140.0 264.0 156.0 City
11736.0 19136.0 488.0 132.0 Charter
12320.0 19120.0 676.0 140.0 Committee
13068.0 19108.0 200.0 136.0 has
13344.0 19104.0 548.0 136.0 endorsed
13968.0 19160.0 60.0 76.0 a
14104.0 19088.0 280.0 140.0 slate

10428.0 19328.0 124.0 132.0 of
10608.0 19328.0 252.0 128.0 nine
10912.0 19316.0 716.0 156.0 outstanding
11676.0 19304.0 672.0 140.0 candidates
12408.0 19300.0 176.0 140.0 for
12632.0 19296.0 276.0 160.0 City
12960.0 19292.0 476.0 152.0 Council
13496.0 19388.0 28.0 28.0 .
13584.0 19388.0 32.0 28.0 .
13676.0 19392.0 32.0 28.0 .
13760.0 19280.0 624.0 132.0 Cincinnati

10424.0 19504.0 448.0 128.0 citizens
10928.0 19500.0 268.0 132.0 with
11256.0 19492.0 616.0 160.0 impressive
11940.0 19480.0 460.0 140.0 records
12452.0 19476.0 132.0 132.0 of
12636.0 19480.0 228.0 156.0 city
12920.0 19468.0 404.0 132.0 service
13380.0 19468.0 104.0 128.0 in
13544.0 19456.0 332.0 140.0 fields
13928.0 19504.0 460.0 104.0 ranging

10436.0 19676.0 288.0 136.0 from
10804.0 19704.0 700.0 128.0 government
11580.0 19700.0 112.0 104.0 to
11768.0 19664.0 588.0 136.0 medicine.
12480.0 19652.0 392.0 136.0 These
12944.0 19640.0 404.0 168.0 people
13424.0 19696.0 180.0 76.0 are
13680.0 19668.0 188.0 100.0 not
13944.0 19624.0 388.0 152.0 "politi-

10428.0 19856.0 384.0 132.0 cians"
10872.0 19856.0 200.0 128.0 but
11124.0 19848.0 636.0 144.0 dedicated,
11820.0 19832.0 852.0 160.0 hard-working
12728.0 19828.0 452.0 132.0 citizens
13236.0 19820.0 260.0 132.0 who
13548.0 19812.0 420.0 136.0 believe
14036.0 19812.0 104.0 128.0 in
14196.0 19804.0 188.0 132.0 the

10436.0 20032.0 368.0 132.0 future
10864.0 20032.0 132.0 132.0 of
11056.0 20024.0 276.0 140.0 their
11396.0 20028.0 260.0 152.0 city,
11724.0 20052.0 300.0 100.0 want
12092.0 20048.0 124.0 104.0 to
12280.0 20012.0 312.0 132.0 work
12668.0 20012.0 180.0 132.0 for
12916.0 20000.0 272.0 136.0 their
13252.0 20000.0 224.0 148.0 city
13544.0 19992.0 228.0 132.0 and
13836.0 19984.0 248.0 136.0 who
14144.0 19980.0 236.0 132.0 will

10428.0 20212.0 404.0 132.0 devote
10916.0 20240.0 232.0 100.0 two
11216.0 20256.0 324.0 108.0 years
11608.0 20200.0 128.0 136.0 of
11808.0 20192.0 276.0 140.0 their
12164.0 20192.0 268.0 136.0 lives
12504.0 20220.0 120.0 100.0 to
12696.0 20184.0 188.0 132.0 the
12956.0 20184.0 260.0 148.0 city.
13324.0 20168.0 356.0 136.0 Their
13752.0 20156.0 432.0 140.0 records
14252.0 20156.0 132.0 132.0 of

10432.0 20388.0 756.0 132.0 achievement
11272.0 20380.0 224.0 132.0 and
11584.0 20380.0 360.0 128.0 action
12024.0 20416.0 664.0 108.0 encompass
12780.0 20356.0 284.0 136.0 their
13136.0 20340.0 368.0 144.0 whole
13592.0 20344.0 296.0 136.0 lives.
14004.0 20332.0 380.0 136.0 These

10424.0 20564.0 472.0 132.0 Charter
10988.0 20552.0 652.0 136.0 candidates
11744.0 20548.0 284.0 132.0 have
12124.0 20600.0 72.0 80.0 a
12304.0 20532.0 500.0 140.0 detailed
12924.0 20512.0 1012.0 148.0 BLUEPRINT
14036.0 20504.0 344.0 140.0 FOR

10424.0 20732.0 692.0 144.0 ACTION
11196.0 20788.0 140.0 80.0 on
11420.0 20736.0 180.0 128.0 the
11684.0 20728.0 328.0 132.0 issues
12088.0 20724.0 136.0 132.0 of
12308.0 20720.0 184.0 132.0 the
12576.0 20716.0 272.0 152.0 day.
12940.0 20704.0 188.0 136.0 It's
13204.0 20732.0 192.0 100.0 too
13476.0 20692.0 484.0 136.0 detailed
14040.0 20720.0 116.0 104.0 to
14236.0 20684.0 144.0 132.0 be

10428.0 20916.0 440.0 164.0 printed
10960.0 20916.0 108.0 132.0 in
11144.0 20908.0 208.0 132.0 this
11428.0 20952.0 364.0 112.0 space,
11872.0 20900.0 192.0 128.0 but
12148.0 20900.0 80.0 128.0 it
12312.0 20900.0 84.0 128.0 is
12476.0 20880.0 560.0 140.0 available
13104.0 20912.0 116.0 100.0 to
13300.0 20876.0 152.0 136.0 all
13524.0 20868.0 148.0 168.0 by
13752.0 20900.0 428.0 124.0 writing
14252.0 20916.0 128.0 80.0 or

10428.0 21096.0 488.0 160.0 phoning
11012.0 21088.0 188.0 132.0 the
11296.0 21080.0 264.0 160.0 City
11656.0 21076.0 480.0 132.0 Charter
12240.0 21068.0 716.0 144.0 Committee,
13052.0 21056.0 412.0 132.0 Carew
13556.0 21040.0 456.0 152.0 Tower,
14112.0 21032.0 224.0 136.0 Cin-

10428.0 21300.0 408.0 100.0 cinnati
10908.0 21260.0 116.0 148.0 2.
11100.0 21256.0 348.0 152.0 Ohio,
11524.0 21252.0 424.0 160.0 Cherry
12048.0 21240.0 488.0 140.0 1-0303.

10436.0 21528.0 112.0 136.0 If
10608.0 21580.0 228.0 108.0 you
10896.0 21520.0 464.0 148.0 believe,
11432.0 21572.0 116.0 76.0 as
11604.0 21568.0 180.0 80.0 we
11844.0 21516.0 192.0 144.0 do,
12108.0 21512.0 244.0 132.0 that
12420.0 21504.0 304.0 132.0 there
12796.0 21504.0 88.0 132.0 is
12944.0 21552.0 140.0 80.0 no
13156.0 21480.0 712.0 172.0 Republican
13928.0 21536.0 252.0 104.0 way
14264.0 21508.0 116.0 104.0 to

10428.0 21760.0 292.0 100.0 pave
10792.0 21736.0 376.0 104.0 streets
11236.0 21796.0 244.0 32.0 ...
11556.0 21692.0 220.0 132.0 and
11844.0 21744.0 148.0 76.0 no
12064.0 21684.0 732.0 136.0 Democratic
12864.0 21732.0 260.0 100.0 way
13208.0 21700.0 116.0 108.0 to
13388.0 21664.0 400.0 132.0 collect
13860.0 21656.0 520.0 160.0 garbage,

10428.0 21884.0 196.0 132.0 but
10688.0 21888.0 216.0 148.0 just
10976.0 21928.0 144.0 80.0 an
11196.0 21860.0 920.0 144.0 EFFICIENT
12196.0 21860.0 228.0 128.0 and
12512.0 21912.0 136.0 76.0 an
12724.0 21840.0 1124.0 144.0 INEFFICIENT
13904.0 21888.0 248.0 108.0 way

10432.0 22060.0 256.0 132.0 then
10740.0 22088.0 252.0 100.0 vote
11040.0 22040.0 904.0 144.0 CHARTER.
11996.0 22040.0 508.0 156.0 Support
12552.0 22032.0 180.0 128.0 the
12784.0 22024.0 328.0 136.0 ticket
13160.0 22020.0 236.0 132.0 that
13444.0 22052.0 244.0 112.0 puts
13740.0 22016.0 180.0 132.0 the
13964.0 22000.0 420.0 144.0 CITY

10436.0 22236.0 272.0 144.0 first,
10768.0 22260.0 324.0 132.0 party
11144.0 22224.0 408.0 132.0 second
11612.0 22320.0 204.0 32.0 ...
11876.0 22216.0 180.0 132.0 the
12128.0 22208.0 340.0 136.0 ticket
12524.0 22204.0 236.0 136.0 that
12812.0 22204.0 232.0 132.0 will
13100.0 22204.0 240.0 160.0 give
13388.0 22248.0 220.0 108.0 you
13660.0 22184.0 720.0 144.0 ACTION,

10436.0 22448.0 184.0 100.0 not
10696.0 22404.0 484.0 164.0 political
11252.0 22396.0 556.0 164.0 promises.

5932.0 23184.0 248.0 136.0 Put
6280.0 23176.0 376.0 140.0 Your
6756.0 23168.0 296.0 140.0 MX"
7156.0 23164.0 148.0 140.0 In
7412.0 23164.0 404.0 140.0 Front
7912.0 23160.0 200.0 140.0 Of
8200.0 23156.0 448.0 140.0 These
8744.0 23164.0 84.0 132.0 9
8928.0 23148.0 508.0 140.0 Name.
9536.0 23136.0 220.0 140.0 On
9856.0 23128.0 604.0 144.0 Election
10564.0 23120.0 340.0 160.0 Day,
11008.0 23116.0 336.0 140.0 Not.
11448.0 23120.0 84.0 132.0 7
11648.0 23104.0 428.0 160.0 (Poll.
12184.0 23100.0 408.0 160.0 Open
12688.0 23092.0 344.0 136.0 6:30
13124.0 23132.0 400.0 88.0 a.m..
13556.0 23084.0 336.0 136.0 6:30
13984.0 23072.0 384.0 168.0 p.m.)

6296.0 23684.0 492.0 140.0 Albert
6884.0 23684.0 168.0 136.0 D.
7148.0 23676.0 364.0 144.0 Cash
7600.0 23676.0 204.0 140.0 Jr.

6112.0 23948.0 156.0 140.0 B.
6372.0 23952.0 148.0 132.0 B.
6624.0 23948.0 448.0 132.0 Evans

5936.0 24208.0 464.0 140.0 James
6500.0 24200.0 700.0 144.0 Harwood
7300.0 24200.0 644.0 136.0 Garrison

9468.0 23652.0 564.0 148.0 Charles
10136.0 23644.0 188.0 140.0 M.
10412.0 23632.0 376.0 148.0 Judd

9288.0 23920.0 464.0 140.0 James
9844.0 23912.0 148.0 136.0 E.
10100.0 23904.0 656.0 168.0 Madigan

9108.0 24184.0 660.0 156.0 Marjorie
9864.0 24172.0 660.0 160.0 Manning

12620.0 23604.0 512.0 144.0 Robert
13224.0 23600.0 172.0 140.0 A.
13492.0 23600.0 392.0 164.0 Ryan

12440.0 23868.0 552.0 148.0 Samuel
13088.0 23864.0 368.0 140.0 Seltz

12260.0 24132.0 568.0 148.0 Charles
12928.0 24128.0 144.0 144.0 P.
13160.0 24120.0 332.0 144.0 Taft

4728.0 24764.0 208.0 72.0 issuf
5040.0 24760.0 104.0 72.0 st
5192.0 24756.0 52.0 72.0 e
5312.0 24756.0 92.0 72.0 m.
5448.0 24752.0 320.0 72.0 euro,
5816.0 24752.0 84.0 72.0 it
5932.0 24812.0 20.0 20.0 .
5992.0 24752.0 184.0 72.0 xtn
6224.0 24752.0 424.0 72.0 MtNSTT:
6704.0 24752.0 268.0 72.0 koisi
7024.0 24752.0 368.0 72.0 jotmson
7544.0 24748.0 144.0 72.0 hi
7732.0 24744.0 220.0 76.0 null
8020.0 24740.0 352.0 76.0 cmitii
8416.0 24736.0 436.0 76.0 ctpim
8896.0 24728.0 596.0 76.0 co-ouwewt.
