15736 25428
1632.0 640.0 332.0 100.0 THE
2088.0 632.0 1060.0 108.0 CINCINNATI
3256.0 620.0 884.0 128.0 INQUIRER

4612.0 608.0 740.0 120.0 Wednesday,
5404.0 608.0 256.0 96.0 Nor.
5712.0 604.0 88.0 112.0 1,
5864.0 604.0 272.0 100.0 IM1

4148.0 1168.0 132.0 180.0 J

2704.0 1840.0 128.0 144.0 :-
3616.0 1664.0 64.0 32.0 -

4436.0 836.0 432.0 404.0 N.
4976.0 832.0 440.0 404.0 Y.
5532.0 824.0 1304.0 412.0 Giants
7024.0 816.0 760.0 412.0 Still
7980.0 812.0 1172.0 468.0 Alive,
9340.0 816.0 1236.0 412.0 Coach
10768.0 828.0 912.0 500.0 Says

1664.0 2768.0 264.0 188.0 'X

3092.0 3976.0 436.0 132.0 ----

2604.0 4168.0 324.0 208.0 v;

592.0 5276.0 372.0 96.0 SOME
1024.0 5276.0 672.0 104.0 COMFORT
1824.0 5276.0 540.0 120.0 Syracuse
2428.0 5272.0 644.0 116.0 University
3136.0 5268.0 468.0 100.0 football
3668.0 5264.0 512.0 104.0 halfback

584.0 5432.0 284.0 104.0 Pete
924.0 5432.0 484.0 100.0 Brokaw
1464.0 5432.0 92.0 104.0 Is
1616.0 5432.0 628.0 104.0 comforted
2304.0 5432.0 148.0 124.0 by
2516.0 5428.0 188.0 104.0 his
2764.0 5432.0 408.0 112.0 fiance,
3228.0 5424.0 360.0 104.0 Chloe
3648.0 5424.0 536.0 112.0 Lambert,

572.0 5592.0 152.0 104.0 at
796.0 5592.0 544.0 116.0 Syracuse
1416.0 5592.0 624.0 120.0 University
2108.0 5588.0 548.0 120.0 Hospital,
2728.0 5588.0 492.0 112.0 Brokaw,
3284.0 5580.0 476.0 124.0 injured
3836.0 5580.0 116.0 104.0 in
4028.0 5604.0 152.0 80.0 an

588.0 5748.0 696.0 104.0 automobile
1368.0 5748.0 508.0 104.0 accident
1952.0 5748.0 552.0 120.0 Saturday
2576.0 5744.0 360.0 124.0 night,
3012.0 5740.0 224.0 108.0 had
3296.0 5740.0 192.0 104.0 his
3568.0 5740.0 376.0 124.0 spleen
4016.0 5760.0 116.0 80.0 re-

584.0 5908.0 408.0 104.0 moved
1052.0 5908.0 476.0 120.0 Sunday
1588.0 5912.0 120.0 96.0 at
1776.0 5908.0 200.0 100.0 the
2040.0 5908.0 520.0 120.0 hospital.
2632.0 5908.0 104.0 100.0 It
2800.0 5900.0 96.0 104.0 is
2960.0 5904.0 396.0 112.0 almost
3424.0 5900.0 444.0 104.0 certain
3928.0 5900.0 248.0 100.0 that

580.0 6052.0 220.0 120.0 the
864.0 6068.0 660.0 120.0 21-year-old
1584.0 6068.0 392.0 100.0 senior
2036.0 6064.0 220.0 104.0 will
2320.0 6064.0 212.0 104.0 not
2620.0 6064.0 140.0 104.0 be
2820.0 6060.0 268.0 108.0 able
3152.0 6060.0 108.0 104.0 to
3320.0 6060.0 416.0 104.0 return
3800.0 6060.0 112.0 100.0 to
3972.0 6056.0 196.0 100.0 the

576.0 6224.0 344.0 104.0 team.
1040.0 6228.0 180.0 96.0 AP
1284.0 6224.0 668.0 120.0 Wirephoto.

4512.0 1444.0 304.0 100.0 NEW
4860.0 1440.0 424.0 120.0 YORK,
5336.0 1440.0 244.0 100.0 Oct
5628.0 1436.0 108.0 100.0 SI
5792.0 1452.0 120.0 84.0 Lf

4392.0 1604.0 228.0 104.0 The
4672.0 1604.0 260.0 100.0 New
4976.0 1596.0 308.0 104.0 York
5340.0 1596.0 416.0 108.0 OlanU,
5808.0 1592.0 304.0 100.0 with

4388.0 1764.0 260.0 116.0 only
4676.0 1760.0 256.0 100.0 tour
4960.0 1756.0 480.0 112.0 healthy
5484.0 1752.0 324.0 100.0 backs
5852.0 1752.0 256.0 96.0 and

4388.0 1908.0 252.0 84.0 now
4680.0 1892.0 412.0 104.0 second
5140.0 1888.0 136.0 100.0 in
5324.0 1888.0 200.0 100.0 the
5568.0 1880.0 540.0 104.0 National

4388.0 2024.0 496.0 100.0 Football
4988.0 2020.0 544.0 112.0 League's
5632.0 2016.0 476.0 96.0 eastern

4388.0 2156.0 656.0 96.0 conference
5112.0 2152.0 316.0 96.0 after
5492.0 2144.0 316.0 116.0 being
5880.0 2160.0 140.0 100.0 uj

4388.0 2292.0 172.0 96.0 set
4628.0 2288.0 228.0 100.0 last
4920.0 2280.0 476.0 112.0 Sunday
5464.0 2276.0 140.0 116.0 by
5664.0 2272.0 440.0 116.0 Dallas,

4388.0 2416.0 284.0 96.0 have
4732.0 2412.0 204.0 100.0 not
4992.0 2408.0 432.0 116.0 folded,
5492.0 2408.0 340.0 96.0 coach
5904.0 2404.0 148.0 96.0 Al-

4324.0 2568.0 24.0 12.0 -
4380.0 2548.0 148.0 100.0 lie
4664.0 2544.0 556.0 100.0 Sherman
5368.0 2528.0 732.0 128.0 emphasized

4384.0 2676.0 368.0 112.0 today.

4500.0 2804.0 408.0 120.0 Dallas,
5032.0 2800.0 504.0 100.0 under
5652.0 2796.0 452.0 100.0 former

4384.0 2936.0 428.0 100.0 Giants'
4912.0 2928.0 588.0 104.0 defensive
5604.0 2928.0 496.0 96.0 coach

4380.0 3068.0 276.0 96.0 Tom
4724.0 3064.0 468.0 116.0 Landry,
5272.0 3056.0 460.0 120.0 stopped
5808.0 3056.0 292.0 96.0 New

4384.0 3196.0 324.0 112.0 York,
4816.0 3196.0 304.0 116.0 17-16,
5228.0 3196.0 244.0 96.0 and
5568.0 3184.0 528.0 100.0 knocked

4384.0 3328.0 192.0 104.0 the
4652.0 3324.0 400.0 104.0 Giants
5128.0 3328.0 220.0 96.0 out
5432.0 3320.0 120.0 100.0 of
5628.0 3336.0 60.0 84.0 t
5768.0 3320.0 288.0 96.0 first-

4384.0 3460.0 312.0 116.0 place
4800.0 3456.0 148.0 104.0 tie
5040.0 3448.0 288.0 100.0 with
5424.0 3452.0 196.0 96.0 the
5704.0 3444.0 344.0 104.0 Phila-

4380.0 3584.0 452.0 116.0 delphia
4924.0 3584.0 440.0 112.0 Eagles,
5468.0 3580.0 236.0 96.0 who
5804.0 3576.0 292.0 120.0 play

4380.0 3720.0 264.0 92.0 here
4712.0 3736.0 68.0 80.0 a
4816.0 3716.0 332.0 96.0 .week
5216.0 3712.0 312.0 100.0 from
5588.0 3708.0 508.0 112.0 Sunday.

4376.0 3844.0 268.0 100.0 This
4764.0 3840.0 460.0 116.0 Sunday
5352.0 3840.0 200.0 96.0 the
5664.0 3836.0 432.0 104.0 Giants

4372.0 3976.0 256.0 120.0 play
4760.0 3972.0 440.0 104.0 winless
5344.0 3968.0 752.0 112.0 Washington

4380.0 4108.0 232.0 108.0 (0-7)
4664.0 4108.0 124.0 96.0 at
4840.0 4100.0 456.0 100.0 Yankee
5352.0 4100.0 536.0 96.0 Stadium.

4496.0 4292.0 580.0 100.0 Sherman'
5132.0 4284.0 264.0 104.0 said
5496.0 4284.0 164.0 104.0 his
5748.0 4284.0 344.0 104.0 team

4372.0 4424.0 284.0 96.0 "was
4716.0 4420.0 400.0 100.0 beaten
5180.0 4444.0 164.0 72.0 on
5408.0 4416.0 348.0 100.0 better
5812.0 4436.0 228.0 76.0 exe-

4372.0 4556.0 380.0 96.0 cution
4820.0 4552.0 140.0 112.0 by
5024.0 4572.0 72.0 76.0 a
5168.0 4548.0 324.0 100.0 team
5556.0 4544.0 240.0 104.0 that
5868.0 4544.0 220.0 100.0 did

4372.0 4680.0 564.0 124.0 primarily
5000.0 4684.0 208.0 96.0 the
5288.0 4700.0 320.0 80.0 same
5676.0 4672.0 348.0 116.0 thing;

4372.0 4836.0 160.0 76.0 we
4596.0 4812.0 284.0 100.0 did."
4940.0 4808.0 160.0 100.0 He
5176.0 4812.0 228.0 96.0 has
5464.0 4812.0 248.0 112.0 only
5776.0 4808.0 312.0 96.0 Alex

4368.0 4948.0 492.0 96.0 Webster
4952.0 4944.0 228.0 96.0 and
5288.0 4936.0 424.0 104.0 rookies
5804.0 4936.0 280.0 100.0 Joel

4356.0 5076.0 364.0 108.0 .Wells,
4860.0 5076.0 228.0 92.0 Bob
5240.0 5072.0 436.0 96.0 Gaiters
5820.0 5072.0 260.0 92.0 and

4368.0 5208.0 276.0 96.0 Alan
4704.0 5204.0 320.0 100.0 Webb
5076.0 5200.0 128.0 100.0 in
5252.0 5200.0 312.0 104.0 what
5604.0 5200.0 132.0 104.0 he
5784.0 5220.0 244.0 76.0 con-

4360.0 5336.0 352.0 100.0 siders
4812.0 5332.0 504.0 116.0 running
5424.0 5336.0 332.0 112.0 shape
5868.0 5328.0 208.0 100.0 for

4356.0 5472.0 228.0 96.0 this
4648.0 5468.0 388.0 96.0 week's
5112.0 5484.0 376.0 96.0 game,
5556.0 5464.0 108.0 100.0 In
5732.0 5464.0 292.0 92.0 addi-

4352.0 5596.0 236.0 96.0 tion
4640.0 5596.0 120.0 100.0 to
4808.0 5592.0 800.0 116.0 quarterbacks
5656.0 5592.0 412.0 96.0 Chuck

4352.0 5728.0 476.0 120.0 Conerly
4876.0 5728.0 216.0 96.0 and
5148.0 5724.0 136.0 96.0 Y,
5336.0 5724.0 128.0 96.0 A.
5512.0 5720.0 356.0 100.0 Tittle.

6392.0 1428.0 556.0 104.0 Halfback
7000.0 1424.0 216.0 108.0 Joe
7268.0 1424.0 548.0 104.0 Morrison
7872.0 1420.0 96.0 112.0 Is

6268.0 1596.0 200.0 96.0 out
6556.0 1588.0 200.0 100.0 for
6836.0 1588.0 320.0 100.0 three
7244.0 1584.0 356.0 108.0 weeks
7692.0 1580.0 272.0 100.0 with

6268.0 1748.0 256.0 96.0 torn
6624.0 1744.0 292.0 100.0 knee
7004.0 1740.0 628.0 120.0 ligaments.
7732.0 1740.0 228.0 100.0 Jim

6268.0 1896.0 524.0 120.0 Podoley,
6884.0 1896.0 260.0 104.0 who
7240.0 1896.0 208.0 104.0 has
7548.0 1892.0 200.0 124.0 yet
7848.0 1892.0 116.0 104.0 to

6268.0 2032.0 256.0 116.0 play
6612.0 2052.0 76.0 80.0 a
6776.0 2048.0 352.0 100.0 game,
7204.0 2044.0 252.0 100.0 may
7528.0 2028.0 220.0 100.0 not
7816.0 2024.0 140.0 104.0 be

6264.0 2160.0 348.0 116.0 ready
6704.0 2160.0 176.0 100.0 for
6956.0 2156.0 452.0 104.0 combat
7484.0 2156.0 192.0 100.0 for
7768.0 2176.0 140.0 80.0 an-

6256.0 2292.0 336.0 96.0 other
6636.0 2288.0 332.0 108.0 week,
6996.0 2308.0 224.0 80.0 nor
7244.0 2292.0 208.0 100.0 will
7496.0 2284.0 456.0 124.0 injured

6260.0 2420.0 516.0 104.0 fullback
6844.0 2416.0 252.0 112.0 Phil
7164.0 2416.0 316.0 120.0 King.

6376.0 2576.0 568.0 100.0 Sherman
7032.0 2576.0 432.0 100.0 scoffed
7560.0 2576.0 136.0 100.0 at
7788.0 2592.0 120.0 84.0 re-

6260.0 2708.0 316.0 116.0 ports
6632.0 2708.0 256.0 100.0 that
6940.0 2704.0 204.0 100.0 the
7196.0 2704.0 424.0 116.0 Giants,
7676.0 2700.0 272.0 104.0 with

6260.0 2856.0 64.0 80.0 a
6372.0 2836.0 60.0 100.0 S
6476.0 2836.0 464.0 112.0 2-mark,
6988.0 2856.0 200.0 84.0 are
7228.0 2836.0 428.0 116.0 rapidly
7700.0 2832.0 208.0 104.0 fall-

6260.0 2968.0 188.0 116.0 ing
6496.0 2972.0 220.0 100.0 out
6764.0 2968.0 116.0 100.0 of
6924.0 2968.0 252.0 100.0 title
7220.0 2964.0 680.0 104.0 contention.

6372.0 3148.0 280.0 100.0 "I'm
6748.0 3148.0 372.0 120.0 happy
7208.0 3144.0 116.0 104.0 to
7408.0 3168.0 200.0 96.0 say
7696.0 3144.0 256.0 104.0 that

6256.0 3300.0 156.0 76.0 we
6500.0 3280.0 344.0 100.0 know
6916.0 3280.0 400.0 100.0 what
7384.0 3280.0 100.0 100.0 Is
7564.0 3300.0 384.0 96.0 wrong

6256.0 3412.0 268.0 100.0 with
6608.0 3432.0 216.0 76.0 our
6888.0 3412.0 264.0 96.0 club
7232.0 3412.0 220.0 100.0 and
7524.0 3412.0 268.0 100.0 that
7860.0 3408.0 88.0 104.0 it

6256.0 3540.0 92.0 104.0 Is
6436.0 3544.0 488.0 116.0 nothing
7012.0 3564.0 396.0 80.0 more
7492.0 3540.0 304.0 100.0 than
7872.0 3564.0 76.0 80.0 a

6252.0 3680.0 432.0 96.0 matter
6772.0 3676.0 120.0 100.0 of
6976.0 3668.0 644.0 112.0 mechanics
7724.0 3676.0 224.0 96.0 and

6252.0 3804.0 580.0 104.0 missed
6964.0 3804.0 584.0 100.0 execution
7696.0 3804.0 252.0 104.0 that

6252.0 3940.0 424.0 100.0 caused
6760.0 3956.0 132.0 84.0 us
6964.0 3936.0 128.0 100.0 to
7172.0 3936.0 264.0 104.0 miss
7512.0 3936.0 436.0 120.0 getting

6268.0 4068.0 428.0 96.0 crucial
6860.0 4068.0 484.0 120.0 yardage
7492.0 4068.0 456.0 120.0 against

6256.0 4196.0 488.0 108.0 Dallas,"
6796.0 4196.0 140.0 104.0 he
6988.0 4196.0 252.0 104.0 said
7292.0 4196.0 288.0 104.0 after
7636.0 4196.0 272.0 100.0 view-

6252.0 4328.0 192.0 120.0 ing
6504.0 4328.0 328.0 100.0 films
6888.0 4328.0 124.0 96.0 of
7080.0 4328.0 200.0 100.0 the
7340.0 4348.0 364.0 100.0 game.

6364.0 4512.0 172.0 104.0 He
6636.0 4508.0 244.0 104.0 said
6968.0 4512.0 264.0 100.0 that
7316.0 4512.0 444.0 104.0 there
7848.0 4508.0 96.0 116.0 is

6248.0 4640.0 496.0 124.0 nothing
6788.0 4664.0 376.0 96.0 wrong
7208.0 4640.0 256.0 104.0 with
7508.0 4644.0 208.0 100.0 the
7764.0 4644.0 140.0 104.0 de-

6248.0 4776.0 324.0 100.0 fense
6632.0 4792.0 220.0 84.0 nor
6904.0 4772.0 96.0 104.0 is
7060.0 4776.0 204.0 100.0 the
7320.0 4776.0 444.0 100.0 offense
7824.0 4776.0 116.0 100.0 to

6248.0 4908.0 372.0 100.0 blame
6700.0 4908.0 180.0 100.0 for
6948.0 4908.0 208.0 100.0 the
7232.0 4904.0 240.0 104.0 loss.

6360.0 5068.0 300.0 96.0 "We
6760.0 5060.0 548.0 124.0 played
7400.0 5060.0 540.0 124.0 poorly

6240.0 5196.0 464.0 116.0 enough
6760.0 5196.0 116.0 100.0 to
6928.0 5196.0 240.0 100.0 lose
7220.0 5196.0 264.0 100.0 both
7528.0 5196.0 408.0 120.0 ways,"

6236.0 5328.0 140.0 100.0 he
6448.0 5324.0 296.0 104.0 said.
6812.0 5328.0 300.0 104.0 "Our
7176.0 5324.0 184.0 124.0 big
7424.0 5304.0 508.0 144.0 problem

6236.0 5456.0 92.0 104.0 is
6392.0 5456.0 268.0 100.0 that
6728.0 5476.0 160.0 84.0 we
6944.0 5456.0 296.0 104.0 have
7304.0 5460.0 192.0 100.0 not
7560.0 5460.0 332.0 104.0 estab-

6232.0 5588.0 368.0 108.0 lished
6652.0 5596.0 384.0 116.0 Btrong
7088.0 5588.0 720.0 124.0 continuity."

6344.0 5724.0 564.0 112.0 However,
7012.0 5720.0 156.0 100.0 he
7260.0 5724.0 452.0 100.0 refused
7804.0 5724.0 120.0 100.0 to

8136.0 1416.0 528.0 120.0 pinpoint
8720.0 1420.0 384.0 100.0 where
9168.0 1420.0 144.0 100.0 he
9376.0 1420.0 208.0 100.0 felt
9644.0 1420.0 204.0 104.0 the

8136.0 1520.0 372.0 128.0 better
8588.0 1552.0 604.0 100.0 execution
9284.0 1552.0 560.0 104.0 should

8132.0 1680.0 276.0 104.0 take
8468.0 1680.0 348.0 124.0 place.

8260.0 1852.0 228.0 100.0 But
8596.0 1860.0 304.0 92.0 most
9020.0 1852.0 816.0 108.0 observers

8128.0 1980.0 412.0 116.0 agreed
8584.0 1984.0 252.0 100.0 that
8880.0 1984.0 192.0 104.0 his
9116.0 1988.0 440.0 100.0 offense
9604.0 2008.0 232.0 80.0 was

8120.0 2116.0 896.0 120.0 punchless.
9108.0 2116.0 232.0 100.0 The
9424.0 2120.0 408.0 104.0 Giants

8120.0 2244.0 404.0 104.0 scored
8560.0 2244.0 260.0 120.0 only
8856.0 2264.0 232.0 84.0 one
9128.0 2248.0 700.0 124.0 touchdown,

8120.0 2376.0 244.0 100.0 and
8432.0 2376.0 336.0 96.0 failed
8836.0 2380.0 132.0 96.0 to
9044.0 2380.0 192.0 116.0 get
9300.0 2380.0 196.0 104.0 the
9564.0 2384.0 212.0 100.0 win-

8112.0 2504.0 300.0 124.0 ning
8496.0 2504.0 380.0 124.0 points
8976.0 2512.0 280.0 96.0 with
9348.0 2516.0 480.0 100.0 another

8112.0 2640.0 428.0 96.0 when
8676.0 2640.0 376.0 116.0 they
9204.0 2640.0 220.0 100.0 had
9568.0 2648.0 260.0 100.0 four

10012.0 1424.0 480.0 104.0 chances
10556.0 1424.0 120.0 104.0 to
10744.0 1448.0 316.0 88.0 score
11132.0 1436.0 304.0 100.0 from
11508.0 1440.0 192.0 100.0 the

10012.0 1560.0 544.0 116.0 Cowboys'
10648.0 1580.0 340.0 80.0 seven
11088.0 1568.0 280.0 112.0 yard
11468.0 1568.0 228.0 100.0 line

10008.0 1688.0 212.0 100.0 late
10288.0 1688.0 128.0 100.0 In
10484.0 1688.0 196.0 100.0 the
10748.0 1692.0 392.0 104.0 fourth
11212.0 1704.0 480.0 108.0 quarter.

10008.0 1820.0 292.0 116.0 They
10388.0 1820.0 392.0 116.0 finally
10864.0 1828.0 412.0 96.0 settled
11360.0 1828.0 180.0 100.0 for
11620.0 1848.0 72.0 80.0 a

10004.0 1948.0 260.0 100.0 field
10348.0 1952.0 280.0 116.0 goal,
10712.0 1956.0 276.0 96.0 then
11076.0 1956.0 228.0 100.0 lost
11380.0 1980.0 152.0 76.0 on
11620.0 1980.0 68.0 80.0 a

10000.0 2080.0 372.0 96.0 Dallas
10436.0 2084.0 808.0 120.0 three-pointer
11304.0 2088.0 124.0 100.0 In
11492.0 2092.0 200.0 100.0 the

10000.0 2208.0 272.0 100.0 final
10336.0 2212.0 124.0 96.0 92
10516.0 2216.0 496.0 104.0 seconds.

10108.0 2388.0 868.0 112.0 Tbe'defenslve
11040.0 2404.0 288.0 108.0 unit,
11392.0 2404.0 296.0 96.0 after

9992.0 2528.0 780.0 120.0 surrendering
10832.0 2536.0 220.0 92.0 two
11116.0 2536.0 264.0 100.0 first
11440.0 2536.0 244.0 96.0 half

9992.0 2656.0 740.0 120.0 touchdowns,
10804.0 2660.0 268.0 104.0 held
11144.0 2668.0 536.0 100.0 Dallas

11860.0 792.0 540.0 104.0 scoreless
12456.0 792.0 284.0 104.0 until
12800.0 796.0 212.0 104.0 the
13072.0 792.0 500.0 128.0 winning

11852.0 944.0 280.0 104.0 field
12212.0 952.0 284.0 116.0 goaL
12572.0 952.0 100.0 100.0 It
12748.0 956.0 404.0 120.0 played
13232.0 960.0 120.0 104.0 IS
13432.0 960.0 140.0 100.0 of

11848.0 1104.0 200.0 100.0 the
12112.0 1108.0 116.0 96.0 15
12280.0 1108.0 488.0 104.0 minutes
12824.0 1112.0 132.0 100.0 In
13008.0 1116.0 184.0 104.0 the
13240.0 1112.0 320.0 108.0 third

11844.0 1260.0 424.0 120.0 period,
12344.0 1272.0 224.0 96.0 and
12644.0 1292.0 332.0 80.0 came
13052.0 1296.0 144.0 100.0 up
13272.0 1272.0 284.0 100.0 with

11836.0 1440.0 72.0 80.0 a
11960.0 1424.0 252.0 116.0 goal
12260.0 1420.0 228.0 104.0 line
12536.0 1432.0 372.0 96.0 stand.

8164.0 3748.0 384.0 248.0 NY
9804.0 3748.0 1068.0 484.0 Tv0fU
11088.0 3748.0 376.0 472.0 J

8032.0 5000.0 1096.0 336.0 ram

2836.0 6752.0 1280.0 248.0 SPARES

704.0 7236.0 224.0 104.0 Jim
988.0 7216.0 496.0 136.0 Chaney'
1528.0 7228.0 188.0 120.0 got
1780.0 7220.0 180.0 104.0 off
2020.0 7220.0 120.0 104.0 to
2208.0 7240.0 68.0 80.0 a

560.0 7392.0 432.0 108.0 terrific
1060.0 7392.0 312.0 100.0 start
1440.0 7404.0 116.0 84.0 as
1620.0 7384.0 152.0 100.0 he
1844.0 7376.0 428.0 104.0 bowled

564.0 7576.0 84.0 80.0 a
712.0 7556.0 184.0 100.0 708
948.0 7544.0 356.0 108.0 series
1364.0 7548.0 116.0 96.0 to
1536.0 7536.0 252.0 108.0 lead
1852.0 7536.0 428.0 104.0 Strikes

556.0 7716.0 124.0 96.0 &
776.0 7716.0 392.0 112.0 Spares
1300.0 7700.0 408.0 100.0 Classic
1804.0 7700.0 472.0 108.0 League,

560.0 7844.0 408.0 116.0 Young
1012.0 7840.0 504.0 108.0 Chaney,
1560.0 7832.0 252.0 96.0 who
1860.0 7828.0 288.0 104.0 fired
2204.0 7840.0 68.0 84.0 a

556.0 7976.0 212.0 96.0 300
932.0 7984.0 332.0 100.0 game
1448.0 7964.0 208.0 100.0 last
1832.0 7976.0 436.0 92.0 season,

552.0 8100.0 500.0 124.0 pumped
1104.0 8100.0 136.0 96.0 23
1300.0 8096.0 400.0 96.0 strikes
1752.0 8088.0 236.0 100.0 and
2040.0 8084.0 228.0 100.0 had

552.0 8240.0 248.0 92.0 two
880.0 8228.0 316.0 120.0 splits
1288.0 8224.0 132.0 104.0 In
1492.0 8220.0 468.0 116.0 carding
548.0 8220.0 1724.0 248.0 263-255-190708

1464.0 8356.0 168.0 96.0 for
1796.0 8356.0 476.0 108.0 O'Leary

552.0 8500.0 560.0 96.0 Cleaners.
1260.0 8488.0 248.0 96.0 Ron
1628.0 8484.0 400.0 96.0 Weber
2144.0 8476.0 128.0 100.0 of

552.0 8624.0 512.0 104.0 Midwest
1100.0 8620.0 500.0 96.0 Doubles
1640.0 8612.0 236.0 100.0 and
1912.0 8608.0 356.0 116.0 Pinky

548.0 8760.0 308.0 96.0 rath
912.0 8788.0 28.0 44.0 i
976.0 8748.0 116.0 104.0 of
1232.0 8744.0 1040.0 112.0 Hoernschemeyer

544.0 8888.0 628.0 104.0 Insurance
1284.0 8880.0 272.0 96.0 both
1644.0 8876.0 248.0 100.0 had
1992.0 8872.0 272.0 108.0 886s,

540.0 9020.0 352.0 100.0 while
1020.0 9012.0 248.0 100.0 Bob
1416.0 9008.0 520.0 100.0 Tholen's
2080.0 9004.0 184.0 96.0 668

544.0 9144.0 488.0 124.0 sparked
1092.0 9144.0 576.0 100.0 Evanston
1728.0 9132.0 536.0 116.0 Building

544.0 9284.0 116.0 96.0 Si
792.0 9284.0 284.0 92.0 Loan
1208.0 9276.0 136.0 96.0 to
1464.0 9272.0 236.0 96.0 3003
1836.0 9264.0 224.0 104.0 and
2188.0 9284.0 68.0 80.0 a

548.0 9412.0 416.0 100.0 double
1076.0 9404.0 244.0 96.0 win
1440.0 9420.0 252.0 80.0 over
1812.0 9396.0 452.0 116.0 leading

536.0 9540.0 1068.0 104.0 Hoernschemeyer.

684.0 9716.0 252.0 96.0 REE
988.0 9704.0 792.0 104.0 BACHMAN'S
1840.0 9708.0 184.0 96.0 570
2076.0 9704.0 180.0 100.0 for

540.0 9844.0 716.0 120.0 pacesetting
1312.0 9844.0 292.0 108.0 Karg
1652.0 9832.0 604.0 116.0 Plumbing

536.0 9972.0 424.0 124.0 topped
1036.0 9976.0 116.0 92.0 11
1244.0 9976.0 248.0 92.0 500s
1560.0 9968.0 116.0 100.0 in
1760.0 9964.0 492.0 100.0 Summit

536.0 10108.0 404.0 104.0 Lanes'
976.0 10104.0 412.0 100.0 Ladles
1428.0 10096.0 440.0 104.0 Classic.
1908.0 10092.0 296.0 104.0 Trail-

540.0 10244.0 220.0 116.0 ing
936.0 10236.0 200.0 100.0 her
1352.0 10252.0 272.0 76.0 were
1820.0 10228.0 440.0 116.0 Shirley

528.0 10368.0 564.0 104.0 Schroder
1160.0 10364.0 236.0 108.0 560,
1460.0 10356.0 312.0 104.0 Pearl
1844.0 10360.0 360.0 96.0 Acker-

524.0 10520.0 300.0 84.0 man
932.0 10496.0 204.0 112.0 646,
1264.0 10492.0 428.0 100.0 Marian
1816.0 10492.0 424.0 112.0 Herzog

548.0 10632.0 256.0 100.0 and
936.0 10632.0 384.0 112.0 Mary
1412.0 10620.0 440.0 104.0 Conrad
2004.0 10624.0 268.0 104.0 537s,

544.0 10764.0 320.0 96.0 Alice
956.0 10760.0 412.0 116.0 Gilkey
1460.0 10756.0 176.0 96.0 538
1732.0 10748.0 240.0 104.0 and
2068.0 10752.0 204.0 96.0 Pat

540.0 10896.0 372.0 96.0 Watts
972.0 10892.0 208.0 96.0 534.

672.0 11060.0 432.0 104.0 BETTY
1148.0 11056.0 356.0 96.0 BETZ
1544.0 11052.0 452.0 100.0 showed
2044.0 11052.0 192.0 96.0 the

520.0 11216.0 268.0 96.0 way
856.0 11192.0 108.0 96.0 In
1032.0 11188.0 568.0 100.0 Condon's
1672.0 11180.0 560.0 116.0 Kenridge

520.0 11324.0 408.0 100.0 Ladies
988.0 11320.0 416.0 96.0 circuit
1468.0 11316.0 260.0 96.0 with
1800.0 11316.0 188.0 96.0 569
2056.0 11316.0 180.0 92.0 for

520.0 11456.0 364.0 96.0 Black
960.0 11448.0 564.0 96.0 Diamond
1604.0 11440.0 416.0 120.0 Paints,
2104.0 11468.0 128.0 72.0 as

528.0 11588.0 132.0 96.0 11
740.0 11584.0 228.0 116.0 gals
1032.0 11580.0 180.0 96.0 hit
1292.0 11584.0 196.0 92.0 the
1552.0 11576.0 372.0 96.0 honor
1992.0 11580.0 236.0 92.0 roll.

524.0 11716.0 316.0 100.0 Barb
976.0 11712.0 444.0 116.0 Speller
1552.0 11708.0 228.0 96.0 and
1932.0 11704.0 300.0 100.0 Alice

516.0 11844.0 680.0 104.0 Biederman
1272.0 11840.0 224.0 100.0 had
1560.0 11840.0 272.0 108.0 518s,
1904.0 11840.0 324.0 112.0 Betty

520.0 11972.0 768.0 104.0 Breitenbach
1360.0 11972.0 176.0 100.0 525
1608.0 11972.0 232.0 96.0 and
1916.0 11972.0 312.0 116.0 Mary

524.0 12104.0 460.0 104.0 Fischer
1024.0 12104.0 232.0 96.0 523.

652.0 12276.0 304.0 80.0 TWO
1072.0 12276.0 372.0 80.0 HATS
1552.0 12272.0 260.0 84.0 shnt
1932.0 12272.0 292.0 84.0 thplr

516.0 12408.0 384.0 104.0 Initial
952.0 12408.0 180.0 100.0 200
1204.0 12424.0 388.0 104.0 games
1648.0 12404.0 128.0 100.0 at
1832.0 12404.0 348.0 100.0 Brent-

512.0 12540.0 340.0 100.0 wood
940.0 12540.0 340.0 108.0 Bowl,
1380.0 12540.0 276.0 100.0 Jane
1752.0 12536.0 468.0 100.0 Hanson

2436.0 7216.0 284.0 100.0 with
2768.0 7212.0 184.0 100.0 207
3012.0 7204.0 220.0 108.0 and
3276.0 7200.0 456.0 124.0 Shirley
3768.0 7204.0 356.0 96.0 Bauer

2436.0 7344.0 284.0 104.0 with
2880.0 7344.0 232.0 112.0 202,
3252.0 7336.0 348.0 100.0 while
3764.0 7332.0 356.0 112.0 Glnny

2428.0 7476.0 488.0 104.0 Hensler
3132.0 7460.0 604.0 108.0 converted
3932.0 7464.0 192.0 100.0 the

2436.0 7612.0 340.0 100.0 7-8-10
2816.0 7600.0 300.0 124.0 split
3152.0 7600.0 404.0 104.0 Esther
3592.0 7592.0 528.0 104.0 Dlckman

2436.0 7736.0 192.0 104.0 led
2704.0 7740.0 196.0 96.0 the
2972.0 7732.0 336.0 104.0 North
3380.0 7728.0 460.0 116.0 College
3904.0 7724.0 216.0 100.0 Hill

2432.0 7868.0 404.0 100.0 Ladies
2892.0 7868.0 420.0 112.0 League
3368.0 7860.0 300.0 100.0 with
3724.0 7860.0 172.0 96.0 558
3948.0 7856.0 176.0 96.0 for

2436.0 7996.0 564.0 116.0 6unrldge
3124.0 7992.0 372.0 112.0 Foods,
3632.0 7984.0 492.0 104.0 followed

2436.0 8132.0 152.0 116.0 by
2672.0 8128.0 336.0 100.0 Hazel
3096.0 8124.0 312.0 100.0 Blum
3508.0 8124.0 220.0 108.0 538,
3808.0 8120.0 312.0 100.0 Alma

2436.0 8264.0 576.0 108.0 Vrenegor
3144.0 8260.0 164.0 100.0 508
3448.0 8256.0 248.0 100.0 and
3820.0 8248.0 300.0 104.0 Edna

2432.0 8392.0 344.0 100.0 Blum
2832.0 8392.0 224.0 96.0 502.

2568.0 8564.0 444.0 100.0 ETHEL
3100.0 8556.0 636.0 104.0 LEONARD
3816.0 8572.0 308.0 84.0 came

2432.0 8696.0 504.0 116.0 through
3148.0 8692.0 248.0 100.0 with
3632.0 8688.0 176.0 104.0 536
4004.0 8684.0 120.0 100.0 in

2432.0 8832.0 532.0 92.0 Banker's
3164.0 8820.0 392.0 104.0 Ladies
3756.0 8824.0 364.0 112.0 Super,

2432.0 8956.0 528.0 100.0 followed
3032.0 8952.0 140.0 120.0 by
3232.0 8956.0 340.0 112.0 Betty
3648.0 8948.0 476.0 100.0 Dzlech's

2436.0 9092.0 192.0 100.0 528
2684.0 9088.0 228.0 100.0 and
2968.0 9092.0 440.0 96.0 Geneva
3464.0 9084.0 396.0 96.0 Kldd's
3912.0 9080.0 204.0 100.0 507.

2432.0 9288.0 32.0 36.0 .
2536.0 9292.0 24.0 28.0 .
2632.0 9292.0 32.0 28.0 .
2728.0 9224.0 260.0 96.0 New
3056.0 9216.0 312.0 120.0 highs
3440.0 9216.0 140.0 96.0 at
3648.0 9208.0 428.0 104.0 Losanti-

2432.0 9348.0 268.0 104.0 vllle
2756.0 9352.0 364.0 96.0 Lanes
3164.0 9368.0 272.0 80.0 were
3492.0 9344.0 248.0 100.0 Ella
3788.0 9344.0 284.0 100.0 Meln-

2432.0 9484.0 372.0 116.0 king's
2880.0 9484.0 188.0 96.0 524
3140.0 9480.0 104.0 100.0 in
3312.0 9484.0 260.0 96.0 Our
3644.0 9480.0 480.0 96.0 Mothers

2428.0 9616.0 124.0 96.0 of
2624.0 9620.0 496.0 92.0 Sorrows
3176.0 9612.0 460.0 96.0 Church
3700.0 9612.0 416.0 112.0 League

2432.0 9744.0 244.0 104.0 and
2780.0 9744.0 432.0 112.0 Mickey
3304.0 9748.0 532.0 108.0 Keegans
3936.0 9740.0 180.0 96.0 202

2432.0 9876.0 252.0 100.0 solo
2768.0 9876.0 236.0 96.0 and
3100.0 9872.0 160.0 100.0 517
3348.0 9872.0 132.0 96.0 in
3580.0 9872.0 196.0 96.0 the
3856.0 9868.0 224.0 100.0 Sub-

2432.0 10008.0 372.0 100.0 urban
2860.0 10004.0 388.0 100.0 Ladles
3292.0 10000.0 312.0 120.0 loop.

2556.0 10176.0 476.0 100.0 DUTCH
3072.0 10176.0 360.0 96.0 DOOR
3476.0 10172.0 428.0 100.0 clicked
3944.0 10172.0 176.0 100.0 for

2424.0 10328.0 72.0 80.0 a
2564.0 10308.0 392.0 100.0 record
3028.0 10308.0 228.0 100.0 3002
3316.0 10304.0 368.0 104.0 series
3744.0 10304.0 112.0 100.0 in
3916.0 10304.0 196.0 100.0 the

2424.0 10440.0 608.0 100.0 Northside
3144.0 10436.0 356.0 116.0 Major
3624.0 10436.0 120.0 100.0 at
3840.0 10436.0 232.0 100.0 Mer-

2424.0 10572.0 288.0 116.0 gard
2792.0 10572.0 548.0 96.0 Millcreek
3424.0 10568.0 348.0 112.0 Bowl,
3848.0 10564.0 260.0 100.0 with

2416.0 10704.0 216.0 96.0 Joe
2760.0 10704.0 472.0 112.0 Wanger
3344.0 10700.0 440.0 116.0 hitting
3904.0 10700.0 204.0 108.0 635,

2420.0 10832.0 260.0 100.0 Milt
2780.0 10832.0 368.0 100.0 Smith
3244.0 10828.0 176.0 100.0 634
3540.0 10828.0 232.0 104.0 and
3864.0 10828.0 240.0 96.0 Bud

2412.0 10964.0 516.0 120.0 Hungler
3028.0 10964.0 200.0 96.0 607.
3320.0 10964.0 268.0 100.0 Don
3692.0 10960.0 416.0 100.0 Ruter's

2412.0 11096.0 192.0 96.0 650
2764.0 11092.0 412.0 120.0 topped
3316.0 11096.0 216.0 96.0 the
3696.0 11092.0 404.0 116.0 league,

2412.0 11224.0 340.0 100.0 while
2828.0 11232.0 120.0 92.0 B.
3044.0 11224.0 492.0 100.0 Zellman
3624.0 11224.0 220.0 100.0 had
3924.0 11224.0 176.0 96.0 628

2408.0 11356.0 240.0 96.0 and
2708.0 11356.0 380.0 100.0 Elmer
3136.0 11356.0 432.0 100.0 Hennel
3632.0 11356.0 200.0 96.0 623.
3892.0 11356.0 200.0 96.0 Lee

2412.0 11488.0 576.0 96.0 Dawson's
3044.0 11488.0 168.0 100.0 656
3256.0 11488.0 172.0 96.0 set
3484.0 11504.0 76.0 80.0 a
3620.0 11488.0 308.0 96.0 mark
3976.0 11484.0 116.0 96.0 In

2404.0 11620.0 204.0 96.0 the
2712.0 11616.0 408.0 116.0 Friday
3208.0 11616.0 372.0 100.0 Social
3684.0 11616.0 216.0 100.0 and
3992.0 11616.0 96.0 100.0 J.

2400.0 11748.0 332.0 100.0 Stahl
2812.0 11748.0 480.0 100.0 notched
3376.0 11768.0 76.0 76.0 a
3552.0 11744.0 540.0 104.0 first-ever

2404.0 11880.0 192.0 96.0 505
2640.0 11876.0 120.0 104.0 in
2804.0 11880.0 200.0 100.0 the
3048.0 11880.0 264.0 100.0 B&O
3352.0 11880.0 416.0 96.0 Ladles
3808.0 11876.0 272.0 116.0 loop.

2396.0 12012.0 364.0 96.0 Other
2812.0 12012.0 292.0 112.0 good
3148.0 12016.0 532.0 92.0 women's
3732.0 12028.0 352.0 80.0 scores

2396.0 12136.0 532.0 100.0 Included
3004.0 12140.0 328.0 100.0 Marie
3404.0 12140.0 408.0 100.0 Bahr's
3876.0 12140.0 208.0 112.0 553,

2392.0 12268.0 328.0 120.0 Mary
2852.0 12272.0 436.0 100.0 Russo's
3432.0 12276.0 236.0 104.0 534,
3796.0 12268.0 280.0 100.0 Barb

2388.0 12404.0 392.0 100.0 Lakes'
2872.0 12404.0 220.0 112.0 533,
3172.0 12400.0 312.0 104.0 Ellen
3588.0 12404.0 488.0 116.0 Gerlng's

2388.0 12536.0 192.0 96.0 524
2640.0 12528.0 224.0 104.0 and
2924.0 12536.0 272.0 96.0 Sara
3244.0 12536.0 164.0 112.0 Gy
3412.0 12532.0 288.0 104.0 sin's
3756.0 12536.0 200.0 96.0 523.

9916.0 4584.0 148.0 92.0 For
10144.0 4616.0 204.0 80.0 your
10436.0 4596.0 596.0 108.0 convni.nc,
11120.0 4600.0 192.0 92.0 visit
11396.0 4596.0 240.0 96.0 thtii

9912.0 4732.0 192.0 76.0 Rtw,
10144.0 4704.0 476.0 108.0 .eompl.t.
10704.0 4712.0 232.0 92.0 Princ
11080.0 4712.0 328.0 116.0 optical
11496.0 4716.0 128.0 96.0 of.

9908.0 4820.0 232.0 92.0 ficn.
10180.0 4808.0 312.0 124.0 Amplt
10540.0 4820.0 372.0 124.0 farting.

9916.0 4992.0 364.0 216.0 7777
10356.0 4996.0 968.0 260.0 Montgomery
11392.0 5004.0 236.0 212.0 Rd.

9972.0 5256.0 32.0 80.0 1
10064.0 5252.0 188.0 84.0 Uvk
10304.0 5256.0 260.0 80.0 hnni
10616.0 5264.0 180.0 72.0 hmm
10848.0 5260.0 168.0 76.0 htm
11068.0 5264.0 336.0 72.0 t.J
11452.0 5264.0 96.0 72.0 U

9144.0 5344.0 616.0 332.0 itfiftl
10080.0 5400.0 372.0 216.0 2356
10516.0 5404.0 548.0 216.0 Auburn
11124.0 5408.0 340.0 224.0 Ave.

9712.0 5620.0 44.0 100.0 i
9908.0 5664.0 292.0 56.0 kl-u.
10276.0 5668.0 344.0 52.0 UUltl..
10692.0 5668.0 80.0 52.0 Cl
10880.0 5668.0 48.0 52.0 ft
11004.0 5672.0 232.0 48.0 rLi.i
11316.0 5676.0 84.0 44.0 St.
11412.0 5680.0 172.0 40.0 .-I..
11596.0 5680.0 20.0 40.0 I

11880.0 4752.0 1640.0 560.0 EiiyiO

13856.0 804.0 564.0 104.0 Sherman
14508.0 808.0 304.0 108.0 later
14896.0 812.0 556.0 112.0 admitted

13736.0 960.0 256.0 104.0 that
14056.0 964.0 524.0 128.0 "holding
14640.0 988.0 76.0 84.0 a
14772.0 972.0 304.0 104.0 team
15132.0 976.0 136.0 100.0 to
15328.0 976.0 120.0 108.0 17

13732.0 1120.0 392.0 124.0 points
14232.0 1128.0 564.0 104.0 should
14900.0 1132.0 140.0 104.0 be
15152.0 1136.0 296.0 120.0 good

13728.0 1284.0 468.0 120.0 enough
14268.0 1288.0 116.0 96.0 to
14452.0 1284.0 240.0 108.0 win
14760.0 1284.0 120.0 112.0 In
14952.0 1288.0 204.0 104.0 the
15232.0 1288.0 168.0 108.0 Na-

13724.0 1436.0 368.0 104.0 tional
14152.0 1444.0 528.0 120.0 League."

13248.0 2328.0 1256.0 376.0 mirn

13080.0 3008.0 192.0 328.0 IT
13352.0 3008.0 800.0 336.0 LEAVES
14240.0 3008.0 432.0 344.0 YOU

13072.0 3416.0 1344.0 344.0 BREATHLESS

14512.0 1936.0 928.0 992.0 4

13600.0 4984.0 864.0 320.0 WONDER
14544.0 4992.0 376.0 312.0 IT'S
14992.0 4992.0 400.0 320.0 THE

11880.0 5352.0 880.0 320.0 WORLD'S
12848.0 5360.0 880.0 312.0 LARGEST
13800.0 5368.0 816.0 312.0 SELLING
14696.0 5368.0 680.0 312.0 VODKA

12024.0 5720.0 80.0 76.0 m
12140.0 5716.0 96.0 80.0 w
12264.0 5716.0 196.0 80.0 nm.
12484.0 5720.0 268.0 80.0 ntiui
12780.0 5720.0 176.0 76.0 nm
12984.0 5720.0 180.0 80.0 aw.
13184.0 5720.0 200.0 88.0 em.
13408.0 5724.0 200.0 76.0 ma

13936.0 5724.0 720.0 88.0 niw.vuMa)

15012.0 5720.0 356.0 88.0 SMUNM

12180.0 7776.0 1032.0 208.0 versatile!
13336.0 7780.0 516.0 204.0 new!
13976.0 7780.0 436.0 204.0 G.E.
14524.0 7796.0 720.0 188.0 stereo

12068.0 8132.0 816.0 200.0 console
13008.0 8132.0 612.0 252.0 hangs
13728.0 8188.0 256.0 140.0 on
14116.0 8192.0 136.0 136.0 a
14356.0 8132.0 532.0 228.0 wall,
15000.0 8188.0 256.0 144.0 or

12076.0 8488.0 536.0 196.0 rests
12728.0 8536.0 268.0 144.0 on
13112.0 8472.0 572.0 236.0 shelf,
13800.0 8480.0 632.0 232.0 table,
14548.0 8476.0 680.0 208.0 stand!

13352.0 8908.0 560.0 212.0 $329

12856.0 9208.0 148.0 80.0 as
13084.0 9172.0 212.0 120.0 low
13380.0 9208.0 152.0 84.0 as
13612.0 9172.0 248.0 120.0 3.54
13940.0 9212.0 88.0 80.0 a
14116.0 9176.0 324.0 116.0 week

11924.0 9492.0 404.0 136.0 Never
12388.0 9484.0 424.0 148.0 before
12888.0 9488.0 204.0 144.0 has
13148.0 9492.0 344.0 140.0 there
13560.0 9488.0 304.0 144.0 been
13932.0 9512.0 416.0 124.0 stereo
14404.0 9488.0 396.0 172.0 styled
14860.0 9492.0 204.0 136.0 like
15124.0 9492.0 276.0 136.0 this!

11920.0 9668.0 188.0 136.0 It's
12176.0 9720.0 68.0 84.0 a
12316.0 9676.0 416.0 160.0 unique
12812.0 9660.0 356.0 144.0 blend
13228.0 9668.0 148.0 136.0 of
13448.0 9664.0 272.0 176.0 high
13784.0 9668.0 352.0 172.0 style,
14212.0 9664.0 440.0 180.0 superb
14720.0 9664.0 376.0 144.0 sound
15164.0 9772.0 48.0 44.0 .
15268.0 9772.0 40.0 40.0 .
15372.0 9772.0 36.0 36.0 .

11908.0 9836.0 244.0 140.0 and
12236.0 9860.0 852.0 152.0 arrangement
13160.0 9840.0 644.0 176.0 flexibility.
13896.0 9848.0 96.0 132.0 It
14076.0 9848.0 208.0 132.0 will
14360.0 9896.0 168.0 120.0 go
14612.0 9836.0 636.0 180.0 anywhere
15328.0 9892.0 76.0 88.0 a

11908.0 10016.0 832.0 136.0 conventional
12836.0 10032.0 404.0 124.0 stereo
13320.0 10016.0 220.0 136.0 will
13628.0 10068.0 164.0 124.0 go
13876.0 10128.0 36.0 36.0 .
14004.0 10132.0 40.0 36.0 .
14140.0 10124.0 36.0 36.0 .
14268.0 10016.0 208.0 144.0 but
14560.0 10016.0 336.0 144.0 THIS
14984.0 10032.0 424.0 124.0 stereo

11904.0 10184.0 204.0 140.0 will
12212.0 10184.0 248.0 140.0 also
12560.0 10184.0 316.0 176.0 hang
12984.0 10240.0 148.0 88.0 on
13224.0 10184.0 216.0 140.0 the
13544.0 10188.0 284.0 140.0 wall!
13928.0 10192.0 444.0 152.0 Smart.
14468.0 10188.0 936.0 176.0 Space-saving.

11912.0 10356.0 608.0 148.0 Practical.
12584.0 10360.0 232.0 140.0 The
12892.0 10360.0 252.0 140.0 kind
13204.0 10360.0 140.0 140.0 of
13408.0 10380.0 412.0 124.0 stereo
13876.0 10416.0 260.0 156.0 you
14196.0 10416.0 220.0 92.0 can
14472.0 10364.0 288.0 144.0 take
14820.0 10360.0 268.0 144.0 with
15152.0 10412.0 248.0 128.0 you

11904.0 10536.0 104.0 128.0 in
12096.0 10528.0 764.0 164.0 confidence,
12964.0 10532.0 528.0 144.0 because
13572.0 10588.0 228.0 124.0 you
13888.0 10504.0 348.0 172.0 (enow
14312.0 10536.0 184.0 144.0 it'll
14580.0 10536.0 160.0 144.0 fit
14812.0 10592.0 232.0 124.0 any
15124.0 10536.0 276.0 144.0 kind

11900.0 10696.0 148.0 140.0 of
12128.0 10700.0 340.0 180.0 living
12552.0 10756.0 336.0 92.0 area.
12980.0 10712.0 276.0 164.0 (You
13344.0 10728.0 236.0 156.0 get
13660.0 10708.0 132.0 144.0 all
13872.0 10708.0 376.0 148.0 those
14328.0 10708.0 448.0 180.0 superb
14856.0 10716.0 544.0 136.0 General

11908.0 10872.0 488.0 144.0 Electric
12460.0 10880.0 456.0 172.0 quality
12980.0 10880.0 564.0 152.0 features,
13616.0 10884.0 292.0 176.0 too.)
13972.0 10888.0 272.0 136.0 You
14300.0 10908.0 220.0 156.0 get
14576.0 10892.0 808.0 132.0 AM-FM-FM

11888.0 11064.0 408.0 124.0 stereo
12356.0 11036.0 360.0 172.0 radio,
12776.0 11056.0 524.0 172.0 4-speed
13348.0 11056.0 176.0 144.0 de
13584.0 11060.0 232.0 140.0 luxe
13868.0 11056.0 544.0 180.0 changer
14456.0 11060.0 284.0 144.0 with
14796.0 11060.0 584.0 144.0 diamond

11904.0 11220.0 456.0 156.0 needle,
12436.0 11224.0 640.0 168.0 4-speaker
13136.0 11228.0 816.0 184.0 (detachable)
14028.0 11256.0 484.0 152.0 system.

12828.0 11580.0 412.0 140.0 Pogue'i
13316.0 11580.0 400.0 136.0 Stereo,
13792.0 11584.0 276.0 116.0 Sixth
14152.0 11588.0 272.0 116.0 Floor

12552.0 11800.0 28.0 36.0 .
12648.0 11800.0 32.0 40.0 .
12752.0 11804.0 36.0 40.0 .
12868.0 11728.0 212.0 116.0 alto
13144.0 11740.0 108.0 100.0 at
13328.0 11724.0 516.0 124.0 Kenwood
13924.0 11732.0 84.0 116.0 &
14088.0 11732.0 608.0 144.0 Tri-Couny

2112.0 20636.0 76.0 128.0 J
2516.0 19292.0 56.0 1544.0 1
8004.0 19556.0 112.0 1292.0 jjj

11708.0 16340.0 828.0 204.0 durable
12700.0 16340.0 544.0 200.0 foam
13284.0 16336.0 944.0 256.0 -padded
14384.0 16336.0 400.0 200.0 hall
14948.0 16328.0 408.0 204.0 and

11700.0 16692.0 520.0 204.0 stair
12332.0 16748.0 800.0 148.0 runners
13240.0 16828.0 56.0 60.0 .
13380.0 16828.0 64.0 60.0 .
13552.0 16836.0 56.0 60.0 .
13712.0 16688.0 484.0 204.0 such
14300.0 16680.0 688.0 208.0 values
15104.0 16688.0 252.0 196.0 at

11704.0 17048.0 584.0 200.0 these
12344.0 17044.0 712.0 256.0 prices,
13108.0 17100.0 324.0 144.0 we
13492.0 17036.0 1132.0 204.0 reordered
14680.0 17028.0 668.0 264.0 again!

13312.0 17492.0 520.0 192.0 O.90

12728.0 17740.0 220.0 116.0 (12
13012.0 17740.0 136.0 116.0 ft.
13208.0 17740.0 520.0 144.0 length),
13784.0 17736.0 460.0 116.0 27x144
14304.0 17732.0 140.0 116.0 Is.

11856.0 18060.0 1052.0 140.0 Value-conscious
12972.0 18084.0 656.0 112.0 customers
13692.0 18052.0 492.0 180.0 bought
14244.0 18108.0 144.0 116.0 up
14444.0 18052.0 360.0 140.0 these
14864.0 18104.0 480.0 84.0 runners

11852.0 18296.0 140.0 84.0 so
12064.0 18240.0 252.0 140.0 fast
12384.0 18292.0 172.0 88.0 we
12632.0 18240.0 244.0 140.0 had
12956.0 18252.0 132.0 124.0 to
13152.0 18232.0 536.0 144.0 reorder.
13760.0 18236.0 160.0 136.0 So
13992.0 18236.0 356.0 136.0 don't
14412.0 18240.0 288.0 124.0 wait
14768.0 18228.0 272.0 136.0 until
15112.0 18224.0 240.0 140.0 this

11852.0 18412.0 596.0 172.0 shipment
12520.0 18424.0 80.0 128.0 is
12672.0 18464.0 372.0 124.0 gone,
13116.0 18428.0 252.0 136.0 too,
13460.0 18408.0 92.0 136.0 if
13624.0 18456.0 220.0 120.0 you
13920.0 18428.0 340.0 112.0 want
14320.0 18456.0 304.0 124.0 your
14696.0 18456.0 472.0 88.0 runners
15244.0 18412.0 108.0 124.0 in

11844.0 18600.0 292.0 132.0 time
12220.0 18588.0 196.0 136.0 for
12492.0 18588.0 292.0 172.0 busy
12872.0 18584.0 464.0 172.0 holiday
13416.0 18580.0 460.0 140.0 traffic.
13956.0 18580.0 384.0 144.0 Costs
14412.0 18632.0 136.0 88.0 so
14632.0 18584.0 328.0 136.0 little.
15040.0 18572.0 308.0 140.0 Ends

11844.0 18764.0 140.0 132.0 all
12064.0 18760.0 272.0 136.0 that
12404.0 18756.0 1104.0 176.0 clickety-clackety
13588.0 18752.0 672.0 156.0 bare-floor
14328.0 18760.0 372.0 140.0 noise.
14772.0 18752.0 360.0 140.0 Adds
15208.0 18772.0 148.0 116.0 to

11840.0 18984.0 300.0 120.0 your
12200.0 18932.0 428.0 172.0 safety.
12696.0 18932.0 416.0 140.0 Makes
13168.0 18984.0 300.0 120.0 your
13528.0 18928.0 344.0 136.0 home
13932.0 18980.0 148.0 92.0 so
14144.0 18932.0 332.0 136.0 much
14532.0 18980.0 508.0 88.0 warmer
15092.0 18924.0 256.0 148.0 and

11848.0 19112.0 528.0 168.0 inviting.
12472.0 19100.0 464.0 180.0 Tightly
13024.0 19104.0 472.0 172.0 packed
13596.0 19108.0 492.0 132.0 Viscose
14192.0 19152.0 356.0 120.0 rayon
14652.0 19104.0 240.0 136.0 and
14988.0 19108.0 356.0 168.0 nylon

11840.0 19280.0 376.0 176.0 fjbers
12320.0 19280.0 252.0 140.0 look
12672.0 19336.0 140.0 88.0 so
12924.0 19284.0 584.0 144.0 luxurious,
13620.0 19276.0 268.0 140.0 take
14000.0 19296.0 572.0 120.0 constant
14676.0 19328.0 320.0 88.0 wear
15092.0 19272.0 256.0 144.0 and

11836.0 19472.0 280.0 124.0 tear
12180.0 19456.0 488.0 136.0 without
12736.0 19448.0 520.0 176.0 showing
13332.0 19464.0 140.0 136.0 it.
13552.0 19448.0 356.0 176.0 Spots
13988.0 19448.0 252.0 144.0 and
14308.0 19460.0 368.0 132.0 stains
14744.0 19500.0 356.0 92.0 come
15180.0 19500.0 168.0 160.0 up

11832.0 19624.0 404.0 172.0 easily.
12336.0 19628.0 272.0 136.0 And
12700.0 19624.0 220.0 148.0 the
13020.0 19620.0 284.0 144.0 thick
13408.0 19624.0 336.0 136.0 foam
13840.0 19620.0 460.0 144.0 rubber
14380.0 19620.0 552.0 180.0 padding
15028.0 19592.0 312.0 172.0 feels

11832.0 19848.0 140.0 84.0 so
12092.0 19800.0 544.0 136.0 luxurious
12760.0 19908.0 32.0 32.0 .
12928.0 19904.0 32.0 36.0 .
13076.0 19908.0 28.0 32.0 .
13212.0 19800.0 664.0 132.0 eliminates
14000.0 19800.0 324.0 136.0 need
14436.0 19796.0 200.0 144.0 for
14756.0 19816.0 576.0 160.0 separate

11836.0 19968.0 684.0 180.0 cushioning
12632.0 19972.0 544.0 172.0 (another
13280.0 19972.0 600.0 172.0 savings!).
14000.0 19976.0 284.0 140.0 Find
14388.0 19992.0 220.0 120.0 out
14712.0 19972.0 364.0 144.0 which
15188.0 19968.0 152.0 144.0 of

11836.0 20144.0 340.0 136.0 these
12252.0 20144.0 236.0 172.0 big,
12564.0 20140.0 200.0 180.0 big
12848.0 20156.0 280.0 124.0 sizes
13188.0 20140.0 208.0 144.0 fits
13464.0 20196.0 296.0 120.0 your
13824.0 20144.0 224.0 140.0 hall
14120.0 20196.0 140.0 88.0 or
14320.0 20160.0 344.0 128.0 stairs
14732.0 20256.0 36.0 36.0 .
14828.0 20260.0 32.0 32.0 .
14924.0 20148.0 416.0 140.0 .order

11828.0 20368.0 344.0 92.0 soon.
12252.0 20316.0 320.0 140.0 Black
12644.0 20320.0 252.0 136.0 and
12972.0 20316.0 384.0 152.0 white;
13436.0 20320.0 404.0 172.0 beige;
13916.0 20320.0 460.0 152.0 brown;
14444.0 20368.0 424.0 128.0 green.

11828.0 20584.0 384.0 128.0 27x72
12308.0 20588.0 148.0 140.0 in.
12540.0 20580.0 108.0 172.0 (6
12740.0 20572.0 200.0 172.0 ft.)
15012.0 20580.0 320.0 140.0 3.98

11824.0 20784.0 468.0 128.0 27x108
12384.0 20784.0 148.0 132.0 in.
12616.0 20776.0 112.0 172.0 (9
12820.0 20772.0 336.0 172.0 ft.)..
15008.0 20780.0 320.0 140.0 6.98

11820.0 20984.0 468.0 128.0 27x180
12372.0 20984.0 144.0 132.0 in.
12596.0 20976.0 196.0 172.0 (15
12888.0 20972.0 400.0 172.0 ft.)...
14916.0 20980.0 396.0 140.0 10.98

11820.0 21184.0 472.0 132.0 27x216
12380.0 21188.0 144.0 132.0 in.
12604.0 21180.0 196.0 168.0 (18
12900.0 21176.0 184.0 172.0 ft.)
14924.0 21184.0 400.0 140.0 12.98

11816.0 21380.0 468.0 136.0 27x252
12376.0 21384.0 144.0 132.0 in.
12604.0 21380.0 172.0 168.0 (21
12896.0 21372.0 184.0 176.0 ft.)
14688.0 21384.0 632.0 144.0 ...14.98

11816.0 21580.0 472.0 140.0 27x288
12376.0 21588.0 144.0 136.0 in.
12604.0 21580.0 200.0 164.0 (24
12896.0 21572.0 188.0 176.0 ft.)
14920.0 21584.0 400.0 144.0 16.98

12428.0 21928.0 428.0 136.0 Pogue's
12936.0 21924.0 268.0 116.0 Boor
13268.0 21924.0 608.0 144.0 Covering,
13960.0 21928.0 372.0 116.0 Fourth
14400.0 21928.0 292.0 120.0 Root

12480.0 22152.0 32.0 36.0 .
12580.0 22148.0 36.0 40.0 .
12680.0 22152.0 36.0 36.0 .
12788.0 22072.0 224.0 112.0 alio
13144.0 22084.0 44.0 100.0 t
13256.0 22072.0 516.0 116.0 Kenwood
13852.0 22072.0 76.0 112.0 t
14012.0 22072.0 616.0 148.0 Tri-Counfy

3532.0 24100.0 344.0 104.0 PoqiVi
3928.0 24104.0 472.0 108.0 tV.phon.
4448.0 24116.0 252.0 88.0 era'sr
4756.0 24116.0 260.0 96.0 board
5076.0 24124.0 68.0 84.0 it
5196.0 24148.0 240.0 72.0 optn
5492.0 24124.0 96.0 84.0 24
5640.0 24112.0 252.0 96.0 houn
6068.0 24116.0 160.0 104.0 day
6272.0 24136.0 312.0 84.0 ecept
6644.0 24116.0 356.0 112.0 Sunday.
7052.0 24120.0 196.0 96.0 Call
7300.0 24124.0 136.0 96.0 DU
7500.0 24120.0 348.0 96.0 1-4700!
7896.0 24128.0 140.0 92.0 On
8084.0 24124.0 344.0 100.0 C.O.D.
8472.0 24120.0 456.0 116.0 purchasw
8972.0 24120.0 104.0 100.0 of
9116.0 24128.0 188.0 88.0 ?.9?
9348.0 24124.0 172.0 96.0 and
9568.0 24124.0 176.0 108.0 lest,
9796.0 24124.0 392.0 100.0 wclusiv.
10232.0 24124.0 96.0 96.0 of
10420.0 24164.0 112.0 68.0 ai,
10580.0 24128.0 292.0 108.0 pleai.
10924.0 24124.0 180.0 96.0 .dd
11152.0 24132.0 156.0 88.0 35c
11352.0 24120.0 396.0 116.0 fiandlij
11792.0 24120.0 356.0 112.0 ch.rq.

3208.0 24292.0 660.0 208.0 SHOP
3996.0 24308.0 900.0 208.0 TODAY:
5032.0 24316.0 1560.0 204.0 DOWNTOWN
6740.0 24320.0 400.0 208.0 9:15
7264.0 24324.0 320.0 204.0 TO
7720.0 24324.0 472.0 228.0 5:30;
8332.0 24328.0 1244.0 200.0 KENWOOD
9708.0 24328.0 160.0 200.0 &
9988.0 24328.0 1444.0 200.0 TRI-COUNTY
11556.0 24324.0 208.0 196.0 10
11876.0 24320.0 328.0 200.0 TO
12324.0 24320.0 112.0 200.0 9
