19164 28876
5792.0 772.0 484.0 164.0 THE
6460.0 768.0 1320.0 192.0 ENQUIRER,
7968.0 768.0 1512.0 184.0 CINCINNATI,
9712.0 748.0 1340.0 192.0 THURSDAY,
11236.0 756.0 596.0 164.0 JULY
12024.0 764.0 156.0 180.0 1,
12380.0 760.0 560.0 164.0 1937

18084.0 736.0 112.0 168.0 3

768.0 1296.0 864.0 384.0 STRIKE
1768.0 1288.0 640.0 392.0 ENDS

520.0 2012.0 268.0 220.0 At
896.0 2012.0 480.0 220.0 Four
1496.0 2016.0 436.0 216.0 Iron
2052.0 2008.0 632.0 216.0 Plants

528.0 2604.0 676.0 168.0 Agrrrment
1296.0 2608.0 408.0 160.0 Signed
1800.0 2600.0 304.0 128.0 Willi
2200.0 2592.0 336.0 136.0 luiim

612.0 2812.0 308.0 132.0 Hour
988.0 2808.0 780.0 164.0 Negotiations
1840.0 2812.0 268.0 160.0 May
2176.0 2800.0 144.0 132.0 Be
2384.0 2808.0 160.0 128.0 Re-

836.0 3016.0 420.0 168.0 opened
1360.0 3024.0 124.0 128.0 In
1596.0 3012.0 184.0 128.0 Six
1888.0 3008.0 480.0 132.0 Months.

656.0 3532.0 84.0 96.0 A
820.0 3532.0 432.0 116.0 ten-day
1324.0 3528.0 348.0 100.0 strike
1752.0 3524.0 112.0 96.0 of
1940.0 3516.0 396.0 104.0 several
2416.0 3516.0 224.0 92.0 hun-

532.0 3668.0 264.0 104.0 dred
860.0 3672.0 228.0 96.0 iron
1148.0 3668.0 480.0 96.0 workers
1688.0 3656.0 544.0 120.0 employed
2292.0 3656.0 104.0 96.0 in
2460.0 3652.0 220.0 92.0 five

504.0 3808.0 388.0 124.0 plants
944.0 3812.0 112.0 92.0 of
1108.0 3808.0 244.0 96.0 four
1404.0 3800.0 612.0 100.0 Cincinnati
2072.0 3788.0 608.0 116.0 companies

536.0 3944.0 344.0 100.0 ended
968.0 3940.0 576.0 120.0 yesterday
1632.0 3940.0 260.0 92.0 with
1988.0 3928.0 176.0 92.0 the
2252.0 3928.0 432.0 112.0 signing

528.0 4088.0 124.0 92.0 of
708.0 4104.0 140.0 72.0 an
908.0 4080.0 620.0 112.0 agreement
1592.0 4080.0 140.0 116.0 by
1792.0 4064.0 892.0 120.0 representatives

528.0 4228.0 128.0 92.0 of
716.0 4224.0 184.0 92.0 the
960.0 4220.0 312.0 96.0 firms
1392.0 4224.0 220.0 92.0 and
1736.0 4204.0 464.0 108.0 officials
2260.0 4204.0 112.0 96.0 of
2496.0 4204.0 184.0 88.0 the

528.0 4352.0 432.0 120.0 Bridge,
1016.0 4352.0 636.0 104.0 Structural,
1708.0 4344.0 204.0 96.0 and
1976.0 4336.0 704.0 96.0 Ornamental

532.0 4496.0 256.0 100.0 Iron
844.0 4496.0 528.0 96.0 Workers'
1436.0 4492.0 368.0 96.0 Union,
1860.0 4504.0 140.0 72.0 an
2056.0 4480.0 456.0 96.0 affiliate
2568.0 4480.0 116.0 92.0 of

532.0 4632.0 188.0 100.0 the
788.0 4636.0 560.0 92.0 American
1424.0 4620.0 636.0 104.0 Federation
2128.0 4620.0 112.0 96.0 of
2304.0 4608.0 376.0 104.0 Labor.

660.0 4772.0 216.0 96.0 The
944.0 4776.0 484.0 96.0 contract
1492.0 4756.0 504.0 124.0 provided
2064.0 4760.0 168.0 88.0 for
2288.0 4776.0 140.0 68.0 an
2500.0 4756.0 140.0 88.0 im-

532.0 4912.0 472.0 92.0 mediate
1072.0 4932.0 300.0 88.0 wage
1444.0 4900.0 480.0 92.0 increase
2008.0 4900.0 112.0 88.0 of
2192.0 4892.0 112.0 88.0 10
2372.0 4896.0 312.0 88.0 cents

532.0 5072.0 144.0 76.0 an
748.0 5052.0 292.0 108.0 hour,
1116.0 5072.0 64.0 72.0 a
1240.0 5040.0 432.0 96.0 44-hour
1740.0 5028.0 328.0 108.0 week,
2144.0 5032.0 248.0 96.0 time
2464.0 5028.0 216.0 88.0 and

528.0 5188.0 484.0 92.0 one-half
1092.0 5208.0 196.0 96.0 pay
1368.0 5176.0 176.0 96.0 for
1624.0 5172.0 512.0 96.0 overtime
2216.0 5164.0 324.0 108.0 work,
2620.0 5184.0 64.0 68.0 a

528.0 5328.0 360.0 92.0 closed
956.0 5324.0 292.0 104.0 shop,
1308.0 5316.0 216.0 96.0 and
1596.0 5308.0 656.0 112.0 recognition
2320.0 5308.0 112.0 88.0 of
2500.0 5304.0 184.0 92.0 the

528.0 5464.0 332.0 88.0 union
1040.0 5480.0 120.0 64.0 as
1344.0 5444.0 548.0 100.0 collective
2052.0 5440.0 636.0 112.0 bargaining

528.0 5604.0 328.0 104.0 agent
912.0 5596.0 164.0 92.0 for
1128.0 5588.0 184.0 96.0 the
1372.0 5584.0 504.0 96.0 workers.
1936.0 5576.0 748.0 120.0 Negotiations

532.0 5736.0 180.0 96.0 for
800.0 5736.0 264.0 92.0 hour
1156.0 5724.0 724.0 116.0 adjustments
1976.0 5740.0 244.0 92.0 may
2312.0 5716.0 124.0 92.0 be
2536.0 5740.0 108.0 68.0 re-

528.0 5868.0 412.0 120.0 opened
1008.0 5868.0 108.0 92.0 at
1180.0 5868.0 180.0 96.0 the
1428.0 5864.0 204.0 92.0 end
1700.0 5864.0 116.0 92.0 of
1876.0 5860.0 164.0 92.0 six
2108.0 5856.0 456.0 92.0 months.

652.0 6012.0 224.0 96.0 The
972.0 6008.0 308.0 96.0 firms
1368.0 6000.0 476.0 96.0 affected
1936.0 6020.0 276.0 72.0 were
2300.0 5996.0 184.0 96.0 the
2576.0 5988.0 108.0 96.0 L.

532.0 6140.0 564.0 100.0 fichreiber
1152.0 6144.0 216.0 92.0 and
1436.0 6140.0 272.0 92.0 Sons
1768.0 6132.0 576.0 112.0 Company,
2412.0 6136.0 116.0 92.0 B.
2588.0 6128.0 96.0 96.0 J.

516.0 6272.0 668.0 124.0 Rowekamp
1260.0 6280.0 300.0 96.0 Sons,
1632.0 6272.0 248.0 104.0 Inc.,
1952.0 6268.0 408.0 92.0 Grimm
2432.0 6268.0 256.0 92.0 Iron

528.0 6416.0 392.0 100.0 Works
1000.0 6416.0 580.0 116.0 Company,
1660.0 6408.0 212.0 96.0 and
1960.0 6408.0 180.0 96.0 the
2220.0 6404.0 464.0 96.0 William

532.0 6548.0 308.0 124.0 Lang
948.0 6556.0 208.0 96.0 and
1268.0 6556.0 276.0 92.0 Sons
1648.0 6556.0 576.0 108.0 Company.
2336.0 6544.0 352.0 96.0 Those

528.0 6700.0 244.0 88.0 who
836.0 6692.0 256.0 96.0 took
1160.0 6680.0 240.0 132.0 part
1472.0 6692.0 108.0 92.0 in
1648.0 6692.0 688.0 88.0 conferences
2404.0 6684.0 240.0 92.0 load-

532.0 6828.0 188.0 116.0 ing
856.0 6836.0 112.0 92.0 to
1108.0 6832.0 180.0 92.0 the
1432.0 6828.0 628.0 112.0 agreement
2196.0 6820.0 488.0 96.0 included

528.0 6968.0 416.0 116.0 George
1080.0 6964.0 524.0 112.0 Haehnlc,
1744.0 6960.0 584.0 112.0 President,
2472.0 6956.0 212.0 96.0 and

532.0 7100.0 468.0 100.0 Edward
1104.0 7104.0 108.0 100.0 C.
1312.0 7100.0 456.0 112.0 Grimm,
1876.0 7100.0 588.0 116.0 Secretary,
2572.0 7096.0 116.0 96.0 of

528.0 7248.0 188.0 92.0 the
840.0 7244.0 604.0 96.0 Cincinnati
1576.0 7240.0 248.0 92.0 Iron
1888.0 7240.0 444.0 112.0 League.
2460.0 7232.0 224.0 96.0 The

528.0 7380.0 496.0 92.0 contract
1096.0 7404.0 216.0 72.0 was
1392.0 7376.0 376.0 116.0 Bigned
1852.0 7380.0 172.0 92.0 for
2100.0 7376.0 172.0 92.0 the
2352.0 7376.0 328.0 88.0 union

532.0 7512.0 140.0 124.0 by
736.0 7516.0 280.0 100.0 John
1088.0 7524.0 568.0 108.0 Dempsey,
1732.0 7512.0 184.0 108.0 Jr.,
1992.0 7512.0 280.0 96.0 John
2344.0 7504.0 296.0 96.0 Luch-

596.0 7656.0 320.0 108.0 inger,
968.0 7656.0 212.0 96.0 and
1236.0 7656.0 516.0 96.0 Clarence
1808.0 7652.0 516.0 108.0 Breggen,

636.0 7788.0 528.0 116.0 Dempsey
1292.0 7788.0 240.0 92.0 said
1664.0 7780.0 180.0 96.0 the
1980.0 7780.0 328.0 92.0 strike
2444.0 7796.0 228.0 68.0 was

512.0 7916.0 356.0 104.0 "more
1016.0 7932.0 408.0 92.0 serious
1576.0 7924.0 260.0 88.0 than
1992.0 7920.0 176.0 88.0 the
2316.0 7912.0 356.0 116.0 public

512.0 8068.0 492.0 112.0 thought,
1100.0 8068.0 456.0 88.0 because
1656.0 8064.0 80.0 88.0 it
1832.0 8056.0 388.0 92.0 tended
2316.0 8056.0 112.0 88.0 to
2524.0 8056.0 148.0 88.0 tie

512.0 8228.0 152.0 96.0 up
716.0 8212.0 136.0 92.0 all
908.0 8208.0 288.0 108.0 large
1252.0 8200.0 492.0 112.0 building
1796.0 8196.0 464.0 116.0 projects
2320.0 8192.0 108.0 92.0 in
2484.0 8192.0 188.0 92.0 the

508.0 8344.0 312.0 120.0 city."
936.0 8344.0 164.0 88.0 He
1188.0 8336.0 564.0 116.0 explained
1844.0 8332.0 244.0 96.0 that
2172.0 8328.0 500.0 96.0 material

512.0 8488.0 288.0 100.0 from
884.0 8484.0 180.0 88.0 the
1152.0 8476.0 332.0 112.0 shops
1572.0 8496.0 224.0 68.0 was
1888.0 8472.0 260.0 92.0 used
2232.0 8472.0 108.0 92.0 in
2428.0 8492.0 200.0 68.0 con-

512.0 8620.0 524.0 100.0 struction
1096.0 8620.0 300.0 88.0 work
1460.0 8616.0 212.0 92.0 and
1728.0 8612.0 244.0 96.0 that
2032.0 8632.0 236.0 72.0 men
2324.0 8608.0 308.0 92.0 work-

512.0 8760.0 188.0 116.0 ing
776.0 8776.0 132.0 72.0 on
992.0 8752.0 180.0 96.0 the
1252.0 8756.0 420.0 92.0 outside
1752.0 8752.0 216.0 92.0 had
2048.0 8748.0 428.0 96.0 refused
2560.0 8752.0 112.0 92.0 to

508.0 8892.0 388.0 96.0 handle
936.0 8892.0 508.0 116.0 products
1488.0 8896.0 280.0 88.0 from
1800.0 8888.0 872.0 96.0 strike-affected

508.0 9036.0 392.0 120.0 plants.

636.0 9172.0 220.0 96.0 The
944.0 9176.0 320.0 92.0 union
1356.0 9172.0 364.0 96.0 leader
1804.0 9172.0 236.0 96.0 said
2132.0 9192.0 236.0 68.0 men
2460.0 9192.0 172.0 72.0 em-

508.0 9312.0 380.0 116.0 ployed
984.0 9316.0 100.0 88.0 in
1176.0 9320.0 180.0 88.0 the
1452.0 9316.0 232.0 88.0 iron
1776.0 9308.0 656.0 116.0 fabricating
2524.0 9312.0 108.0 92.0 in-

512.0 9452.0 376.0 116.0 dustry
956.0 9456.0 100.0 88.0 in
1120.0 9452.0 612.0 96.0 Cincinnati
1796.0 9448.0 140.0 96.0 all
2000.0 9472.0 268.0 72.0 were
2328.0 9448.0 300.0 96.0 work-

504.0 9592.0 196.0 112.0 ing
796.0 9592.0 332.0 92.0 under
1220.0 9588.0 680.0 116.0 closed-shop
1996.0 9596.0 680.0 104.0 agreements

512.0 9740.0 376.0 108.0 except
944.0 9740.0 108.0 88.0 at
1108.0 9756.0 200.0 68.0 one
1368.0 9732.0 288.0 92.0 firm.
1744.0 9732.0 164.0 92.0 He
1968.0 9732.0 228.0 92.0 said
2252.0 9732.0 420.0 88.0 outside

512.0 9892.0 276.0 84.0 men,
852.0 9872.0 104.0 88.0 in
1016.0 9892.0 136.0 68.0 an
1212.0 9868.0 344.0 96.0 effort
1616.0 9880.0 108.0 88.0 to
1788.0 9872.0 292.0 88.0 force
2140.0 9872.0 492.0 92.0 unioniza-

516.0 10008.0 256.0 108.0 tion,
876.0 10012.0 340.0 92.0 would
1324.0 10008.0 360.0 92.0 refuse
1788.0 10016.0 112.0 84.0 to
2004.0 10008.0 380.0 96.0 handle
2492.0 10012.0 180.0 92.0 the

516.0 10148.0 508.0 120.0 products
1088.0 10156.0 112.0 88.0 of
1268.0 10148.0 184.0 92.0 the
1524.0 10172.0 556.0 88.0 company.

640.0 10284.0 244.0 96.0 "We
956.0 10288.0 364.0 92.0 intend
1392.0 10288.0 116.0 92.0 to
1572.0 10292.0 368.0 88.0 center
2008.0 10312.0 188.0 72.0 our
2260.0 10288.0 204.0 92.0 fire
2536.0 10312.0 136.0 68.0 on

520.0 10420.0 184.0 92.0 the
836.0 10424.0 532.0 96.0 Southern
1512.0 10424.0 272.0 92.0 Ohio
1916.0 10428.0 248.0 92.0 Iron
2296.0 10428.0 396.0 92.0 Works

520.0 10560.0 640.0 116.0 Company,"
1220.0 10564.0 544.0 116.0 Dempsey
1816.0 10564.0 264.0 92.0 said.
2172.0 10564.0 244.0 92.0 "We
2476.0 10564.0 216.0 92.0 will

520.0 10696.0 384.0 92.0 double
980.0 10720.0 192.0 76.0 our
1248.0 10700.0 364.0 92.0 forces
1680.0 10700.0 212.0 96.0 and
1972.0 10700.0 292.0 96.0 work
2340.0 10704.0 116.0 92.0 to
2532.0 10724.0 120.0 72.0 or-

516.0 10836.0 380.0 112.0 ganize
964.0 10836.0 180.0 92.0 the
1208.0 10836.0 400.0 116.0 plant."

684.0 11136.0 708.0 128.0 COMPANY
1452.0 11140.0 176.0 124.0 TO
1692.0 11140.0 840.0 124.0 NEGOTIATE

516.0 11460.0 168.0 100.0 On
792.0 11464.0 444.0 124.0 Wages,
1348.0 11464.0 412.0 112.0 Hours,
1876.0 11460.0 664.0 104.0 Conditions-

808.0 11668.0 528.0 104.0 Contract
1428.0 11668.0 360.0 128.0 Being
1872.0 11668.0 512.0 100.0 Drafted.

648.0 11880.0 220.0 96.0 The
948.0 11884.0 296.0 96.0 Joint
1328.0 11880.0 768.0 112.0 Organization
2180.0 11884.0 468.0 92.0 Commit-

524.0 12012.0 172.0 100.0 tee
772.0 12024.0 112.0 92.0 of
960.0 12020.0 176.0 92.0 the
1216.0 12016.0 508.0 112.0 Printing
1796.0 12016.0 404.0 100.0 Trades
2272.0 12016.0 416.0 96.0 Unions

652.0 12440.0 696.0 128.0 CHARLIE
1480.0 12440.0 1076.0 124.0 MacCAKTIIY'S

1020.0 12616.0 24.0 68.0 (
1072.0 12608.0 444.0 76.0 RADIO'S
1580.0 12608.0 600.0 80.0 FAVORITE)

768.0 12760.0 352.0 92.0 English
1240.0 12764.0 320.0 76.0 Couftln
1672.0 12768.0 248.0 88.0 Jerry
2044.0 12768.0 400.0 88.0 MrGtnty

1268.0 12924.0 444.0 80.0 CGMINO
1800.0 12924.0 152.0 76.0 TO

716.0 13088.0 972.0 176.0 LOOKOUT
1824.0 13092.0 668.0 176.0 HOUSE

820.0 13320.0 560.0 80.0 STARTING
1480.0 13320.0 428.0 80.0 FRIDAY
2008.0 13316.0 376.0 84.0 NIGHT.

656.0 13824.0 1328.0 512.0 BBSS

836.0 14288.0 356.0 80.0 MOTIL

624.0 14436.0 376.0 76.0 BIMIMC
1056.0 14432.0 336.0 80.0 BOOM
1428.0 14368.0 44.0 144.0 I
1596.0 14480.0 12.0 32.0 ,

1980.0 14344.0 472.0 96.0 WORLD

1920.0 14492.0 292.0 96.0 WON
2252.0 14492.0 272.0 96.0 DIR.

648.0 14728.0 396.0 92.0 corrii
1092.0 14728.0 292.0 92.0 shop

2400.0 14764.0 48.0 68.0 I.
2464.0 14768.0 128.0 64.0 ML

984.0 23152.0 1072.0 192.0 UUBtEIIVS

912.0 23688.0 1148.0 384.0 MILSHIRE

1144.0 24088.0 724.0 248.0 SLOE

1256.0 24360.0 484.0 244.0 GIN

944.0 16240.0 976.0 944.0 Iff
3216.0 16400.0 976.0 640.0 3Q

928.0 16928.0 1040.0 960.0 II
2784.0 17184.0 1936.0 720.0 TOOL

736.0 21984.0 32.0 32.0 .
1136.0 21648.0 392.0 520.0 (0
1840.0 21752.0 40.0 384.0 j

1816.0 24564.0 184.0 60.0 ..o
2096.0 24512.0 176.0 112.0 Jk
2340.0 24512.0 56.0 112.0 I

704.0 26804.0 160.0 104.0 60
960.0 26800.0 488.0 124.0 PROOF
1688.0 26808.0 152.0 116.0 C.
1920.0 26808.0 104.0 108.0 F.
2108.0 26804.0 680.0 116.0 HEUILEIN
2884.0 26804.0 84.0 108.0 ft
3064.0 26800.0 400.0 132.0 MO.,
3548.0 26796.0 828.0 136.0 HARTFORD,
4460.0 26800.0 432.0 116.0 CONN.

624.0 26968.0 48.0 296.0 i
1632.0 26976.0 2288.0 288.0 tmibmm
4936.0 26984.0 56.0 280.0 1

824.0 27488.0 348.0 128.0 Cntle
1232.0 27492.0 256.0 128.0 381
1560.0 27500.0 100.0 120.0 B
1728.0 27500.0 404.0 124.0 Fifilis
2196.0 27496.0 444.0 136.0 $1.11.

2784.0 1296.0 624.0 96.0 announced
3568.0 1288.0 588.0 124.0 yesterday
4356.0 1280.0 252.0 100.0 that
4764.0 1280.0 176.0 92.0 the

2784.0 1428.0 388.0 104.0 United
3264.0 1432.0 364.0 100.0 States
3720.0 1428.0 460.0 116.0 Playing
4264.0 1420.0 280.0 100.0 Card
4640.0 1412.0 260.0 96.0 Com-

2788.0 1588.0 304.0 96.0 pany,
3224.0 1568.0 568.0 108.0 Norwood,
3940.0 1564.0 212.0 92.0 had
4292.0 1552.0 400.0 116.0 agreed
4836.0 1548.0 108.0 92.0 to

2788.0 1708.0 532.0 112.0 negotiate
3448.0 1732.0 140.0 72.0 on
3716.0 1724.0 396.0 92.0 wages,
4236.0 1696.0 360.0 108.0 hours,
4736.0 1684.0 204.0 96.0 and

2788.0 1844.0 480.0 116.0 working
3340.0 1840.0 648.0 100.0 conditions.

2900.0 1980.0 276.0 100.0 Jack
3244.0 1976.0 372.0 116.0 Hurst,
3688.0 1972.0 564.0 104.0 President
4324.0 1964.0 112.0 100.0 of
4500.0 1956.0 440.0 104.0 Central

2784.0 2116.0 352.0 100.0 Labor
3192.0 2120.0 440.0 96.0 Council
3700.0 2116.0 220.0 96.0 and
3996.0 2100.0 512.0 124.0 Regional
4584.0 2100.0 316.0 96.0 Direc-

2788.0 2264.0 168.0 88.0 tor
3020.0 2252.0 168.0 96.0 for
3240.0 2256.0 184.0 92.0 the
3484.0 2256.0 580.0 92.0 American
4132.0 2240.0 636.0 104.0 Federation
4836.0 2232.0 108.0 96.0 of

2788.0 2388.0 376.0 112.0 Labor,
3252.0 2392.0 212.0 92.0 and
3560.0 2388.0 540.0 100.0 members
4188.0 2384.0 112.0 92.0 of
4384.0 2380.0 188.0 88.0 the
4668.0 2392.0 236.0 76.0 com-

2788.0 2528.0 392.0 108.0 mittee,
3316.0 2528.0 412.0 96.0 Walter
3860.0 2524.0 540.0 104.0 Grannen,
4540.0 2508.0 404.0 112.0 Joseph

2792.0 2660.0 296.0 112.0 Case,
3156.0 2660.0 152.0 100.0 Ed
3384.0 2664.0 312.0 112.0 Stier,
3764.0 2660.0 220.0 96.0 and
4052.0 2656.0 396.0 100.0 Robert
4524.0 2644.0 420.0 116.0 Rissell,

2796.0 2800.0 348.0 100.0 issued
3224.0 2820.0 64.0 76.0 a
3364.0 2800.0 628.0 112.0 statement,
4076.0 2800.0 104.0 92.0 in
4260.0 2788.0 356.0 96.0 which
4700.0 2780.0 244.0 116.0 they

2792.0 2944.0 228.0 88.0 said
3104.0 2940.0 756.0 116.0 "possibilities
3948.0 2936.0 120.0 96.0 of
4152.0 2932.0 176.0 96.0 the
4416.0 2940.0 532.0 96.0 company

2792.0 3076.0 552.0 112.0 becoming
3532.0 3076.0 608.0 112.0 employers
4316.0 3064.0 112.0 96.0 of
4624.0 3056.0 320.0 100.0 union

2792.0 3216.0 608.0 96.0 tradesmen
3456.0 3232.0 240.0 72.0 now
3752.0 3216.0 92.0 92.0 is
3900.0 3228.0 260.0 96.0 vory
4212.0 3200.0 460.0 104.0 evident.
4728.0 3196.0 216.0 92.0 The

2792.0 3348.0 296.0 112.0 plant
3156.0 3352.0 196.0 92.0 has
3420.0 3356.0 188.0 92.0 not
3676.0 3344.0 272.0 96.0 been
4016.0 3336.0 568.0 124.0 organized
4660.0 3332.0 284.0 100.0 since

2796.0 3484.0 312.0 96.0 1920."

2912.0 3624.0 508.0 96.0 Workers
3524.0 3628.0 108.0 92.0 in
3736.0 3624.0 184.0 92.0 the
4024.0 3620.0 292.0 116.0 plant
4416.0 3612.0 252.0 92.0 who
4772.0 3624.0 176.0 72.0 arc

2796.0 3764.0 184.0 92.0 not
3076.0 3760.0 484.0 116.0 engaged
3728.0 3760.0 108.0 92.0 in
4008.0 3760.0 472.0 108.0 printing
4588.0 3740.0 368.0 100.0 trades

2792.0 3896.0 300.0 92.0 work
3184.0 3920.0 280.0 72.0 were
3556.0 3896.0 460.0 116.0 granted
4112.0 3912.0 68.0 72.0 a
4264.0 3888.0 444.0 92.0 charter
4804.0 3900.0 108.0 76.0 re-

2792.0 4040.0 348.0 108.0 cently
3196.0 4036.0 132.0 116.0 by
3384.0 4036.0 188.0 92.0 the
3624.0 4032.0 640.0 100.0 Committee
4320.0 4024.0 212.0 92.0 For
4584.0 4016.0 328.0 104.0 Indus-

2796.0 4176.0 244.0 88.0 trial
3112.0 4168.0 808.0 116.0 Organization.
3996.0 4164.0 260.0 96.0 Paul
4328.0 4160.0 160.0 96.0 W.
4568.0 4156.0 384.0 104.0 Fuller,

2796.0 4308.0 516.0 116.0 Regional
3384.0 4304.0 508.0 100.0 Director
3964.0 4308.0 172.0 92.0 for
4196.0 4304.0 176.0 96.0 the
4440.0 4292.0 472.0 100.0 Commit-

2796.0 4452.0 196.0 100.0 tee,
3056.0 4444.0 224.0 96.0 said
3348.0 4448.0 172.0 92.0 his
3584.0 4444.0 332.0 96.0 union
3988.0 4440.0 208.0 92.0 had
4264.0 4436.0 180.0 96.0 not
4512.0 4428.0 436.0 96.0 entered

2796.0 4580.0 220.0 96.0 Into
3072.0 4580.0 720.0 108.0 negotiations
3848.0 4576.0 256.0 96.0 with
4160.0 4576.0 172.0 92.0 the
4392.0 4584.0 560.0 96.0 company,

2796.0 4716.0 184.0 96.0 but
3068.0 4744.0 220.0 64.0 was
3376.0 4716.0 496.0 116.0 drafting
3952.0 4740.0 68.0 68.0 a
4104.0 4708.0 524.0 120.0 proposed
2796.0 4728.0 2112.0 220.0 contract

3096.0 5152.0 588.0 124.0 SURVEY
3756.0 5152.0 140.0 124.0 IS
3976.0 5144.0 676.0 128.0 ORDERED

2788.0 5484.0 164.0 96.0 On
3056.0 5480.0 232.0 120.0 Pay
3404.0 5476.0 140.0 100.0 Of
3648.0 5476.0 440.0 100.0 Skilled
4192.0 5468.0 612.0 104.0 Workmen

2836.0 5684.0 456.0 116.0 Affects
3356.0 5680.0 780.0 104.0 Waterworks
4200.0 5672.0 692.0 128.0 Employees.

2892.0 5888.0 280.0 100.0 John
3224.0 5892.0 116.0 96.0 A.
3392.0 5884.0 360.0 116.0 Lentz,
3808.0 5884.0 576.0 100.0 Personnel
4436.0 5880.0 524.0 108.0 Director,

2796.0 6060.0 568.0 120.0 yesterday
3464.0 6084.0 220.0 72.0 was
3780.0 6052.0 560.0 124.0 requested
4436.0 6052.0 116.0 88.0 to
4652.0 6044.0 308.0 96.0 make

2792.0 6256.0 136.0 68.0 an
3028.0 6228.0 768.0 116.0 investigation
3896.0 6228.0 120.0 92.0 of
4108.0 6248.0 200.0 92.0 pay
4400.0 6224.0 304.0 88.0 rates
4800.0 6212.0 164.0 92.0 for

2796.0 6372.0 588.0 108.0 engineers,
3456.0 6368.0 492.0 100.0 firemen,
4016.0 6360.0 684.0 92.0 boiler-room
4764.0 6376.0 160.0 72.0 em-

2804.0 6512.0 444.0 112.0 ployees,
3360.0 6504.0 212.0 96.0 and
3688.0 6500.0 316.0 100.0 other
4112.0 6492.0 380.0 92.0 skilled
4608.0 6488.0 356.0 96.0 trades

2796.0 6648.0 112.0 92.0 In
2972.0 6644.0 412.0 120.0 private
3452.0 6640.0 532.0 112.0 industry.
4108.0 6628.0 212.0 96.0 The
4392.0 6628.0 532.0 108.0 Investiga-

2800.0 6784.0 224.0 92.0 tion
3108.0 6784.0 84.0 92.0 is
3276.0 6804.0 68.0 68.0 a
3432.0 6784.0 236.0 104.0 step
3756.0 6768.0 412.0 96.0 toward
4252.0 6764.0 452.0 108.0 settling
4788.0 6764.0 176.0 88.0 the

2796.0 6920.0 484.0 112.0 question
3412.0 6912.0 120.0 92.0 of
3656.0 6904.0 728.0 96.0 Waterworks
4520.0 6900.0 404.0 112.0 Depart-

2796.0 7056.0 296.0 92.0 ment
3144.0 7072.0 364.0 84.0 wages
3560.0 7048.0 172.0 92.0 for
3788.0 7044.0 176.0 92.0 175
4020.0 7052.0 108.0 88.0 to
4176.0 7040.0 168.0 96.0 200
4400.0 7056.0 284.0 72.0 men.

2916.0 7188.0 280.0 96.0 John
3280.0 7184.0 128.0 96.0 D.
3496.0 7180.0 296.0 100.0 Ellis,
3880.0 7176.0 384.0 112.0 Acting
4344.0 7168.0 248.0 120.0 City
4680.0 7172.0 244.0 92.0 Man-

2796.0 7348.0 284.0 84.0 ager,
3152.0 7316.0 452.0 92.0 ordered
3680.0 7316.0 188.0 92.0 the
3944.0 7312.0 764.0 108.0 Investigation
4784.0 7308.0 136.0 92.0 fol-

2800.0 7456.0 384.0 108.0 lowing
3320.0 7480.0 68.0 68.0 a
3528.0 7452.0 644.0 92.0 conference
4308.0 7448.0 268.0 92.0 with
4720.0 7444.0 244.0 92.0 Otto

2800.0 7588.0 556.0 96.0 Zoccklein
3456.0 7588.0 212.0 96.0 and
3768.0 7584.0 112.0 96.0 L
3980.0 7584.0 92.0 96.0 J.
4164.0 7584.0 380.0 104.0 Nolan,
4644.0 7580.0 316.0 96.0 union

2796.0 7724.0 488.0 100.0 business
3352.0 7728.0 424.0 108.0 agents.
3912.0 7720.0 216.0 96.0 The
4204.0 7716.0 756.0 116.0 investigation

2796.0 7864.0 92.0 92.0 is
2964.0 7864.0 108.0 88.0 to
3144.0 7860.0 124.0 92.0 be
3348.0 7860.0 612.0 112.0 completed
4032.0 7856.0 368.0 92.0 within
4480.0 7852.0 128.0 100.0 30
4676.0 7852.0 280.0 116.0 days.

2916.0 7996.0 216.0 96.0 The
3196.0 7996.0 332.0 92.0 union
3588.0 7996.0 424.0 92.0 leaders
4072.0 7996.0 264.0 92.0 have
4396.0 7992.0 560.0 116.0 requested

2796.0 8132.0 380.0 112.0 higher
3252.0 8132.0 412.0 96.0 annual
3744.0 8132.0 452.0 96.0 salaries
4268.0 8132.0 176.0 92.0 for
4528.0 8152.0 244.0 72.0 men
4852.0 8128.0 108.0 96.0 of

2796.0 8268.0 376.0 100.0 skilled
3272.0 8268.0 372.0 100.0 trades
3744.0 8264.0 112.0 96.0 in
3956.0 8268.0 180.0 96.0 the
4232.0 8264.0 724.0 96.0 Waterworks

2784.0 8408.0 748.0 112.0 Department.
3584.0 8400.0 304.0 120.0 They
3932.0 8428.0 384.0 92.0 oppose
4368.0 8408.0 192.0 92.0 the
4612.0 8404.0 344.0 116.0 salary

2788.0 8548.0 420.0 108.0 step-up
3316.0 8544.0 512.0 92.0 schedule
3936.0 8544.0 244.0 112.0 plan
4284.0 8564.0 240.0 72.0 now
4624.0 8544.0 104.0 88.0 in
4812.0 8540.0 108.0 92.0 ef-

2796.0 8680.0 220.0 96.0 fect
3084.0 8680.0 444.0 92.0 became
3592.0 8676.0 124.0 96.0 of
3784.0 8680.0 556.0 112.0 injustices
4412.0 8676.0 88.0 92.0 it
4576.0 8676.0 92.0 92.0 is
4736.0 8676.0 216.0 92.0 said

2792.0 8820.0 112.0 92.0 to
2976.0 8816.0 292.0 96.0 work
3344.0 8840.0 292.0 88.0 upon
3704.0 8836.0 252.0 76.0 men
4028.0 8816.0 316.0 116.0 doing
4408.0 8816.0 192.0 92.0 the
4672.0 8836.0 284.0 72.0 same

2796.0 8956.0 248.0 108.0 type
3108.0 8956.0 116.0 96.0 of
3296.0 8952.0 328.0 96.0 work.

2916.0 9084.0 684.0 116.0 Yesterday's
3724.0 9088.0 636.0 92.0 conference
4488.0 9084.0 216.0 96.0 and
4824.0 9084.0 132.0 92.0 Its

2796.0 9232.0 488.0 84.0 outcome
3352.0 9224.0 352.0 92.0 clears
3776.0 9248.0 144.0 92.0 up
3988.0 9228.0 168.0 88.0 for
4216.0 9224.0 180.0 92.0 the
4468.0 9228.0 260.0 88.0 time
4796.0 9220.0 120.0 92.0 be-

2796.0 9364.0 176.0 116.0 ing
3064.0 9388.0 64.0 68.0 a
3224.0 9364.0 364.0 112.0 salary
3684.0 9364.0 520.0 92.0 situation
4300.0 9360.0 356.0 92.0 which
4752.0 9356.0 200.0 96.0 had

2796.0 9500.0 312.0 112.0 given
3188.0 9500.0 212.0 92.0 rise
3476.0 9504.0 112.0 88.0 to
3668.0 9496.0 340.0 96.0 strike
4088.0 9520.0 444.0 72.0 rumors,

3100.0 9836.0 108.0 120.0 C.
3292.0 9832.0 96.0 124.0 I.
3472.0 9836.0 112.0 120.0 0.
3668.0 9836.0 416.0 120.0 SIGNS
4160.0 9832.0 492.0 124.0 TERMS
4820.0 9944.0 40.0 32.0 .

2792.0 10160.0 316.0 100.0 With
3216.0 10156.0 140.0 100.0 17
3456.0 10160.0 368.0 100.0 Firms
3924.0 10156.0 136.0 100.0 In
4152.0 10152.0 296.0 104.0 First
4560.0 10148.0 392.0 104.0 Month

3152.0 10364.0 136.0 96.0 In
3384.0 10360.0 656.0 100.0 Cincinnati
4124.0 10360.0 468.0 124.0 Region.

2916.0 10576.0 264.0 96.0 Paul
3236.0 10576.0 156.0 92.0 W.
3452.0 10572.0 392.0 112.0 Fuller,
3896.0 10572.0 516.0 108.0 Regional
4468.0 10568.0 492.0 96.0 Director

2804.0 10720.0 168.0 92.0 for
3040.0 10720.0 180.0 88.0 the
3292.0 10712.0 652.0 96.0 Committee
4076.0 10712.0 164.0 92.0 for
4368.0 10700.0 588.0 96.0 Industrial

2800.0 10852.0 796.0 108.0 Organization,
3728.0 10848.0 236.0 92.0 said
4088.0 10840.0 576.0 120.0 yesterday
4784.0 10840.0 176.0 92.0 ihe

2788.0 10984.0 328.0 92.0 union
3188.0 10980.0 220.0 96.0 had
3484.0 10980.0 384.0 112.0 signed
3948.0 10980.0 680.0 108.0 agreements
4704.0 10972.0 252.0 92.0 with

2800.0 11124.0 116.0 92.0 17
2988.0 11128.0 312.0 92.0 firms
3384.0 11128.0 104.0 88.0 in
3568.0 11124.0 228.0 92.0 this
3880.0 11140.0 252.0 72.0 area
4208.0 11116.0 104.0 92.0 In
4392.0 11112.0 320.0 104.0 June,
4780.0 11108.0 176.0 92.0 the

2800.0 11264.0 244.0 92.0 first
3128.0 11260.0 376.0 96.0 month
3592.0 11280.0 112.0 72.0 in
3784.0 11256.0 348.0 92.0 which
4216.0 11256.0 176.0 92.0 the
4484.0 11244.0 468.0 112.0 regional

2804.0 11400.0 324.0 92.0 office
3240.0 11400.0 216.0 88.0 had
3564.0 11392.0 276.0 96.0 been
3952.0 11412.0 264.0 92.0 open
4324.0 11388.0 112.0 96.0 in
4548.0 11380.0 364.0 100.0 Cincin-

2804.0 11536.0 248.0 92.0 nati.
2924.0 11668.0 444.0 96.0 Fuller's
3456.0 11668.0 516.0 112.0 territory
4060.0 11660.0 476.0 96.0 includes
4628.0 11660.0 136.0 92.0 all
4844.0 11684.0 116.0 64.0 or

2804.0 11816.0 240.0 104.0 part
3116.0 11808.0 112.0 88.0 of
3300.0 11808.0 164.0 92.0 six
3536.0 11812.0 376.0 88.0 states,
3988.0 11804.0 172.0 88.0 but
4244.0 11808.0 288.0 84.0 most
4604.0 11800.0 112.0 88.0 of
4784.0 11800.0 172.0 88.0 the

2800.0 11940.0 544.0 92.0 contracts
3372.0 11960.0 276.0 68.0 were
3692.0 11936.0 316.0 92.0 made
4044.0 11932.0 248.0 92.0 with
4340.0 11928.0 616.0 112.0 companies

2804.0 12084.0 228.0 92.0 east
3140.0 12084.0 112.0 88.0 of
3360.0 12076.0 652.0 104.0 Cincinnati,
4120.0 12072.0 628.0 112.0 principally
4860.0 12068.0 96.0 92.0 in

2796.0 12220.0 272.0 92.0 Ohio
3124.0 12220.0 212.0 96.0 and
3404.0 12216.0 292.0 92.0 West
3756.0 12216.0 508.0 108.0 Virginia.
4320.0 12208.0 640.0 112.0 Employees

2800.0 12360.0 112.0 88.0 of
2972.0 12360.0 312.0 92.0 firms
3348.0 12356.0 104.0 92.0 in
3508.0 12348.0 616.0 96.0 Cincinnati
4180.0 12348.0 208.0 92.0 and
4456.0 12344.0 500.0 112.0 Newport

2800.0 12516.0 272.0 68.0 were
3136.0 12492.0 484.0 92.0 affected
3688.0 12488.0 140.0 112.0 by
3892.0 12488.0 176.0 88.0 the
4132.0 12492.0 708.0 100.0 agreements,

2920.0 12628.0 216.0 96.0 The
3260.0 12624.0 656.0 96.0 Committee
4040.0 12616.0 208.0 100.0 For
4368.0 12616.0 592.0 96.0 Industrial

2800.0 12760.0 764.0 116.0 Organization
3736.0 12760.0 496.0 96.0 Director
4388.0 12752.0 568.0 96.0 estimated

2808.0 12900.0 240.0 96.0 that
3148.0 12896.0 336.0 108.0 23,000
3596.0 12916.0 452.0 100.0 persons
4160.0 12896.0 104.0 88.0 in
4376.0 12892.0 228.0 96.0 this
4712.0 12912.0 252.0 72.0 area

2796.0 13060.0 276.0 72.0 were
3144.0 13036.0 500.0 120.0 working
3780.0 13032.0 340.0 96.0 under
4248.0 13028.0 712.0 116.0 agreements.

2796.0 13176.0 168.0 92.0 He
3028.0 13176.0 376.0 112.0 placed
3472.0 13172.0 276.0 100.0 total
3816.0 13168.0 732.0 112.0 membership
4616.0 13168.0 104.0 92.0 in
4780.0 13164.0 180.0 100.0 the

2804.0 13312.0 364.0 112.0 region
3344.0 13312.0 116.0 92.0 at
3624.0 13308.0 364.0 116.0 65,000,
4152.0 13304.0 536.0 92.0 exclusive
4852.0 13300.0 112.0 96.0 of

2800.0 13452.0 424.0 104.0 miners,
3284.0 13444.0 496.0 116.0 clothing
3832.0 13440.0 500.0 112.0 workers,
4392.0 13440.0 224.0 96.0 and
4676.0 13436.0 252.0 104.0 auto-

2800.0 13584.0 380.0 96.0 mobile
3260.0 13584.0 512.0 96.0 workers.

2976.0 13880.0 352.0 128.0 TOOL
3400.0 13880.0 620.0 124.0 MAKERS
4084.0 13876.0 356.0 128.0 LAID
4520.0 13876.0 260.0 128.0 OFF

2792.0 14180.0 212.0 96.0 For
3064.0 14176.0 380.0 100.0 Union
3508.0 14172.0 568.0 128.0 Activity,
4136.0 14168.0 104.0 100.0 C.
4308.0 14172.0 96.0 96.0 I.
4476.0 14168.0 116.0 100.0 O.
4664.0 14168.0 248.0 100.0 Com-

2960.0 14376.0 376.0 128.0 plains
3412.0 14380.0 148.0 100.0 To
3636.0 14372.0 552.0 120.0 Regional
4264.0 14372.0 504.0 100.0 Official.

2908.0 14592.0 356.0 120.0 Philip
3360.0 14588.0 124.0 92.0 G.
3584.0 14588.0 484.0 112.0 Phillips,
4160.0 14580.0 532.0 112.0 Regional
4788.0 14576.0 128.0 100.0 Di-

2796.0 14736.0 348.0 92.0 rector
3204.0 14732.0 176.0 92.0 for
3432.0 14728.0 184.0 96.0 the
3676.0 14724.0 508.0 96.0 National
4244.0 14720.0 360.0 96.0 Labor
4660.0 14720.0 260.0 96.0 Rela-

2788.0 14872.0 284.0 88.0 tions
3164.0 14868.0 396.0 100.0 Board,
3652.0 14864.0 572.0 116.0 yesterday
4316.0 14856.0 484.0 96.0 received
4892.0 14880.0 68.0 68.0 a

3040.0 19984.0 456.0 200.0 How
3616.0 20076.0 284.0 108.0 can
4008.0 20080.0 292.0 156.0 you
4428.0 20028.0 256.0 156.0 tell

2692.0 20340.0 348.0 156.0 how
3172.0 20336.0 428.0 220.0 good
3752.0 20396.0 84.0 100.0 a
3972.0 20344.0 308.0 156.0 sloe
4424.0 20348.0 264.0 208.0 gin

2688.0 20648.0 260.0 160.0 fizz
3044.0 20708.0 184.0 104.0 or
3328.0 20652.0 516.0 216.0 rickey
3940.0 20708.0 268.0 108.0 can
4324.0 20700.0 364.0 116.0 taste

2692.0 20968.0 440.0 156.0 until
3260.0 21024.0 332.0 156.0 you
3724.0 20972.0 400.0 160.0 have
4244.0 20972.0 444.0 160.0 tried

2700.0 21280.0 400.0 160.0 these
3184.0 21280.0 536.0 164.0 drinks
3808.0 21280.0 428.0 168.0 made
4316.0 21292.0 372.0 156.0 with

2692.0 21604.0 1012.0 152.0 MILSHIRE
3824.0 21604.0 328.0 160.0 Sloe
4280.0 21608.0 416.0 156.0 Gin?

2700.0 22020.0 40.0 44.0 .
2812.0 22024.0 40.0 44.0 .
2924.0 22024.0 36.0 44.0 .
3036.0 21908.0 816.0 168.0 Shouldn't
3940.0 21972.0 300.0 156.0 you
4328.0 21928.0 364.0 208.0 "get

2696.0 22228.0 468.0 156.0 wise"
3224.0 22228.0 408.0 216.0 right
3716.0 22284.0 408.0 160.0 away
4192.0 22280.0 172.0 112.0 to
4444.0 22236.0 252.0 160.0 the

2692.0 22584.0 412.0 112.0 extra
3152.0 22632.0 52.0 36.0 -
3260.0 22536.0 804.0 224.0 delightful
4216.0 22544.0 480.0 168.0 flavor

2692.0 22852.0 196.0 164.0 of
2992.0 22856.0 340.0 164.0 this
3460.0 22856.0 332.0 168.0 fine
3916.0 22864.0 348.0 160.0 sloe
4400.0 22876.0 288.0 204.0 gin

2696.0 23168.0 500.0 164.0 which
3312.0 23172.0 752.0 164.0 Heublein
4172.0 23176.0 520.0 164.0 makes

2696.0 23484.0 396.0 160.0 from
3228.0 23496.0 564.0 208.0 prime,
3904.0 23492.0 780.0 216.0 imported

2696.0 23804.0 308.0 156.0 sloe
3096.0 23800.0 600.0 160.0 berries.
3824.0 23808.0 360.0 156.0 This
4272.0 23816.0 352.0 208.0 qual-

2696.0 24120.0 216.0 208.0 ity
3048.0 24112.0 692.0 220.0 product
3888.0 24124.0 260.0 152.0 has
4296.0 24120.0 388.0 160.0 been

2700.0 24424.0 776.0 224.0 produced
3604.0 24432.0 196.0 212.0 by
3912.0 24436.0 240.0 156.0 the
4284.0 24488.0 404.0 108.0 same

2696.0 24740.0 512.0 216.0 family
3320.0 24744.0 244.0 160.0 for
3672.0 24760.0 1012.0 200.0 generations.

3100.0 27488.0 352.0 128.0 Co.1e
3512.0 27488.0 260.0 128.0 381
3844.0 27488.0 92.0 124.0 C
4008.0 27492.0 288.0 124.0 Pint
4436.0 27492.0 80.0 116.0 9
4556.0 27492.0 164.0 128.0 1-.

5040.0 1272.0 596.0 120.0 complaint
5708.0 1272.0 240.0 96.0 that
6028.0 1272.0 192.0 96.0 tha
6296.0 1256.0 576.0 100.0 American
6952.0 1260.0 248.0 100.0 Tool

5040.0 1416.0 404.0 92.0 Works
5520.0 1408.0 580.0 116.0 Company,
6176.0 1404.0 308.0 104.0 Pearl
6560.0 1400.0 360.0 92.0 Street
6996.0 1388.0 204.0 104.0 and

5044.0 1552.0 596.0 112.0 Egglcston
5704.0 1548.0 472.0 104.0 Avenue,
6244.0 1536.0 208.0 100.0 had
6524.0 1532.0 216.0 100.0 laid
6808.0 1532.0 168.0 96.0 oft
7040.0 1528.0 168.0 100.0 220

5044.0 1712.0 252.0 80.0 men
5372.0 1692.0 176.0 92.0 for
5612.0 1688.0 312.0 96.0 union
6004.0 1676.0 472.0 120.0 activity.

5164.0 1824.0 232.0 96.0 The
5484.0 1820.0 584.0 112.0 complaint
6160.0 1836.0 212.0 72.0 was
6464.0 1812.0 260.0 92.0 filed
6816.0 1804.0 136.0 120.0 by
7036.0 1808.0 176.0 96.0 the

5040.0 1956.0 648.0 104.0 Committee
5788.0 1960.0 220.0 92.0 For
6112.0 1944.0 584.0 108.0 Industrial
6808.0 1948.0 360.0 112.0 Organ-

5048.0 2100.0 408.0 96.0 ization
5564.0 2100.0 276.0 92.0 after
5948.0 2116.0 144.0 72.0 an
6208.0 2080.0 760.0 120.0 investigation
7080.0 2084.0 128.0 112.0 by

5048.0 2236.0 288.0 96.0 Fred
5448.0 2232.0 284.0 108.0 Foss,
5832.0 2232.0 528.0 96.0 assistant
6460.0 2232.0 116.0 92.0 to
6680.0 2220.0 272.0 96.0 Paul
7056.0 2224.0 152.0 96.0 W.

5048.0 2376.0 400.0 108.0 Fuller,
5544.0 2368.0 524.0 120.0 Regional
6168.0 2368.0 488.0 96.0 Director
6760.0 2360.0 176.0 92.0 for
7032.0 2360.0 172.0 96.0 the

5040.0 2512.0 644.0 96.0 Committee
5792.0 2512.0 216.0 92.0 For
6116.0 2500.0 584.0 100.0 Industrial
6808.0 2500.0 360.0 108.0 Organ-

5052.0 2652.0 436.0 96.0 ization.
5608.0 2648.0 256.0 96.0 Foss
5928.0 2644.0 236.0 96.0 said
6224.0 2648.0 172.0 92.0 the
6460.0 2660.0 248.0 72.0 men
6780.0 2628.0 212.0 100.0 laid
7052.0 2636.0 164.0 92.0 off

5052.0 2788.0 608.0 116.0 comprised
5724.0 2788.0 176.0 96.0 the
5976.0 2784.0 340.0 96.0 entire
6384.0 2776.0 308.0 108.0 night
6768.0 2772.0 268.0 96.0 shift
7104.0 2780.0 112.0 92.0 at

5048.0 2932.0 188.0 92.0 the
5328.0 2928.0 324.0 120.0 plant.
5784.0 2924.0 556.0 112.0 Company
6420.0 2908.0 484.0 100.0 officials
6984.0 2912.0 224.0 92.0 said

5052.0 3072.0 188.0 92.0 the
5372.0 3060.0 332.0 116.0 layoff
5820.0 3084.0 232.0 68.0 was
6176.0 3060.0 196.0 96.0 due
6496.0 3060.0 112.0 92.0 to
6736.0 3048.0 244.0 96.0 lack
7104.0 3052.0 112.0 96.0 of

5052.0 3204.0 416.0 96.0 orders.

5172.0 3336.0 456.0 116.0 Phillips
5704.0 3336.0 208.0 100.0 will
6000.0 3332.0 456.0 100.0 conduct
6536.0 3352.0 140.0 72.0 an
6764.0 3320.0 448.0 100.0 election

5052.0 3476.0 340.0 120.0 today
5452.0 3496.0 384.0 96.0 among
5896.0 3472.0 604.0 116.0 employees
6560.0 3468.0 116.0 104.0 of
6740.0 3460.0 184.0 96.0 the
6988.0 3464.0 188.0 96.0 Cin-

5052.0 3616.0 424.0 96.0 cinnati
5564.0 3616.0 352.0 96.0 Coffin
6012.0 3616.0 552.0 108.0 Company
6648.0 3608.0 120.0 88.0 to
6852.0 3600.0 360.0 96.0 decide

5052.0 3756.0 304.0 92.0 what
5488.0 3752.0 312.0 100.0 union
5932.0 3752.0 284.0 96.0 shall
6344.0 3744.0 564.0 116.0 represent
7036.0 3740.0 176.0 92.0 the

5048.0 3892.0 492.0 92.0 workers
5652.0 3892.0 96.0 96.0 in
5872.0 3884.0 548.0 100.0 collective
6544.0 3876.0 668.0 116.0 bargaining.

5056.0 4032.0 700.0 92.0 Contestants
5832.0 4028.0 220.0 96.0 will
6132.0 4024.0 116.0 96.0 be
6324.0 4028.0 176.0 92.0 tha
6576.0 4012.0 644.0 100.0 Committee

5048.0 4168.0 220.0 92.0 For
5324.0 4168.0 576.0 92.0 Industrial
5956.0 4156.0 772.0 120.0 Organization
6788.0 4152.0 208.0 96.0 and
7040.0 4156.0 172.0 96.0 the

5048.0 4304.0 620.0 96.0 Cincinnati
5792.0 4304.0 380.0 96.0 Coffin
6296.0 4300.0 556.0 108.0 Company
6984.0 4292.0 192.0 92.0 Em-

5056.0 4448.0 436.0 112.0 ployees
5576.0 4440.0 372.0 100.0 Union.
6100.0 4444.0 244.0 92.0 Two
6428.0 4432.0 496.0 96.0 hundred
7008.0 4428.0 208.0 96.0 and

5060.0 4588.0 268.0 112.0 fifty
5424.0 4604.0 424.0 96.0 persons
5948.0 4608.0 188.0 72.0 are
6232.0 4572.0 416.0 116.0 eligible
6748.0 4572.0 112.0 88.0 to
6952.0 4576.0 264.0 108.0 vote,

5056.0 4720.0 464.0 116.0 Phillips
5580.0 4720.0 248.0 96.0 said.

5512.0 5008.0 1272.0 384.0 SUBSIDIES

5060.0 5724.0 844.0 104.0 CONTINUED
5980.0 5720.0 396.0 104.0 FROM
6448.0 5716.0 388.0 96.0 PAGE
6912.0 5712.0 308.0 100.0 ONE.

5068.0 5964.0 360.0 92.0 under
5548.0 5964.0 168.0 92.0 the
5840.0 5980.0 340.0 76.0 ocean
6304.0 5956.0 252.0 92.0 mail
6684.0 5960.0 548.0 88.0 contracts

5072.0 6100.0 392.0 108.0 which,
5552.0 6096.0 80.0 100.0 if
5708.0 6100.0 260.0 112.0 they
6056.0 6116.0 272.0 72.0 were
6412.0 6096.0 116.0 88.0 to
6616.0 6092.0 420.0 92.0 remain
7128.0 6088.0 104.0 92.0 in

5068.0 6236.0 352.0 92.0 effect
5516.0 6236.0 256.0 92.0 until
5876.0 6232.0 288.0 100.0 their
6256.0 6232.0 604.0 112.0 expiration
6956.0 6232.0 268.0 100.0 date,

5072.0 6372.0 360.0 96.0 would
5532.0 6372.0 408.0 120.0 require
6044.0 6368.0 180.0 92.0 the
6316.0 6368.0 712.0 108.0 government
7124.0 6364.0 112.0 92.0 to

5072.0 6528.0 220.0 96.0 pay
5392.0 6520.0 176.0 88.0 out
5652.0 6532.0 256.0 72.0 over
6008.0 6504.0 616.0 104.0 $52,000,000.
6724.0 6504.0 128.0 92.0 In
6948.0 6504.0 248.0 88.0 add!

5072.0 6644.0 268.0 104.0 tion,
5424.0 6644.0 356.0 100.0 claims
5864.0 6640.0 716.0 112.0 aggregating
6660.0 6660.0 260.0 68.0 over
7000.0 6636.0 240.0 108.0 $21,-

5048.0 6780.0 400.0 108.0 000,000
5496.0 6808.0 260.0 72.0 were
5804.0 6776.0 488.0 100.0 asserted
6340.0 6776.0 216.0 92.0 and
6608.0 6772.0 624.0 96.0 considered

5076.0 6916.0 112.0 92.0 in
5264.0 6916.0 180.0 96.0 the
5512.0 6912.0 700.0 100.0 settlement."

5196.0 7052.0 644.0 116.0 Explaining
5944.0 7052.0 188.0 92.0 the
6232.0 7068.0 516.0 100.0 purposes
6852.0 7044.0 112.0 96.0 of
7056.0 7048.0 176.0 92.0 the

5068.0 7192.0 448.0 116.0 subsidy
5576.0 7188.0 708.0 116.0 agreements,
6356.0 7184.0 528.0 112.0 Kennedy
6956.0 7184.0 268.0 96.0 said:

5184.0 7336.0 284.0 96.0 "The
5564.0 7332.0 568.0 116.0 operating
6224.0 7320.0 676.0 100.0 differential
6992.0 7320.0 196.0 92.0 Bub-

5064.0 7472.0 240.0 116.0 sidy
5372.0 7472.0 88.0 96.0 is
5520.0 7472.0 500.0 96.0 intended
6088.0 7480.0 108.0 84.0 to
6260.0 7468.0 292.0 112.0 place
6620.0 7468.0 184.0 88.0 the
6868.0 7460.0 320.0 92.0 Amer-

5064.0 7608.0 244.0 100.0 ican
5372.0 7620.0 552.0 104.0 operators
5984.0 7636.0 108.0 72.0 m
6148.0 7632.0 60.0 68.0 a
6264.0 7604.0 464.0 108.0 position
6788.0 7600.0 116.0 92.0 of
6956.0 7620.0 232.0 76.0 com-

5060.0 7752.0 448.0 112.0 petitive
5576.0 7744.0 476.0 120.0 equality
6124.0 7744.0 248.0 100.0 with
6448.0 7740.0 292.0 100.0 their
6812.0 7736.0 412.0 116.0 foreign

5056.0 7888.0 728.0 116.0 competitors,
5956.0 7888.0 252.0 88.0 thus
6368.0 7876.0 520.0 108.0 enabling
7048.0 7884.0 180.0 88.0 the

5060.0 8028.0 568.0 88.0 American
5688.0 8024.0 276.0 92.0 lines
6020.0 8028.0 112.0 92.0 to
6184.0 8040.0 568.0 72.0 overcome
6808.0 8016.0 424.0 112.0 foreign

5056.0 8168.0 700.0 104.0 advantages.
5844.0 8160.0 268.0 96.0 This
6172.0 8160.0 84.0 92.0 is
6312.0 8160.0 276.0 92.0 done
6648.0 8152.0 140.0 120.0 by
6840.0 8156.0 392.0 112.0 paying

5060.0 8308.0 116.0 92.0 to
5264.0 8308.0 184.0 92.0 the
5528.0 8300.0 576.0 92.0 American
6184.0 8296.0 504.0 116.0 operator
6772.0 8292.0 112.0 96.0 in
6968.0 8296.0 260.0 92.0 each

5060.0 8464.0 256.0 72.0 case
5388.0 8468.0 136.0 72.0 an
5596.0 8440.0 568.0 112.0 operating
6228.0 8432.0 448.0 120.0 subsidy
6744.0 8428.0 312.0 112.0 equal
7120.0 8440.0 108.0 88.0 to

5052.0 8584.0 196.0 92.0 the
5328.0 8576.0 592.0 96.0 difference
6004.0 8576.0 468.0 92.0 between
6548.0 8576.0 192.0 88.0 the
6816.0 8576.0 228.0 88.0 cost
7112.0 8572.0 112.0 92.0 of

5060.0 8716.0 572.0 116.0 operating
5696.0 8716.0 168.0 92.0 his
5932.0 8716.0 296.0 116.0 ships
6292.0 8712.0 212.0 96.0 and
6572.0 8712.0 248.0 92.0 that
6888.0 8712.0 112.0 92.0 of
7064.0 8708.0 164.0 96.0 his

5056.0 8852.0 436.0 112.0 foreign
5556.0 8848.0 720.0 116.0 competitors.

5544.0 9020.0 516.0 96.0 SAVING
6124.0 9020.0 120.0 96.0 IS
6300.0 9016.0 464.0 96.0 CITED.

5184.0 9188.0 288.0 96.0 "The
5528.0 9192.0 684.0 104.0 commission
6272.0 9192.0 196.0 92.0 has
6504.0 9184.0 444.0 96.0 entered
7008.0 9184.0 224.0 96.0 into

5056.0 9328.0 572.0 112.0 operating
5684.0 9328.0 448.0 116.0 subsidy
6192.0 9336.0 552.0 92.0 contracts
6808.0 9324.0 248.0 96.0 with
7120.0 9324.0 112.0 96.0 18

5064.0 9472.0 288.0 88.0 lines
5432.0 9472.0 496.0 112.0 covering
6012.0 9472.0 112.0 92.0 22
6196.0 9468.0 108.0 92.0 of
6380.0 9472.0 184.0 92.0 the
6648.0 9460.0 176.0 96.0 old
6904.0 9488.0 320.0 68.0 orean

5064.0 9604.0 264.0 92.0 mail
5452.0 9608.0 380.0 92.0 routes.
6020.0 9604.0 220.0 96.0 The
6356.0 9616.0 172.0 84.0 net
6660.0 9600.0 564.0 96.0 estimated

5060.0 9744.0 452.0 116.0 subsidy
5584.0 9772.0 132.0 68.0 on
5792.0 9748.0 312.0 92.0 these
6184.0 9744.0 260.0 92.0 lines
6524.0 9744.0 176.0 92.0 for
6780.0 9744.0 176.0 92.0 the
7032.0 9744.0 156.0 92.0 six-

5068.0 9884.0 384.0 88.0 month
5536.0 9888.0 356.0 112.0 period
5980.0 9888.0 88.0 88.0 is
6152.0 9880.0 560.0 108.0 $4,600,000,
6796.0 9900.0 120.0 68.0 as
6996.0 9900.0 188.0 72.0 con-

5060.0 10020.0 424.0 92.0 trasted
5540.0 10020.0 248.0 92.0 with
5848.0 10024.0 260.0 96.0 mail
6164.0 10044.0 200.0 100.0 pay
6400.0 10016.0 448.0 112.0 subsidy
6888.0 10016.0 340.0 96.0 which

5064.0 10156.0 356.0 96.0 would
5520.0 10160.0 260.0 92.0 have
5888.0 10160.0 260.0 100.0 hfcen
6252.0 10156.0 484.0 96.0 received
6844.0 10156.0 100.0 96.0 in
7048.0 10160.0 176.0 92.0 the

5064.0 10320.0 312.0 68.0 same
5448.0 10296.0 348.0 116.0 period
5880.0 10264.0 212.0 128.0 hid
6168.0 10300.0 172.0 92.0 the
6416.0 10300.0 560.0 92.0 contracts
7048.0 10308.0 180.0 84.0 not

5068.0 10432.0 276.0 96.0 been
5440.0 10436.0 644.0 92.0 terminated
6176.0 10436.0 108.0 96.0 of
6376.0 10432.0 856.0 116.0 approximately

5064.0 10568.0 560.0 112.0 $7,600,000.
5740.0 10572.0 232.0 100.0 The
6032.0 10576.0 328.0 92.0 direct
6420.0 10568.0 476.0 116.0 subsidy,
6948.0 10576.0 284.0 104.0 then,

5060.0 10708.0 96.0 92.0 is
5212.0 10708.0 852.0 120.0 approximately
6120.0 10708.0 532.0 112.0 $3,000,000
6708.0 10712.0 204.0 92.0 less
6968.0 10712.0 256.0 92.0 than

5064.0 10852.0 192.0 88.0 the
5332.0 10848.0 244.0 96.0 mall
5652.0 10872.0 212.0 92.0 pay
5940.0 10848.0 436.0 112.0 subsidy
6448.0 10848.0 360.0 96.0 which
6888.0 10848.0 340.0 92.0 would

5068.0 10988.0 284.0 88.0 have
5408.0 10980.0 248.0 100.0 been
5708.0 10988.0 256.0 112.0 paid
6020.0 10988.0 468.0 96.0 between
6544.0 10984.0 260.0 116.0 July
6856.0 10984.0 80.0 104.0 1,
6976.0 10988.0 256.0 108.0 1937,

5064.0 11120.0 232.0 92.0 and
5396.0 11120.0 480.0 116.0 January
5980.0 11124.0 84.0 104.0 1,
6160.0 11128.0 260.0 104.0 1938,
6524.0 11148.0 124.0 68.0 or
6752.0 11128.0 436.0 112.0 approxi-

5068.0 11260.0 412.0 112.0 mately
5536.0 11264.0 116.0 88.0 60
5712.0 11288.0 196.0 84.0 per
5972.0 11272.0 236.0 88.0 cent
6272.0 11264.0 112.0 88.0 of
6452.0 11268.0 188.0 88.0 the
6708.0 11260.0 252.0 92.0 mall
7028.0 11288.0 204.0 92.0 pay

5068.0 11400.0 448.0 116.0 subsidy
5608.0 11424.0 132.0 72.0 on
5844.0 11400.0 300.0 96.0 these
6244.0 11404.0 600.0 108.0 particular
6940.0 11400.0 288.0 92.0 lines.

5072.0 11536.0 548.0 108.0 However,
5656.0 11536.0 228.0 92.0 this
5944.0 11540.0 88.0 88.0 is
6092.0 11564.0 60.0 68.0 a
6192.0 11536.0 564.0 92.0 minimum
6800.0 11548.0 436.0 84.0 amount

5072.0 11672.0 424.0 116.0 subject
5568.0 11684.0 104.0 88.0 to
5748.0 11676.0 464.0 96.0 revision
6288.0 11700.0 128.0 68.0 on
6496.0 11684.0 188.0 88.0 the
6764.0 11672.0 284.0 96.0 basis
7120.0 11680.0 112.0 92.0 of

5072.0 11812.0 368.0 92.0 actual
5500.0 11820.0 564.0 112.0 operating
6124.0 11816.0 472.0 96.0 results."

5200.0 11948.0 296.0 96.0 Each
5580.0 11960.0 524.0 104.0 contract,
6188.0 11956.0 528.0 120.0 Kennedy
6804.0 11960.0 420.0 112.0 pointed

5068.0 12096.0 228.0 100.0 out,
5368.0 12088.0 548.0 112.0 "provides
5984.0 12096.0 168.0 92.0 for
6216.0 12100.0 176.0 88.0 the
6464.0 12108.0 568.0 100.0 recapture
7096.0 12096.0 132.0 116.0 by

5072.0 12220.0 192.0 88.0 the
5352.0 12224.0 680.0 92.0 commission
6120.0 12224.0 108.0 92.0 of
6312.0 12228.0 488.0 92.0 one-half
6876.0 12232.0 112.0 88.0 of
7064.0 12232.0 176.0 88.0 the

5076.0 12368.0 188.0 84.0 net
5352.0 12368.0 372.0 108.0 profits
5816.0 12368.0 120.0 88.0 of
6032.0 12368.0 176.0 92.0 the
6296.0 12368.0 608.0 100.0 subsidized
6992.0 12392.0 192.0 72.0 con-

5072.0 12496.0 420.0 88.0 tractor
5552.0 12500.0 100.0 88.0 In
5716.0 12520.0 372.0 68.0 excess
6148.0 12500.0 112.0 88.0 of
6324.0 12500.0 112.0 96.0 10
6500.0 12528.0 196.0 88.0 per
6752.0 12508.0 244.0 88.0 cent
7060.0 12524.0 184.0 96.0 per

5076.0 12656.0 408.0 76.0 annum
5548.0 12660.0 276.0 92.0 upon
5900.0 12640.0 140.0 96.0 its
6100.0 12640.0 392.0 112.0 capital
6556.0 12644.0 672.0 96.0 investment.

5072.0 12772.0 232.0 92.0 The
5384.0 12776.0 728.0 112.0 computation
6196.0 12780.0 88.0 92.0 is
6364.0 12780.0 416.0 100.0 limited
6860.0 12788.0 108.0 92.0 to
7048.0 12788.0 180.0 92.0 the

5072.0 12908.0 404.0 116.0 capital
5540.0 12912.0 652.0 116.0 necessarily
6252.0 12920.0 564.0 108.0 employed
6884.0 12924.0 104.0 92.0 In
7052.0 12924.0 180.0 92.0 the

5068.0 13048.0 556.0 112.0 operation
5676.0 13052.0 116.0 96.0 of
5848.0 13052.0 184.0 96.0 the
6088.0 13048.0 604.0 108.0 subsidized
6744.0 13056.0 488.0 100.0 vessels."

5204.0 13184.0 356.0 96.0 Under
5612.0 13188.0 188.0 96.0 the
5864.0 13200.0 676.0 100.0 agreements
6604.0 13196.0 632.0 96.0 announced

5068.0 13316.0 340.0 116.0 today
5528.0 13320.0 180.0 96.0 the
5828.0 13320.0 540.0 100.0 Maritime
6512.0 13328.0 716.0 100.0 Commission

5076.0 13452.0 224.0 92.0 will
5412.0 13464.0 152.0 92.0 set
5688.0 13460.0 580.0 96.0 standards
6380.0 13464.0 176.0 100.0 for
6668.0 13468.0 556.0 96.0 minimum

5072.0 13612.0 364.0 88.0 wages
5556.0 13600.0 212.0 92.0 and
5880.0 13596.0 556.0 100.0 minimum
6544.0 13628.0 344.0 72.0 crews
7016.0 13608.0 212.0 96.0 and

5096.0 13728.0 532.0 108.0 prescribe
5748.0 13736.0 492.0 120.0 working
6356.0 13744.0 612.0 100.0 conditions
7084.0 13776.0 136.0 72.0 on

5068.0 13868.0 192.0 88.0 the
5340.0 13868.0 592.0 104.0 subsidised
6008.0 13876.0 420.0 92.0 vessels.

5196.0 13996.0 252.0 92.0 'The
5536.0 14004.0 688.0 96.0 commission
6320.0 14008.0 552.0 108.0 believes,''
6964.0 14008.0 228.0 100.0 Ken-

5072.0 14132.0 288.0 116.0 nedy
5416.0 14136.0 520.0 112.0 declared,
6000.0 14144.0 288.0 92.0 "that
6348.0 14148.0 84.0 92.0 It
6492.0 14148.0 204.0 92.0 has
6756.0 14168.0 136.0 72.0 no
6948.0 14172.0 292.0 76.0 more

5080.0 14272.0 584.0 112.0 important
5776.0 14280.0 252.0 92.0 task
6136.0 14280.0 260.0 96.0 than
6516.0 14288.0 140.0 92.0 Its
6768.0 14292.0 256.0 116.0 duty
7136.0 14300.0 108.0 88.0 to

5072.0 14408.0 588.0 96.0 determine
5804.0 14412.0 916.0 120.0 minimum-wage
6876.0 14432.0 368.0 108.0 scales,

5076.0 14540.0 1132.0 128.0 minimum-manning
6292.0 14556.0 348.0 92.0 scales
6728.0 14560.0 208.0 92.0 and
7024.0 14588.0 180.0 72.0 rea-

5072.0 14676.0 440.0 96.0 sonable
5636.0 14684.0 500.0 120.0 working
6252.0 14692.0 640.0 92.0 conditions.
7020.0 14692.0 224.0 100.0 The

5072.0 14820.0 412.0 92.0 statute
5560.0 14824.0 484.0 112.0 requires
6116.0 14828.0 176.0 92.0 the
6368.0 14832.0 688.0 92.0 commission
7132.0 14848.0 116.0 88.0 to

5080.0 14948.0 464.0 96.0 conduct
5652.0 14980.0 148.0 68.0 an
5924.0 14960.0 764.0 112.0 investigation
6804.0 14968.0 208.0 88.0 and
7136.0 14972.0 112.0 92.0 to

5076.0 15084.0 260.0 92.0 hold
5448.0 15096.0 684.0 108.0 appropriate
6244.0 15096.0 516.0 116.0 hearings
6880.0 15096.0 360.0 104.0 before

5072.0 15224.0 408.0 108.0 setting
5580.0 15224.0 916.0 120.0 minimum-wage
6608.0 15236.0 216.0 92.0 and
5072.0 15240.0 2128.0 236.0 minimum-manning

6020.0 15368.0 332.0 96.0 scales
6432.0 15372.0 216.0 92.0 and
6728.0 15376.0 476.0 108.0 prescrib-

5076.0 15496.0 196.0 120.0 ing
5348.0 15500.0 624.0 96.0 reasonable
6048.0 15504.0 488.0 120.0 working
6612.0 15508.0 632.0 104.0 conditions.

5208.0 15692.0 852.0 108.0 OPERATORS
6128.0 15708.0 292.0 96.0 ARE
6496.0 15708.0 620.0 104.0 AGREED.

5204.0 15856.0 280.0 100.0 "The
5552.0 15868.0 572.0 116.0 operating
6188.0 15872.0 448.0 116.0 subsidy
6704.0 15880.0 544.0 92.0 contracts

5080.0 16000.0 440.0 92.0 contain
5628.0 16028.0 68.0 68.0 a
5812.0 16008.0 532.0 108.0 provision
6460.0 16012.0 496.0 112.0 whereby
7068.0 16016.0 180.0 92.0 the

5080.0 16140.0 556.0 108.0 operators
5700.0 16168.0 328.0 84.0 agree
6088.0 16156.0 108.0 80.0 to
6260.0 16148.0 428.0 116.0 comply
6748.0 16152.0 252.0 92.0 with
7064.0 16156.0 184.0 88.0 the

5084.0 16276.0 516.0 108.0 manning
5636.0 16284.0 216.0 92.0 and
5912.0 16308.0 296.0 88.0 wage
6244.0 16284.0 348.0 92.0 scales
6652.0 16292.0 208.0 88.0 and
6916.0 16296.0 288.0 88.0 work-

5084.0 16408.0 192.0 112.0 ing
5332.0 16416.0 596.0 96.0 conditions
5984.0 16444.0 120.0 68.0 as
6156.0 16416.0 664.0 100.0 determined
6880.0 16420.0 132.0 116.0 by
7064.0 16428.0 184.0 92.0 the

5084.0 16552.0 716.0 92.0 commission.
5968.0 16556.0 212.0 92.0 The
6268.0 16560.0 692.0 92.0 commission
7056.0 16560.0 196.0 92.0 has

5088.0 16676.0 268.0 100.0 teen
5460.0 16688.0 644.0 112.0 conducting
6204.0 16716.0 64.0 68.0 a
6368.0 16696.0 884.0 112.0 comprehensive

5088.0 16824.0 756.0 108.0 Investigation
5912.0 16832.0 108.0 92.0 of
6076.0 16828.0 172.0 92.0 the
6308.0 16828.0 536.0 120.0 problems
6900.0 16836.0 344.0 92.0 raised

5088.0 16960.0 144.0 108.0 by
5284.0 16956.0 208.0 92.0 this
5548.0 16964.0 536.0 108.0 provision
6148.0 16968.0 108.0 88.0 of
6312.0 16964.0 180.0 92.0 the
6536.0 16964.0 232.0 96.0 law.
6824.0 16968.0 424.0 92.0 Several

5088.0 17092.0 692.0 96.0 conferences
5848.0 17100.0 268.0 92.0 have
6176.0 17100.0 444.0 116.0 already
6684.0 17104.0 256.0 92.0 been
7008.0 17104.0 240.0 96.0 held

5096.0 17232.0 260.0 88.0 with
5452.0 17240.0 896.0 100.0 representatives
6444.0 17240.0 116.0 88.0 of
6660.0 17240.0 292.0 92.0 labor
7040.0 17244.0 216.0 92.0 and

5084.0 17372.0 908.0 104.0 representatives
6052.0 17376.0 112.0 88.0 of
6220.0 17376.0 184.0 96.0 the
6472.0 17384.0 556.0 104.0 operators
7092.0 17404.0 116.0 64.0 re-

5092.0 17500.0 452.0 116.0 garding
5604.0 17508.0 188.0 92.0 the
5860.0 17508.0 292.0 92.0 labor
6212.0 17512.0 692.0 112.0 provisions."

5212.0 17640.0 528.0 112.0 Hearings
5812.0 17668.0 140.0 68.0 on
6024.0 17648.0 172.0 88.0 the
6260.0 17648.0 516.0 116.0 Atlantic,
6844.0 17660.0 404.0 92.0 Pacific

5088.0 17780.0 216.0 88.0 and
5380.0 17780.0 248.0 92.0 Gulf
5700.0 17780.0 388.0 96.0 Coasts
6160.0 17788.0 208.0 88.0 will
6456.0 17788.0 128.0 92.0 be
6660.0 17800.0 588.0 88.0 conducted

5084.0 17916.0 472.0 92.0 between
5640.0 17920.0 264.0 116.0 July
5984.0 17924.0 112.0 92.0 13
6172.0 17928.0 208.0 92.0 and
6472.0 17928.0 420.0 112.0 August
6972.0 17936.0 84.0 104.0 5,
7140.0 17944.0 112.0 84.0 to

5084.0 18056.0 392.0 108.0 permit
5536.0 18060.0 140.0 92.0 all
5756.0 18064.0 404.0 108.0 parties
6232.0 18064.0 588.0 96.0 interested
6892.0 18072.0 100.0 92.0 In
7068.0 18076.0 184.0 92.0 the

5092.0 18188.0 304.0 100.0 labor
5456.0 18200.0 600.0 104.0 provisions
6128.0 18204.0 104.0 96.0 to
6304.0 18208.0 168.0 88.0 air
6544.0 18208.0 284.0 92.0 thei.-
6896.0 18212.0 356.0 96.0 views.

5080.0 18328.0 236.0 88.0 One
5432.0 18332.0 456.0 116.0 hearing
6004.0 18348.0 88.0 84.0 Is
6204.0 18344.0 584.0 92.0 scheduled
6908.0 18356.0 300.0 92.0 tenta-

5084.0 18464.0 328.0 120.0 tively
5472.0 18472.0 168.0 92.0 for
5708.0 18476.0 776.0 116.0 Philadelphia,
6556.0 18484.0 256.0 112.0 July
6876.0 18488.0 132.0 92.0 21.

5208.0 18596.0 384.0 100.0 Before
5716.0 18616.0 496.0 108.0 entering
6336.0 18616.0 232.0 96.0 into
6696.0 18620.0 560.0 116.0 long-term

5084.0 18744.0 540.0 92.0 contracts
5732.0 18752.0 268.0 88.0 with
6116.0 18756.0 176.0 88.0 the
6404.0 18768.0 556.0 104.0 operators
7072.0 18768.0 184.0 92.0 the

5084.0 18880.0 688.0 92.0 commission
5852.0 18888.0 212.0 92.0 will
6140.0 18892.0 316.0 96.0 make
6540.0 18924.0 64.0 68.0 a
6684.0 18920.0 380.0 96.0 survey
7140.0 18908.0 120.0 92.0 of

5084.0 19016.0 500.0 92.0 essential
5672.0 19024.0 320.0 88.0 trade
6076.0 19036.0 388.0 92.0 routes.

5204.0 19152.0 220.0 92.0 "No
5508.0 19156.0 572.0 112.0 long-term
6168.0 19168.0 452.0 120.0 subsidy
6708.0 19184.0 544.0 92.0 contracts

5088.0 19292.0 216.0 92.0 will
5424.0 19292.0 116.0 92.0 be
5664.0 19300.0 548.0 112.0 granted,"
6340.0 19308.0 532.0 120.0 Kennedy
6992.0 19324.0 264.0 112.0 said,

5088.0 19432.0 328.0 92.0 "until
5556.0 19432.0 184.0 92.0 the
5884.0 19440.0 676.0 120.0 essentiality
6700.0 19456.0 112.0 88.0 of
6948.0 19456.0 308.0 96.0 trade

5104.0 19572.0 348.0 84.0 routes
5552.0 19572.0 196.0 88.0 has
5856.0 19568.0 256.0 96.0 been
6204.0 19576.0 668.0 108.0 determined
6980.0 19616.0 280.0 92.0 upon

5092.0 19708.0 108.0 84.0 in
5288.0 19708.0 168.0 88.0 the
5536.0 19708.0 276.0 116.0 light
5888.0 19708.0 112.0 92.0 of
6076.0 19712.0 176.0 92.0 the
6332.0 19724.0 420.0 96.0 studies
6828.0 19752.0 236.0 72.0 now
7144.0 19736.0 104.0 92.0 in

5088.0 19864.0 516.0 88.0 p.ogre3s,
5704.0 19852.0 216.0 88.0 and
6020.0 19852.0 240.0 112.0 only
6356.0 19856.0 112.0 88.0 to
6572.0 19860.0 304.0 100.0 those
6972.0 19896.0 232.0 72.0 com-

5092.0 19980.0 368.0 104.0 panies
5524.0 19984.0 564.0 116.0 operating
6152.0 19988.0 268.0 92.0 lines
6500.0 19992.0 336.0 100.0 found
6904.0 20028.0 308.0 76.0 essen-

5104.0 20112.0 188.0 92.0 tial
5396.0 20120.0 104.0 88.0 to
5604.0 20120.0 184.0 88.0 the
5904.0 20124.0 412.0 116.0 foreign
6428.0 20132.0 308.0 96.0 trade
6852.0 20140.0 112.0 92.0 of
7068.0 20148.0 188.0 96.0 the

5104.0 20248.0 372.0 96.0 United
5556.0 20256.0 448.0 92.0 States."

5336.0 20552.0 672.0 384.0 MORE
6144.0 20560.0 864.0 384.0 NAMES

5112.0 21260.0 844.0 104.0 CONTINUED
6028.0 21264.0 396.0 100.0 FROM
6496.0 21268.0 376.0 100.0 PAGE
6948.0 21268.0 312.0 100.0 ONE.

5108.0 21508.0 180.0 92.0 the
5364.0 21504.0 564.0 96.0 President
5996.0 21508.0 188.0 92.0 has
6260.0 21508.0 480.0 92.0 resorted
6816.0 21512.0 104.0 92.0 to
6988.0 21516.0 264.0 88.0 such

5112.0 21640.0 484.0 92.0 methods
5668.0 21644.0 120.0 88.0 of
5860.0 21648.0 176.0 84.0 tax
6104.0 21640.0 680.0 96.0 avoidance."

5224.0 21776.0 244.0 92.0 Fish
5552.0 21780.0 252.0 88.0 shot
5896.0 21780.0 264.0 92.0 back
6248.0 21780.0 244.0 96.0 that
6584.0 21780.0 132.0 92.0 he
6804.0 21784.0 168.0 92.0 did
7068.0 21788.0 188.0 88.0 not

5108.0 21932.0 432.0 92.0 propose
5636.0 21912.0 120.0 96.0 to
5856.0 21916.0 140.0 92.0 let
6088.0 21916.0 612.0 108.0 Doughton,
6792.0 21944.0 120.0 64.0 or
7004.0 21944.0 212.0 88.0 any-

5104.0 22044.0 272.0 116.0 body
5464.0 22048.0 216.0 92.0 else
5780.0 22048.0 380.0 116.0 "laugh
6256.0 22052.0 172.0 88.0 off
6520.0 22052.0 188.0 96.0 the
6800.0 22056.0 456.0 116.0 charges

5100.0 22184.0 56.0 92.0 I
5240.0 22180.0 256.0 92.0 have
5580.0 22184.0 408.0 96.0 made."

5224.0 22316.0 652.0 116.0 Incomplete
6016.0 22324.0 536.0 108.0 Treasury
6688.0 22320.0 532.0 120.0 investiga-

5100.0 22452.0 304.0 104.0 tions,
5488.0 22456.0 304.0 96.0 Kent
5876.0 22456.0 500.0 108.0 testified,
6460.0 22456.0 468.0 100.0 indicate
7012.0 22468.0 248.0 92.0 that

5100.0 22592.0 184.0 88.0 the
5356.0 22588.0 360.0 96.0 device
5796.0 22596.0 116.0 88.0 of
5984.0 22588.0 712.0 128.0 establishing
6764.0 22620.0 460.0 92.0 corpora-

5104.0 22728.0 280.0 88.0 tions
5468.0 22728.0 108.0 92.0 to
5672.0 22728.0 252.0 96.0 hold
6016.0 22728.0 204.0 92.0 and
6308.0 22740.0 452.0 100.0 operate
6844.0 22736.0 416.0 112.0 yachts,

5096.0 22860.0 220.0 112.0 city
5376.0 22864.0 584.0 108.0 mansions,
6020.0 22864.0 460.0 116.0 country
6544.0 22868.0 428.0 112.0 estates,
7036.0 22872.0 220.0 92.0 and

5104.0 22996.0 364.0 108.0 racing
5556.0 22996.0 412.0 96.0 stables
6056.0 23000.0 148.0 88.0 "is
6300.0 23020.0 248.0 72.0 now
6640.0 23000.0 312.0 124.0 being
7040.0 23028.0 180.0 72.0 em-

5100.0 23128.0 364.0 116.0 ployed
5532.0 23132.0 140.0 124.0 by
5748.0 23152.0 324.0 96.0 many
6140.0 23132.0 472.0 120.0 wealthy
6684.0 23148.0 576.0 104.0 taxpayers

5100.0 23264.0 216.0 92.0 and
5364.0 23268.0 228.0 92.0 that
5648.0 23268.0 308.0 92.0 there
6008.0 23272.0 84.0 92.0 is
6140.0 23296.0 68.0 68.0 a
6260.0 23268.0 536.0 116.0 tendency
6844.0 23276.0 412.0 96.0 toward

5108.0 23400.0 540.0 96.0 increased
5752.0 23428.0 192.0 68.0 use
6036.0 23404.0 108.0 92.0 of
6240.0 23404.0 176.0 92.0 it."

5224.0 23536.0 268.0 92.0 "The
5564.0 23540.0 524.0 116.0 potential
6156.0 23564.0 452.0 72.0 menace
6676.0 23544.0 112.0 92.0 to
6852.0 23548.0 184.0 92.0 the
7108.0 23548.0 108.0 92.0 in-

5104.0 23668.0 388.0 116.0 tegrity
5604.0 23680.0 124.0 88.0 of
5840.0 23676.0 180.0 92.0 the
6132.0 23696.0 472.0 76.0 revenue
6720.0 23684.0 340.0 92.0 which
7180.0 23684.0 84.0 92.0 it

5104.0 23808.0 476.0 92.0 contains
5660.0 23812.0 92.0 88.0 is
5824.0 23832.0 248.0 96.0 very
6140.0 23812.0 404.0 108.0 great,"
6616.0 23816.0 128.0 88.0 he
6812.0 23820.0 260.0 92.0 said.

5224.0 23944.0 120.0 88.0 In
5420.0 23944.0 256.0 104.0 1935,
5760.0 23944.0 132.0 92.0 he
5964.0 23944.0 260.0 104.0 said,
6300.0 23948.0 120.0 92.0 24
6492.0 23952.0 464.0 92.0 internal
7032.0 23980.0 192.0 64.0 rev-

5108.0 24100.0 260.0 68.0 enue
5424.0 24080.0 392.0 108.0 agents
5880.0 24084.0 100.0 92.0 In
6044.0 24080.0 436.0 92.0 various
6544.0 24092.0 300.0 108.0 parts
6904.0 24088.0 116.0 92.0 of
7072.0 24092.0 192.0 88.0 the

5104.0 24220.0 444.0 104.0 country
5640.0 24212.0 340.0 96.0 found
6072.0 24220.0 240.0 88.0 that
6400.0 24208.0 120.0 104.0 51
6616.0 24220.0 648.0 96.0 individuals

5108.0 24348.0 480.0 108.0 reported
5696.0 24356.0 188.0 88.0 net
5980.0 24352.0 472.0 92.0 incomes
6552.0 24364.0 712.0 108.0 aggregating

5108.0 24476.0 584.0 112.0 $13,325,155
5780.0 24484.0 212.0 96.0 and
6080.0 24484.0 460.0 96.0 claimed
6632.0 24488.0 636.0 96.0 deductions

5104.0 24616.0 124.0 92.0 of
5276.0 24612.0 532.0 108.0 $3,176,278
5864.0 24632.0 160.0 92.0 for
6076.0 24620.0 336.0 92.0 losses
6468.0 24652.0 136.0 68.0 on
6664.0 24628.0 332.0 92.0 farms
7044.0 24632.0 224.0 92.0 and

5108.0 24752.0 364.0 108.0 racing
5536.0 24752.0 440.0 96.0 stables.

5232.0 25312.0 1944.0 240.0 QHiUflDGGPQE)

5284.0 25912.0 104.0 112.0 a
5548.0 25924.0 164.0 100.0 iti
5856.0 25928.0 288.0 100.0 -mi
6276.0 25908.0 572.0 136.0 tTiinryp

5268.0 26064.0 552.0 120.0 anon
6120.0 26088.0 116.0 96.0 n
6376.0 26076.0 400.0 128.0 trpr

5332.0 26224.0 220.0 108.0 mix
5868.0 26224.0 252.0 112.0 an
6272.0 26244.0 44.0 88.0 i
6344.0 26232.0 268.0 112.0 near
6724.0 26240.0 76.0 108.0 i

5280.0 26368.0 128.0 116.0 3r
5432.0 26396.0 8.0 72.0 :
5624.0 26384.0 96.0 92.0 n
5788.0 26380.0 244.0 104.0 mi
6184.0 26376.0 912.0 124.0 iiMijfctuna

5308.0 26528.0 232.0 108.0 XtD
5588.0 26544.0 44.0 88.0 1
5800.0 26568.0 24.0 64.0 i
6288.0 26536.0 208.0 108.0 133
6560.0 26540.0 316.0 156.0 JXE
6948.0 26492.0 200.0 164.0 "if)

5288.0 26696.0 232.0 92.0 3333
5744.0 26696.0 84.0 92.0 J)
6076.0 26700.0 32.0 88.0 t
6348.0 26696.0 64.0 100.0 C
6548.0 26696.0 160.0 108.0 CP

5372.0 26840.0 248.0 104.0 tvn
5748.0 26848.0 112.0 104.0 a
6156.0 26852.0 36.0 92.0 i

5376.0 26980.0 88.0 96.0 rl
5692.0 26956.0 400.0 120.0 l!hn':i
6304.0 27008.0 24.0 68.0 '

5108.0 27212.0 376.0 184.0 Code
5560.0 27220.0 320.0 176.0 309
5952.0 27220.0 156.0 208.0 A,
6184.0 27216.0 548.0 232.0 Quarts
6808.0 27224.0 468.0 188.0 $1.58

5108.0 27456.0 380.0 184.0 Code
5640.0 27460.0 316.0 180.0 309
6104.0 27460.0 152.0 208.0 C,
6420.0 27464.0 400.0 180.0 Pints
6972.0 27468.0 300.0 176.0 82c

8016.0 1264.0 1720.0 320.0 CINCINNATI
9888.0 1256.0 1056.0 320.0 SCOUTS
11112.0 1256.0 392.0 320.0 AT

7436.0 7460.0 636.0 152.0 Stamping
8172.0 7452.0 484.0 156.0 eagerly
8756.0 7464.0 252.0 120.0 into
9112.0 7448.0 192.0 132.0 the

7432.0 7632.0 208.0 128.0 the
7736.0 7632.0 680.0 128.0 Cincinnati
8520.0 7628.0 264.0 152.0 Boy
8888.0 7624.0 424.0 128.0 Scouts

7764.0 8404.0 1352.0 380.0 President
9248.0 8408.0 928.0 376.0 Greets
10316.0 8408.0 1004.0 376.0 Scouts.

7484.0 9124.0 752.0 260.0 Message

8120.0 9460.0 204.0 196.0 25

8396.0 9128.0 148.0 200.0 Is
8708.0 9132.0 436.0 204.0 Head
9304.0 9132.0 224.0 216.0 15v

7476.0 9948.0 744.0 116.0 Washington,
8344.0 9948.0 280.0 92.0 June
8756.0 9944.0 116.0 96.0 30
9072.0 9944.0 272.0 100.0 (AP)

7356.0 10116.0 560.0 92.0 President
8000.0 10116.0 600.0 104.0 Roosevelt,
8688.0 10112.0 100.0 96.0 in
8880.0 10140.0 64.0 64.0 a
9020.0 10132.0 480.0 92.0 message

7368.0 10280.0 512.0 120.0 prepared
8000.0 10284.0 176.0 100.0 for
8288.0 10280.0 464.0 116.0 delivery
8872.0 10280.0 420.0 112.0 tonight
9400.0 10280.0 108.0 92.0 to

7360.0 10452.0 328.0 108.0 25,000
7780.0 10452.0 228.0 112.0 Boy
8108.0 10452.0 408.0 104.0 Scouts,
8608.0 10444.0 232.0 96.0 said
8944.0 10444.0 128.0 96.0 he
9172.0 10444.0 332.0 116.0 hoped

7352.0 10620.0 684.0 112.0 experiences
8120.0 10620.0 116.0 92.0 at
8316.0 10616.0 280.0 96.0 their
8676.0 10612.0 480.0 96.0 national
9236.0 10612.0 220.0 116.0 Jam-

7352.0 10784.0 312.0 92.0 boree
7716.0 10784.0 252.0 96.0 here
8028.0 10780.0 352.0 100.0 would
8432.0 10780.0 316.0 100.0 make
8804.0 10784.0 300.0 92.0 them
9160.0 10772.0 340.0 100.0 better

7344.0 10924.0 380.0 92.0 Scouts
7800.0 10920.0 216.0 96.0 and
8100.0 10944.0 292.0 72.0 more
8468.0 10916.0 492.0 96.0 stalwart
9040.0 10916.0 460.0 92.0 citizens.

7480.0 11060.0 220.0 88.0 The
7800.0 11080.0 496.0 88.0 message
8404.0 11080.0 220.0 64.0 was
8732.0 11052.0 552.0 92.0 entrusted
9396.0 11056.0 112.0 88.0 to

7360.0 11192.0 1032.0 116.0 Attorney-General
8492.0 11192.0 412.0 92.0 Homer
9008.0 11192.0 96.0 92.0 S.
9204.0 11188.0 260.0 92.0 Cum-

7348.0 11332.0 352.0 112.0 mings
7768.0 11332.0 172.0 88.0 for
8004.0 11332.0 452.0 112.0 reading
8524.0 11332.0 108.0 88.0 to
8696.0 11328.0 184.0 92.0 the
8956.0 11324.0 372.0 92.0 Scouts
9396.0 11324.0 104.0 88.0 at

7364.0 11496.0 68.0 68.0 a
7524.0 11468.0 272.0 108.0 huge
7888.0 11468.0 532.0 112.0 campfire
8516.0 11484.0 260.0 72.0 near
8872.0 11464.0 180.0 88.0 the
9148.0 11460.0 316.0 92.0 Wash-

7364.0 11604.0 368.0 108.0 ington
7808.0 11600.0 664.0 100.0 Monument,
8608.0 11600.0 104.0 96.0 It
8788.0 11596.0 276.0 92.0 said:

7468.0 11740.0 448.0 88.0 "Fellow
7988.0 11740.0 424.0 88.0 Scouts:

7480.0 11876.0 592.0 92.0 "Welcome
8168.0 11880.0 108.0 84.0 to
8368.0 11872.0 736.0 108.0 Washington,

7484.0 12004.0 108.0 100.0 "I
7684.0 12008.0 204.0 96.0 had
7984.0 12012.0 308.0 108.0 great
8380.0 12012.0 484.0 112.0 pleasure
8960.0 12004.0 192.0 92.0 last
9252.0 12004.0 216.0 92.0 Feb-

7364.0 12168.0 324.0 92.0 ruary
7772.0 12148.0 104.0 92.0 in
7972.0 12144.0 456.0 116.0 inviting
8508.0 12168.0 204.0 92.0 you
8800.0 12148.0 112.0 92.0 to
9000.0 12140.0 236.0 96.0 hold
9328.0 12140.0 176.0 92.0 the

7344.0 12288.0 308.0 112.0 great
7724.0 12280.0 488.0 92.0 national
8292.0 12284.0 312.0 88.0 Scout
8648.0 12276.0 540.0 112.0 jamboree
9228.0 12276.0 276.0 100.0 here,

7360.0 12428.0 212.0 92.0 and
7628.0 12440.0 232.0 72.0 now
7924.0 12420.0 80.0 92.0 it
8068.0 12420.0 88.0 88.0 is
8220.0 12440.0 132.0 76.0 an
8408.0 12420.0 340.0 92.0 honor
8800.0 12412.0 216.0 92.0 and
9076.0 12436.0 64.0 68.0 a
9196.0 12412.0 268.0 116.0 privi-

7364.0 12552.0 232.0 116.0 lege
7752.0 12556.0 112.0 92.0 to
8024.0 12552.0 500.0 92.0 welcome
8684.0 12572.0 208.0 92.0 you
9060.0 12552.0 108.0 88.0 to
9328.0 12548.0 180.0 92.0 the

7348.0 12688.0 456.0 96.0 nation's
7864.0 12692.0 432.0 108.0 capital.

7472.0 12828.0 324.0 100.0 "How
7848.0 12828.0 384.0 120.0 fitting
8284.0 12828.0 232.0 92.0 that
8568.0 12848.0 204.0 92.0 you
8828.0 12824.0 376.0 96.0 should
9260.0 12820.0 240.0 100.0 hold

7360.0 12960.0 220.0 100.0 this
7644.0 12960.0 552.0 120.0 jamboree
8268.0 12968.0 104.0 88.0 in
8444.0 12964.0 740.0 108.0 Washington,
9256.0 12960.0 256.0 92.0 with

7356.0 13124.0 272.0 92.0 your
7696.0 13120.0 320.0 92.0 camp
8092.0 13096.0 424.0 120.0 pitched
8588.0 13096.0 380.0 92.0 within
9044.0 13096.0 280.0 108.0 sight
9400.0 13092.0 116.0 92.0 of

8096.0 13936.0 1088.0 960.0 Ofl

8068.0 16264.0 248.0 88.0 ii
9416.0 16264.0 68.0 88.0 i
12816.0 16264.0 128.0 88.0 v
13200.0 16264.0 132.0 88.0 n
13720.0 16264.0 100.0 84.0 a.

8280.0 26856.0 2144.0 312.0 VAPORIZES
10584.0 26840.0 1456.0 312.0 BETTER
12256.0 26816.0 312.0 336.0 P
12744.0 26808.0 312.0 320.0 O
13200.0 26832.0 520.0 304.0 NO
13864.0 26824.0 1744.0 312.0 STARVED
15760.0 26808.0 2192.0 320.0 CYLINDERS

9384.0 27336.0 1144.0 136.0 DISTRIBUTED
10608.0 27332.0 216.0 132.0 BY
10912.0 27324.0 692.0 136.0 EUREKA
11684.0 27328.0 288.0 132.0 OIL
12056.0 27324.0 288.0 160.0 CO,
12424.0 27320.0 452.0 136.0 HALL
12964.0 27304.0 1164.0 148.0 RATTERMANN
14212.0 27308.0 296.0 128.0 OIL
14588.0 27304.0 292.0 156.0 CO,
14952.0 27296.0 1028.0 136.0 MERCHANTS
16052.0 27296.0 280.0 132.0 OIL
16400.0 27296.0 252.0 132.0 CO.

9404.0 7448.0 420.0 132.0 tented
9932.0 7444.0 720.0 160.0 "Jamboree
10768.0 7440.0 360.0 156.0 City"
11240.0 7496.0 156.0 72.0 on
11496.0 7444.0 200.0 128.0 the
11792.0 7440.0 388.0 128.0 hanks
12280.0 7436.0 136.0 136.0 of
12516.0 7436.0 196.0 132.0 the
12812.0 7440.0 596.0 128.0 Potomac
13504.0 7436.0 412.0 140.0 River,

9404.0 7620.0 412.0 132.0 above
9920.0 7668.0 504.0 108.0 prepare
10524.0 7648.0 128.0 96.0 to
10768.0 7612.0 396.0 156.0 spend
11284.0 7616.0 140.0 124.0 10
11528.0 7616.0 304.0 156.0 days
11920.0 7624.0 108.0 120.0 in
12132.0 7612.0 804.0 148.0 Washington
13032.0 7608.0 320.0 128.0 after
13448.0 7660.0 64.0 76.0 a
13616.0 7616.0 308.0 120.0 train

9720.0 7804.0 228.0 144.0 trip
10028.0 7800.0 308.0 128.0 from
10416.0 7788.0 296.0 132.0 their
10784.0 7792.0 372.0 128.0 home
11232.0 7816.0 360.0 96.0 town.

9688.0 9128.0 1556.0 216.0 Altornev-Cieiieral
11408.0 9136.0 216.0 200.0 To

8840.0 9452.0 196.0 208.0 At
9160.0 9448.0 752.0 212.0 National
10028.0 9452.0 924.0 208.0 Jamboree.

9608.0 9952.0 188.0 88.0 the
9884.0 9948.0 348.0 96.0 White
10320.0 9952.0 356.0 96.0 House
10768.0 9956.0 204.0 92.0 and
11068.0 9960.0 184.0 92.0 the
11340.0 9956.0 416.0 116.0 Capitol

9612.0 10092.0 208.0 96.0 and
9916.0 10088.0 380.0 92.0 almost
10380.0 10088.0 372.0 96.0 within
10844.0 10092.0 180.0 92.0 the
11116.0 10096.0 440.0 92.0 shadow
11648.0 10096.0 112.0 92.0 of

9612.0 10224.0 180.0 92.0 the
9856.0 10224.0 692.0 108.0 Washington
10616.0 10228.0 628.0 92.0 Monument
11304.0 10232.0 212.0 92.0 and
11584.0 10232.0 176.0 92.0 the

9612.0 10360.0 440.0 96.0 Lincoln
10124.0 10360.0 584.0 96.0 Memorial.'
10820.0 10360.0 352.0 100.0 Yours
11236.0 10368.0 208.0 88.0 will
11516.0 10368.0 124.0 92.0 be
11700.0 10392.0 64.0 68.0 a

9612.0 10492.0 644.0 100.0 memorable
10308.0 10504.0 752.0 104.0 encampment
11112.0 10500.0 208.0 92.0 and
11368.0 10504.0 40.0 92.0 I
11452.0 10504.0 316.0 92.0 know

9616.0 10656.0 208.0 92.0 you
9888.0 10632.0 208.0 96.0 will
10168.0 10636.0 288.0 92.0 draw
10524.0 10636.0 636.0 112.0 Inspiration
11236.0 10640.0 280.0 92.0 from
11588.0 10640.0 176.0 92.0 the

9616.0 10768.0 740.0 96.0 environment
10432.0 10784.0 208.0 92.0 and
10728.0 10772.0 716.0 92.0 associations
11528.0 10776.0 236.0 88.0 that

9616.0 10908.0 216.0 96.0 will
9916.0 10908.0 120.0 88.0 be
10116.0 10928.0 316.0 92.0 yours
10512.0 10904.0 388.0 120.0 during
10980.0 10928.0 268.0 92.0 your
11332.0 10912.0 244.0 112.0 stay
11660.0 10908.0 100.0 96.0 In

9620.0 11044.0 180.0 88.0 the
9856.0 11040.0 240.0 116.0 city.

9740.0 11176.0 280.0 96.0 "The
10096.0 11176.0 680.0 112.0 Impressions
10852.0 11180.0 348.0 96.0 which
11276.0 11204.0 208.0 92.0 you
11560.0 11180.0 204.0 92.0 will

9616.0 11336.0 316.0 88.0 carry
10016.0 11312.0 268.0 96.0 back
10376.0 11320.0 108.0 88.0 to
10568.0 11336.0 268.0 96.0 your
10924.0 11316.0 372.0 92.0 homes
11388.0 11316.0 240.0 112.0 will,
11720.0 11320.0 44.0 92.0 I

9624.0 11452.0 296.0 108.0 hope,
9996.0 11448.0 124.0 92.0 be
10196.0 11476.0 64.0 68.0 a
10332.0 11452.0 632.0 112.0 permanent
11044.0 11452.0 536.0 92.0 Influence
11664.0 11448.0 96.0 96.0 In

9616.0 11608.0 268.0 92.0 your
9948.0 11584.0 284.0 116.0 lives,
10300.0 11588.0 164.0 92.0 for
10524.0 11608.0 384.0 72.0 sooner
10972.0 11588.0 264.0 92.0 than
11308.0 11616.0 156.0 64.0 we
11532.0 11592.0 236.0 88.0 who

9616.0 11744.0 188.0 72.0 are
9888.0 11720.0 284.0 96.0 older
10264.0 11724.0 400.0 108.0 realize,
10752.0 11748.0 204.0 84.0 you
11040.0 11724.0 212.0 92.0 will
11340.0 11752.0 424.0 64.0 assume

9616.0 11868.0 184.0 84.0 the
9892.0 11864.0 192.0 88.0 full
10176.0 11860.0 872.0 112.0 responsibilities
11136.0 11864.0 116.0 92.0 of
11344.0 11864.0 376.0 88.0 citizen-

9620.0 12000.0 268.0 108.0 ship.
10060.0 12000.0 48.0 96.0 I
10224.0 11996.0 352.0 116.0 firmly
10692.0 11996.0 396.0 92.0 believe
11204.0 11996.0 240.0 92.0 that
11564.0 11996.0 200.0 92.0 few

9620.0 12132.0 592.0 96.0 influences
10352.0 12160.0 176.0 64.0 are
10672.0 12156.0 292.0 72.0 more
11112.0 12132.0 404.0 116.0 helpful
11660.0 12136.0 100.0 92.0 In

9620.0 12268.0 496.0 112.0 teaching
10216.0 12268.0 708.0 96.0 self-reliance
11024.0 12268.0 264.0 92.0 than
11396.0 12276.0 88.0 88.0 is
11588.0 12272.0 172.0 88.0 the

9620.0 12408.0 532.0 88.0 influence
10320.0 12408.0 336.0 92.0 which
10828.0 12400.0 592.0 100.0 surrounds
11584.0 12408.0 176.0 88.0 the

9620.0 12544.0 636.0 112.0 youngsters
10404.0 12540.0 464.0 96.0 enrolled
11004.0 12544.0 104.0 92.0 In
11236.0 12544.0 180.0 88.0 the
11544.0 12540.0 224.0 116.0 Boy

9620.0 12676.0 408.0 112.0 Scouts,
10100.0 12688.0 208.0 92.0 and
10384.0 12704.0 64.0 68.0 a
10520.0 12672.0 696.0 128.0 preliminary
11292.0 12680.0 472.0 112.0 training

9556.0 12808.0 12.0 100.0 I
9620.0 12820.0 104.0 88.0 In
9796.0 12816.0 704.0 92.0 self-reliance
10572.0 12820.0 88.0 88.0 is
10724.0 12816.0 360.0 112.0 surely
11152.0 12840.0 140.0 68.0 an
11364.0 12812.0 364.0 96.0 invalu

9620.0 12956.0 240.0 92.0 able
9908.0 12960.0 288.0 84.0 asset
10252.0 12956.0 108.0 88.0 to
10412.0 12952.0 304.0 92.0 those
10772.0 12956.0 240.0 88.0 who
11068.0 12972.0 64.0 72.0 a
11192.0 12952.0 208.0 92.0 few
11452.0 12972.0 312.0 92.0 years

9624.0 13088.0 332.0 92.0 hence
10052.0 13088.0 212.0 96.0 will
10356.0 13108.0 432.0 68.0 assume
10880.0 13088.0 144.0 88.0 all
11128.0 13088.0 188.0 88.0 the
11416.0 13088.0 352.0 92.0 duties

9440.0 14000.0 1008.0 832.0 flie
10656.0 13840.0 1232.0 896.0 4th'
12016.0 13824.0 912.0 720.0 fa
13072.0 13856.0 368.0 800.0 5

9720.0 22784.0 284.0 164.0 ON
10080.0 22788.0 412.0 164.0 THE
10572.0 22788.0 824.0 164.0 AVENUE
11708.0 22848.0 184.0 100.0 or
11980.0 22848.0 212.0 100.0 on
12280.0 22788.0 260.0 156.0 the
12624.0 22844.0 416.0 148.0 open
13252.0 22780.0 508.0 164.0 better
13824.0 22776.0 304.0 160.0 and
14200.0 22780.0 436.0 196.0 gives
14700.0 22832.0 476.0 156.0 every
15240.0 22764.0 708.0 220.0 cylinder
16004.0 22780.0 192.0 152.0 its
16256.0 22768.0 312.0 164.0 full

9720.0 23084.0 720.0 216.0 highway
10752.0 23156.0 408.0 152.0 your
11260.0 23156.0 264.0 100.0 ear
11620.0 23092.0 300.0 156.0 will
12028.0 23088.0 564.0 204.0 always
12688.0 23084.0 352.0 156.0 load
13244.0 23084.0 460.0 156.0 share
13796.0 23080.0 172.0 156.0 of
14040.0 23080.0 344.0 164.0 rich
14468.0 23080.0 708.0 200.0 gasoline
15256.0 23136.0 536.0 148.0 vapor.
15940.0 23080.0 372.0 204.0 Stop
16388.0 23080.0 172.0 152.0 in

9724.0 23392.0 264.0 164.0 the
10100.0 23400.0 648.0 204.0 parade,
10864.0 23404.0 140.0 152.0 if
11108.0 23456.0 316.0 148.0 you
11540.0 23392.0 396.0 156.0 have
12048.0 23384.0 456.0 160.0 Good
12616.0 23384.0 428.0 160.0 Luck
13248.0 23380.0 480.0 216.0 today
13816.0 23388.0 260.0 152.0 for
14160.0 23444.0 92.0 96.0 a
14344.0 23380.0 248.0 156.0 fill
14680.0 23380.0 180.0 156.0 of
14948.0 23380.0 464.0 160.0 Good
15500.0 23380.0 480.0 156.0 Luck.
16104.0 23380.0 456.0 156.0 Same

9728.0 23696.0 732.0 164.0 Gasoline
10540.0 23708.0 160.0 152.0 in
10776.0 23700.0 268.0 160.0 the
11120.0 23696.0 436.0 164.0 tank.
11692.0 23700.0 308.0 152.0 For
12080.0 23688.0 456.0 160.0 Good
12620.0 23688.0 428.0 156.0 Lurk
13248.0 23692.0 432.0 196.0 price
13804.0 23744.0 156.0 96.0 as
14084.0 23680.0 640.0 200.0 regular
14844.0 23680.0 756.0 200.0 gasoline.
15864.0 23684.0 640.0 152.0 Remem

9968.0 24000.0 252.0 164.0 the
10284.0 24008.0 920.0 160.0 new-action
11276.0 23996.0 700.0 212.0 gasoline
12244.0 23996.0 804.0 208.0 vaporizes
13252.0 23984.0 336.0 196.0 her,
13708.0 23992.0 484.0 156.0 "One
14304.0 23984.0 292.0 160.0 Fill
14700.0 23988.0 412.0 156.0 Goes
15216.0 24044.0 88.0 96.0 a
15408.0 23984.0 432.0 208.0 Long
15944.0 23980.0 616.0 212.0 Way!"

8512.0 24800.0 4256.0 848.0 fiRfnlfnim

11656.0 1256.0 1576.0 320.0 JAMBOREE

12264.0 7316.0 72.0 68.0 V
13080.0 7312.0 416.0 84.0 Unqmrrr
13556.0 7316.0 348.0 64.0 riiuttm.

11848.0 8192.0 212.0 92.0 and
12188.0 8188.0 888.0 116.0 responsibilities
13200.0 8184.0 120.0 100.0 of
13444.0 8192.0 572.0 92.0 American

11844.0 8324.0 660.0 116.0 citizenship.

11964.0 8460.0 104.0 92.0 "1
12156.0 8464.0 272.0 88.0 have
12496.0 8460.0 300.0 92.0 often
12872.0 8460.0 568.0 112.0 expressed
13516.0 8456.0 184.0 96.0 the
13772.0 8480.0 200.0 72.0 con

11852.0 8592.0 200.0 96.0 vlct
12076.0 8596.0 172.0 88.0 Uin
12336.0 8600.0 236.0 92.0 that
12652.0 8600.0 300.0 92.0 there
13036.0 8620.0 188.0 72.0 are
13308.0 8620.0 320.0 88.0 many
13712.0 8596.0 264.0 92.0 thou

11848.0 8736.0 328.0 88.0 sands
12240.0 8732.0 116.0 88.0 of
12416.0 8756.0 236.0 68.0 men
12716.0 8732.0 664.0 112.0 throughout
13440.0 8752.0 196.0 72.0 our
13696.0 8752.0 276.0 68.0 coun

11852.0 8872.0 168.0 108.0 try
12108.0 8868.0 252.0 92.0 who
12448.0 8892.0 180.0 68.0 are
12720.0 8868.0 344.0 96.0 better
13156.0 8868.0 444.0 92.0 citizens
13692.0 8868.0 324.0 112.0 today

11852.0 9000.0 456.0 96.0 because
12408.0 9000.0 100.0 96.0 in
12608.0 9004.0 476.0 112.0 boyhood
13188.0 9004.0 252.0 112.0 they
13536.0 9004.0 204.0 96.0 had
13848.0 9024.0 124.0 68.0 en

11848.0 9140.0 308.0 108.0 joyed
12316.0 9144.0 580.0 88.0 affiliation
13048.0 9140.0 264.0 92.0 with
13456.0 9140.0 180.0 88.0 the
13796.0 9140.0 216.0 108.0 Boy

11852.0 9280.0 412.0 88.0 Scouts.
12396.0 9276.0 224.0 96.0 And
12684.0 9304.0 112.0 68.0 so
12856.0 9272.0 44.0 96.0 I
12964.0 9272.0 212.0 96.0 like
13240.0 9284.0 108.0 84.0 to
13408.0 9276.0 308.0 92.0 think
13780.0 9276.0 224.0 88.0 that

11856.0 9412.0 176.0 92.0 the
12108.0 9412.0 340.0 92.0 ideals
12512.0 9412.0 116.0 96.0 of
12696.0 9412.0 492.0 112.0 scouting
13260.0 9436.0 180.0 68.0 are
13516.0 9416.0 176.0 84.0 not
13772.0 9412.0 200.0 88.0 sim-

11860.0 9548.0 164.0 112.0 ply
12108.0 9548.0 336.0 96.0 ideals
12520.0 9552.0 164.0 92.0 for
12756.0 9544.0 280.0 112.0 boys.

11968.0 9684.0 472.0 108.0 "Honor,
12512.0 9684.0 476.0 108.0 honesty,
13068.0 9680.0 944.0 112.0 straightforward

11856.0 9820.0 468.0 104.0 dealing,
12388.0 9824.0 208.0 88.0 and
12664.0 9844.0 64.0 68.0 a
12792.0 9820.0 308.0 104.0 spirit
13172.0 9820.0 116.0 92.0 of
13360.0 9820.0 656.0 112.0 helpfulness

11860.0 9960.0 412.0 88.0 toward
12360.0 9960.0 360.0 88.0 others
12804.0 9980.0 180.0 64.0 nre
13076.0 9960.0 332.0 88.0 ideals
13492.0 9960.0 168.0 88.0 for
13748.0 9976.0 272.0 76.0 men,

11860.0 10092.0 212.0 92.0 and
12148.0 10092.0 308.0 88.0 there
12528.0 10092.0 84.0 88.0 Is
12680.0 10112.0 60.0 72.0 a
12812.0 10092.0 344.0 92.0 better
13224.0 10100.0 496.0 104.0 prospect
13788.0 10096.0 228.0 88.0 that

11864.0 10252.0 148.0 72.0 we
12096.0 10228.0 284.0 92.0 shall
12460.0 10228.0 224.0 92.0 find
12768.0 10228.0 296.0 88.0 these
13148.0 10224.0 872.0 92.0 characteristics

11864.0 10364.0 96.0 92.0 in
12056.0 10364.0 192.0 92.0 the
12340.0 10384.0 236.0 72.0 men
12672.0 10364.0 116.0 88.0 of
12872.0 10364.0 180.0 88.0 the
13148.0 10364.0 360.0 88.0 future
13600.0 10364.0 80.0 88.0 if
13776.0 10364.0 244.0 108.0 they

11860.0 10524.0 180.0 68.0 are
12124.0 10500.0 604.0 96.0 Inculcated
12808.0 10500.0 100.0 92.0 in
12992.0 10496.0 480.0 112.0 boyhood
13556.0 10500.0 464.0 108.0 through

11868.0 10636.0 724.0 108.0 membership
12660.0 10636.0 104.0 88.0 In
12832.0 10636.0 180.0 88.0 the
13084.0 10636.0 224.0 112.0 Boy
13380.0 10640.0 408.0 88.0 Scouts.

11976.0 10768.0 360.0 96.0 "With
12400.0 10772.0 300.0 88.0 these
12756.0 10772.0 520.0 108.0 thoughts
13332.0 10768.0 104.0 92.0 In
13496.0 10792.0 172.0 92.0 my
13732.0 10768.0 288.0 92.0 mind

11860.0 10904.0 44.0 96.0 I
11960.0 10904.0 176.0 92.0 bid
12192.0 10908.0 144.0 92.0 nil
12392.0 10908.0 376.0 88.0 Scouts
12820.0 10928.0 60.0 72.0 a
12932.0 10904.0 504.0 96.0 welcome
13492.0 10908.0 108.0 88.0 to
13652.0 10908.0 328.0 88.0 Wash

11864.0 11044.0 412.0 108.0 Ington.
12420.0 11044.0 52.0 92.0 I
12556.0 11048.0 276.0 88.0 trust
12916.0 11044.0 236.0 88.0 that
13236.0 11064.0 264.0 88.0 your
13580.0 11044.0 444.0 108.0 sojourn

11868.0 11184.0 208.0 88.0 will
12152.0 11180.0 124.0 88.0 be
12352.0 11200.0 60.0 68.0 a
12488.0 11176.0 480.0 108.0 pleasant
13036.0 11200.0 200.0 64.0 one
13312.0 11176.0 208.0 92.0 and
13596.0 11180.0 240.0 88.0 that
13904.0 11200.0 120.0 68.0 as

11804.0 11336.0 12.0 68.0 :
11864.0 11340.0 56.0 64.0 a
11984.0 11312.0 340.0 92.0 result
12388.0 11312.0 112.0 92.0 of
12560.0 11336.0 256.0 88.0 your
12872.0 11308.0 228.0 96.0 rich
13164.0 11316.0 208.0 92.0 and
13432.0 11312.0 368.0 92.0 varied
13864.0 11336.0 124.0 68.0 ex

11868.0 11448.0 552.0 116.0 peilenccs
12504.0 11452.0 244.0 88.0 here
12824.0 11460.0 104.0 80.0 at
13020.0 11448.0 180.0 88.0 the
13280.0 11452.0 228.0 88.0 seat
13592.0 11448.0 116.0 92.0 of
13788.0 11468.0 220.0 88.0 gov-

11804.0 11604.0 12.0 84.0 !
11864.0 11612.0 88.0 60.0 ei
11988.0 11588.0 380.0 88.0 nnii'nt
12440.0 11604.0 204.0 84.0 you
12728.0 11584.0 200.0 88.0 will
13012.0 11580.0 128.0 92.0 be
13220.0 11580.0 344.0 96.0 better
13652.0 11588.0 376.0 84.0 Heouts

11804.0 11720.0 264.0 96.0 land
12168.0 11744.0 292.0 64.0 more
12552.0 11720.0 484.0 92.0 stalwart
13116.0 11720.0 440.0 88.0 citizens
13652.0 11716.0 104.0 92.0 In
13852.0 11720.0 172.0 88.0 the

11804.0 11840.0 8.0 108.0 I
11868.0 11880.0 312.0 92.0 years
12244.0 11860.0 108.0 88.0 to
12412.0 11856.0 388.0 92.0 come."

11800.0 11948.0 12.0 80.0 '
11972.0 11992.0 168.0 116.0 Up
12204.0 12000.0 112.0 84.0 to
12376.0 11992.0 176.0 92.0 the
12612.0 11992.0 196.0 92.0 last
12872.0 11988.0 412.0 96.0 minute
13344.0 11988.0 224.0 92.0 rain
13632.0 11992.0 352.0 88.0 thieat-

11800.0 12152.0 12.0 120.0 j
11868.0 12156.0 264.0 64.0 enet.
12216.0 12132.0 112.0 92.0 to
12400.0 12152.0 228.0 72.0 mar
12696.0 12136.0 176.0 88.0 the
12944.0 12132.0 572.0 108.0 gathering
13592.0 12136.0 108.0 84.0 to
13776.0 12132.0 248.0 88.0 hear

11804.0 12276.0 8.0 84.0 i
11864.0 12268.0 176.0 88.0 the
12116.0 12264.0 652.0 92.0 President's
12836.0 12264.0 532.0 92.0 welcome.

11980.0 12400.0 452.0 96.0 Certain
12568.0 12400.0 112.0 92.0 of
12808.0 12404.0 180.0 88.0 the
13128.0 12408.0 380.0 84.0 Scouts
13644.0 12400.0 380.0 120.0 passed

11872.0 12560.0 324.0 92.0 many
12324.0 12536.0 324.0 92.0 hours
12768.0 12536.0 324.0 108.0 tndiy
13216.0 12536.0 376.0 108.0 drying
13720.0 12540.0 280.0 88.0 tents

11860.0 12676.0 280.0 104.0 beds,
12244.0 12672.0 212.0 92.0 and
12500.0 12676.0 304.0 92.0 other
12840.0 12672.0 604.0 116.0 equipment
13496.0 12672.0 528.0 92.0 drenched

11868.0 12808.0 136.0 120.0 by
12076.0 12812.0 212.0 92.0 last
12368.0 12808.0 392.0 116.0 night's
12836.0 12808.0 344.0 116.0 heavy
13252.0 12816.0 260.0 88.0 rain.
13656.0 12812.0 92.0 92.0 A
13824.0 12812.0 200.0 88.0 few

11860.0 12948.0 376.0 112.0 troops
12308.0 12944.0 204.0 96.0 had
12580.0 12948.0 108.0 92.0 to
12752.0 12968.0 304.0 72.0 move
13124.0 12952.0 284.0 88.0 tents
13472.0 12952.0 112.0 88.0 to
13648.0 12948.0 376.0 112.0 higher

11804.0 13080.0 12.0 96.0 I
11856.0 13080.0 456.0 108.0 ground.

11856.0 15008.0 960.0 624.0 y0H
12944.0 15008.0 320.0 320.0 ii
13536.0 15008.0 1056.0 320.0 'year
14752.0 15008.0 3312.0 592.0 mereJMfSK

14400.0 1264.0 1456.0 376.0 COMMITTEE

14072.0 1964.0 844.0 104.0 CONTINUED
14984.0 1968.0 408.0 100.0 FROM
15456.0 1964.0 376.0 100.0 PAGE
15900.0 1964.0 316.0 100.0 ONE.

14068.0 2208.0 544.0 104.0 situation,
14700.0 2232.0 68.0 72.0 a
14852.0 2208.0 732.0 96.0 fifteen-week
15668.0 2204.0 348.0 120.0 period
16108.0 2204.0 116.0 96.0 of

14064.0 2348.0 608.0 120.0 swimming
14728.0 2348.0 640.0 96.0 Instruction
15424.0 2348.0 340.0 112.0 might
15812.0 2344.0 224.0 96.0 well
16092.0 2344.0 128.0 96.0 be

14068.0 2496.0 168.0 88.0 cut
14312.0 2496.0 108.0 88.0 to
14492.0 2488.0 328.0 112.0 eight.

14184.0 2628.0 428.0 108.0 Illisrh,
14708.0 2624.0 240.0 96.0 Phil
15036.0 2624.0 444.0 116.0 Zlegler,
15560.0 2624.0 260.0 96.0 Tarn
15908.0 2620.0 316.0 100.0 Deer-

14080.0 2760.0 196.0 120.0 Ing,
14340.0 2768.0 212.0 100.0 and
14632.0 2768.0 248.0 96.0 Mrs.
14944.0 2764.0 104.0 100.0 L.
15108.0 2764.0 104.0 104.0 J.
15272.0 2760.0 532.0 96.0 Bradford
15868.0 2760.0 112.0 96.0 of
16040.0 2768.0 184.0 88.0 the

14076.0 2908.0 680.0 92.0 commission
14816.0 2904.0 256.0 96.0 then
15128.0 2900.0 572.0 116.0 suggested
15760.0 2904.0 228.0 92.0 that
16048.0 2900.0 180.0 96.0 the

14080.0 3048.0 612.0 92.0 committee
14788.0 3040.0 432.0 124.0 provide
15320.0 3044.0 384.0 104.0 $20,000
15792.0 3040.0 164.0 96.0 for
16048.0 3044.0 184.0 92.0 the

14084.0 3184.0 720.0 108.0 commission,
14888.0 3184.0 180.0 92.0 the
15148.0 3184.0 336.0 92.0 latter
15564.0 3184.0 108.0 88.0 to
15748.0 3204.0 172.0 68.0 see
16000.0 3184.0 236.0 88.0 how

14088.0 3324.0 168.0 92.0 far
14368.0 3328.0 80.0 88.0 It
14560.0 3320.0 316.0 96.0 could
14984.0 3316.0 416.0 100.0 stretch
15512.0 3320.0 212.0 96.0 this
15832.0 3340.0 408.0 92.0 money.

14080.0 3464.0 396.0 92.0 Illrsch
14568.0 3460.0 232.0 96.0 aaid
14896.0 3460.0 264.0 108.0 thai,
15252.0 3460.0 116.0 92.0 at
15468.0 3456.0 136.0 100.0 all
15688.0 3460.0 392.0 100.0 events,
16172.0 3480.0 68.0 68.0 a

14084.0 3600.0 364.0 116.0 couple
14536.0 3608.0 120.0 92.0 of
14740.0 3592.0 732.0 128.0 playgrounds
15552.0 3592.0 336.0 116.0 might
15968.0 3596.0 272.0 92.0 have

14088.0 3744.0 108.0 96.0 to
14260.0 3744.0 128.0 88.0 be
14460.0 3740.0 388.0 96.0 closed.

14200.0 3880.0 224.0 96.0 The
14488.0 3880.0 616.0 92.0 committee
15164.0 3872.0 240.0 100.0 said
15472.0 3872.0 80.0 96.0 it
15608.0 3872.0 332.0 100.0 would
16008.0 3876.0 236.0 112.0 give

14092.0 4020.0 132.0 96.0 its
14296.0 4044.0 432.0 68.0 answer
14800.0 4040.0 136.0 72.0 on
15004.0 4016.0 336.0 96.0 funds
15416.0 4012.0 364.0 96.0 within
15848.0 4036.0 68.0 72.0 a
15988.0 4012.0 220.0 92.0 fort

14100.0 4160.0 324.0 116.0 night.

14272.0 4304.0 1808.0 536.0 anothTrship

14116.0 5156.0 844.0 112.0 CONTINUED
15032.0 5160.0 408.0 104.0 FROM
15508.0 5152.0 372.0 104.0 PAGE
15952.0 5148.0 312.0 100.0 ONE.

14116.0 5432.0 64.0 72.0 a
14252.0 5408.0 504.0 112.0 dispatch
14836.0 5404.0 272.0 96.0 from
15188.0 5396.0 552.0 112.0 Hslnking
15808.0 5392.0 224.0 96.0 said
16112.0 5408.0 116.0 76.0 re

14120.0 5548.0 288.0 100.0 ports
14560.0 5548.0 116.0 84.0 to
14820.0 5536.0 532.0 112.0 Japenese
15504.0 5536.0 764.0 104.0 headquarters

14116.0 5680.0 300.0 88.0 there
14520.0 5676.0 468.0 92.0 indicate
15084.0 5668.0 248.0 96.0 that
15432.0 5664.0 412.0 92.0 "Soviet
15940.0 5664.0 328.0 88.0 losses

14120.0 5832.0 176.0 72.0 are
14376.0 5808.0 176.0 92.0 far
14628.0 5808.0 420.0 112.0 greater
15120.0 5804.0 272.0 88.0 than
15472.0 5792.0 616.0 112.0 Imagined."

14240.0 5940.0 484.0 112.0 Military
14880.0 5932.0 652.0 116.0 spokesmen
15696.0 5928.0 240.0 92.0 here
16104.0 5948.0 124.0 68.0 ex-

14124.0 6072.0 432.0 112.0 pressed
14668.0 6080.0 304.0 104.0 great
15072.0 6084.0 496.0 84.0 concern,
15664.0 6060.0 332.0 112.0 citing
16100.0 6052.0 172.0 96.0 185

14124.0 6204.0 520.0 112.0 allegedly
14760.0 6200.0 348.0 116.0 illegal
15220.0 6200.0 240.0 92.0 acta
15568.0 6196.0 132.0 112.0 by
15808.0 6196.0 460.0 92.0 Russian

14124.0 6336.0 348.0 92.0 forces
14564.0 6340.0 432.0 108.0 against
15084.0 6336.0 756.0 96.0 Manchoukuo
15928.0 6336.0 100.0 84.0 In
16120.0 6348.0 112.0 68.0 re

14120.0 6476.0 240.0 88.0 cent
14460.0 6472.0 468.0 88.0 months.

14232.0 6604.0 552.0 108.0 Japanese
14872.0 6620.0 300.0 92.0 army
15268.0 6596.0 416.0 112.0 reports
15772.0 6592.0 220.0 96.0 said
16088.0 6592.0 184.0 92.0 the

14060.0 6736.0 536.0 96.0 KBusslan
14772.0 6736.0 396.0 88.0 vessels
15352.0 6728.0 104.0 92.0 in
15628.0 6724.0 644.0 116.0 yesterday's

14128.0 6872.0 292.0 92.0 clash
14500.0 6864.0 576.0 100.0 "Invaded"
15144.0 6864.0 192.0 92.0 the
15408.0 6864.0 328.0 92.0 Amur
15800.0 6860.0 476.0 96.0 Channel

14124.0 7004.0 208.0 96.0 and
14448.0 7000.0 412.0 116.0 opened
14976.0 7004.0 200.0 88.0 fire
15296.0 6996.0 424.0 116.0 against
15828.0 6996.0 444.0 92.0 soldiers

14124.0 7140.0 232.0 100.0 who
14424.0 7160.0 288.0 68.0 were
14788.0 7136.0 472.0 108.0 bathing.

14252.0 7272.0 516.0 116.0 Artillery
14904.0 7260.0 568.0 104.0 retaliated
15616.0 7264.0 268.0 96.0 from
16032.0 7260.0 252.0 116.0 high

14136.0 7412.0 520.0 108.0 positions
14748.0 7408.0 232.0 92.0 that
15068.0 7408.0 548.0 92.0 dominate
15704.0 7408.0 372.0 84.0 traffic
16176.0 7408.0 100.0 84.0 in

14140.0 7552.0 176.0 88.0 the
14392.0 7548.0 312.0 92.0 river.

14252.0 7680.0 80.0 92.0 A
14424.0 7676.0 536.0 116.0 Japanese
15044.0 7700.0 312.0 96.0 army
15436.0 7668.0 844.0 104.0 announcement

14132.0 7820.0 224.0 96.0 said
14456.0 7840.0 204.0 68.0 one
14760.0 7816.0 476.0 116.0 gunboat
15336.0 7812.0 300.0 120.0 sank,
15732.0 7836.0 64.0 68.0 a
15888.0 7808.0 392.0 96.0 second

14132.0 7980.0 216.0 64.0 was
14404.0 7952.0 484.0 96.0 disabled
14956.0 7956.0 264.0 92.0 with
15284.0 7952.0 340.0 112.0 heavy
15684.0 7944.0 328.0 96.0 losses
16072.0 7948.0 208.0 92.0 and

14136.0 8092.0 380.0 112.0 finally
14576.0 8088.0 508.0 96.0 stranded
15140.0 8112.0 144.0 72.0 on
15340.0 8088.0 180.0 92.0 the
15572.0 8084.0 356.0 108.0 beach,
15980.0 8080.0 308.0 96.0 while

14124.0 8228.0 180.0 92.0 the
14392.0 8224.0 296.0 100.0 third
14780.0 8224.0 332.0 96.0 found
15200.0 8224.0 380.0 108.0 refuge
15668.0 8216.0 380.0 100.0 behind
16140.0 8244.0 136.0 72.0 an

14144.0 8364.0 376.0 96.0 island.

14256.0 8492.0 552.0 112.0 Japanese
14924.0 8516.0 444.0 68.0 sources
15496.0 8484.0 480.0 116.0 reported
16100.0 8488.0 188.0 92.0 the

14124.0 8632.0 480.0 96.0 Russian
14676.0 8632.0 328.0 96.0 Amur
15068.0 8632.0 336.0 92.0 River
15464.0 8632.0 280.0 100.0 fleet,
15804.0 8624.0 460.0 92.0 number

14256.0 9760.0 752.0 992.0 1

16128.0 11800.0 384.0 272.0 '95:

13968.0 14272.0 240.0 160.0 -
14304.0 14000.0 1008.0 640.0 and
15440.0 14016.0 2624.0 960.0 fenyltay

13712.0 15632.0 1008.0 544.0 l''Yi
14896.0 15632.0 1344.0 560.0 Good

14112.0 24752.0 1632.0 896.0 nnrr

16320.0 1256.0 176.0 124.0 ing
16584.0 1280.0 296.0 76.0 mora
16968.0 1260.0 272.0 100.0 than
17340.0 1280.0 72.0 76.0 a
17496.0 1256.0 344.0 100.0 dozen
17932.0 1244.0 580.0 124.0 gunboati,

16304.0 1396.0 208.0 96.0 and
16616.0 1420.0 324.0 96.0 many
17048.0 1392.0 604.0 124.0 seaplanes,
17760.0 1412.0 296.0 72.0 were
18160.0 1384.0 332.0 120.0 being

16316.0 1540.0 752.0 92.0 concentrated
17160.0 1536.0 184.0 96.0 for
17432.0 1560.0 68.0 72.0 a
17584.0 1524.0 928.0 104.0 counter-attack.

16412.0 1672.0 528.0 96.0 Powerful
16976.0 1660.0 1524.0 128.0 Japanese-Manchoukuoan

16320.0 1808.0 876.0 100.0 reinforcements
17292.0 1832.0 280.0 72.0 were
17672.0 1804.0 332.0 120.0 being
18092.0 1800.0 408.0 100.0 rushed

16324.0 1948.0 104.0 88.0 to
16484.0 1948.0 180.0 92.0 the
16736.0 1948.0 280.0 92.0 river
17076.0 1952.0 120.0 88.0 to
17264.0 1964.0 452.0 100.0 prepare
17784.0 1940.0 184.0 100.0 for
18028.0 1936.0 472.0 120.0 posslbla

16316.0 2080.0 732.0 100.0 eventualities
17116.0 2080.0 116.0 96.0 in
17304.0 2104.0 68.0 72.0 a
17436.0 2088.0 236.0 92.0 tens
17808.0 2076.0 552.0 100.0 situation.

16436.0 2220.0 220.0 96.0 The
16792.0 2220.0 544.0 116.0 Japanese
17468.0 2212.0 732.0 100.0 Government
18336.0 2208.0 120.0 100.0 in-

16328.0 2360.0 472.0 96.0 structed
16912.0 2364.0 132.0 92.0 its
17156.0 2352.0 740.0 96.0 Ambassador
18000.0 2348.0 112.0 100.0 in
18212.0 2348.0 252.0 100.0 Mod-

16332.0 2512.0 244.0 92.0 cow,
16672.0 2488.0 492.0 100.0 Mamoru
17268.0 2488.0 700.0 116.0 Shigemitau,
18056.0 2492.0 108.0 92.0 to
18256.0 2508.0 208.0 100.0 pro

16324.0 2628.0 200.0 96.0 test
16588.0 2628.0 424.0 112.0 against
17080.0 2636.0 188.0 88.0 the
17332.0 2628.0 412.0 112.0 alleged
17816.0 2624.0 484.0 96.0 invasion
18368.0 2624.0 132.0 100.0 of

16344.0 2768.0 736.0 96.0 Manchoukuo
17148.0 2768.0 520.0 112.0 territory
17732.0 2788.0 140.0 80.0 on
17944.0 2760.0 360.0 100.0 behalf
18368.0 2760.0 132.0 100.0 of

16340.0 2900.0 336.0 116.0 Japan
16764.0 2904.0 336.0 96.0 under
17172.0 2904.0 188.0 96.0 the
17440.0 2904.0 340.0 92.0 terms
17868.0 2900.0 116.0 96.0 of
18064.0 2896.0 172.0 100.0 tha
18316.0 2900.0 208.0 96.0 Ja-

16336.0 3040.0 1008.0 116.0 pan-Manchoukuo
17404.0 3040.0 560.0 96.0 defensive
18020.0 3032.0 496.0 104.0 alliance.

16468.0 3300.0 484.0 120.0 Moscow,
17032.0 3308.0 284.0 100.0 June
17396.0 3312.0 116.0 92.0 30
17644.0 3308.0 296.0 108.0 (AP.)
18072.0 3304.0 456.0 124.0 Japan's

16360.0 3444.0 708.0 100.0 Ambassador
17152.0 3456.0 112.0 88.0 to
17348.0 3452.0 400.0 96.0 Russia
17828.0 3448.0 248.0 104.0 mad
18216.0 3448.0 316.0 96.0 clear

16364.0 3584.0 100.0 96.0 In
16544.0 3608.0 140.0 76.0 an
16780.0 3588.0 556.0 96.0 Interview
17420.0 3592.0 324.0 112.0 today
17828.0 3592.0 248.0 96.0 that
18152.0 3588.0 380.0 116.0 Japan

16364.0 3724.0 416.0 108.0 Intends
16872.0 3732.0 104.0 88.0 to
17072.0 3732.0 416.0 112.0 protect
17576.0 3728.0 276.0 116.0 fully
17944.0 3728.0 540.0 92.0 Manchou-

16364.0 3860.0 292.0 104.0 kuo'a
16716.0 3868.0 312.0 92.0 claim
17096.0 3868.0 112.0 92.0 to
17276.0 3864.0 400.0 100.0 Islands
17736.0 3892.0 148.0 68.0 on
17944.0 3868.0 176.0 96.0 the
18176.0 3864.0 364.0 104.0 Amur

16372.0 4000.0 348.0 108.0 River,
16812.0 4004.0 220.0 96.0 also
17116.0 4004.0 456.0 96.0 claimed
17660.0 4004.0 144.0 116.0 by
17896.0 4004.0 176.0 96.0 tha
18156.0 4008.0 384.0 100.0 Soviet

16368.0 4136.0 744.0 100.0 Government.

16484.0 4280.0 728.0 92.0 Ambassador
17252.0 4276.0 488.0 100.0 Mamoru
17784.0 4280.0 760.0 116.0 Shlgemltau'a

16372.0 4420.0 308.0 92.0 stand
16752.0 4444.0 220.0 68.0 was
17036.0 4416.0 376.0 100.0 voiced
17476.0 4420.0 424.0 116.0 shortly
17964.0 4420.0 356.0 100.0 before
18392.0 4420.0 148.0 96.0 ha

16376.0 4556.0 504.0 116.0 departed
16996.0 4556.0 172.0 96.0 for
17288.0 4580.0 64.0 72.0 a
17464.0 4560.0 544.0 112.0 midnight
18112.0 4556.0 388.0 100.0 confer-

16372.0 4720.0 248.0 68.0 ence
16684.0 4708.0 112.0 80.0 at
16860.0 4696.0 176.0 96.0 the
17100.0 4696.0 476.0 96.0 Russian
17644.0 4696.0 460.0 116.0 Foreign
18160.0 4696.0 384.0 100.0 Office

16376.0 4832.0 204.0 96.0 and
16656.0 4832.0 364.0 100.0 before
17092.0 4836.0 192.0 92.0 the
17360.0 4836.0 544.0 112.0 Japanese
17976.0 4836.0 204.0 96.0 and
18256.0 4836.0 248.0 96.0 Rus-

16376.0 4976.0 224.0 88.0 sian
16704.0 4972.0 792.0 96.0 Governments
17600.0 4972.0 212.0 96.0 had
17920.0 4976.0 628.0 116.0 exchanged

16384.0 5112.0 316.0 116.0 sharp
16764.0 5116.0 472.0 108.0 protests
17300.0 5136.0 132.0 72.0 on
17496.0 5108.0 176.0 96.0 the
17740.0 5112.0 292.0 96.0 basis
18084.0 5112.0 112.0 96.0 of
18252.0 5136.0 68.0 76.0 a
18384.0 5132.0 124.0 76.0 re-

16368.0 5244.0 368.0 116.0 ported
16844.0 5248.0 300.0 92.0 clash
17260.0 5244.0 480.0 100.0 between
17856.0 5244.0 348.0 100.0 Soviet
18312.0 5248.0 232.0 96.0 and

16368.0 5380.0 896.0 96.0 Manrhouluioan
17404.0 5384.0 356.0 92.0 forces
17896.0 5404.0 256.0 72.0 near
18276.0 5388.0 228.0 92.0 Sen-

16368.0 5524.0 260.0 92.0 nufu
16696.0 5520.0 420.0 96.0 Islands
17176.0 5520.0 112.0 96.0 in
17352.0 5524.0 176.0 88.0 the
17592.0 5520.0 348.0 96.0 Amur
17992.0 5516.0 440.0 100.0 section.

16492.0 5660.0 664.0 112.0 Shigemltsu
17220.0 5660.0 544.0 92.0 indicated
17828.0 5664.0 108.0 96.0 in
18000.0 5660.0 156.0 96.0 his
18216.0 5660.0 308.0 96.0 Inter-

16380.0 5800.0 264.0 92.0 view
16720.0 5804.0 232.0 92.0 that
17028.0 5800.0 364.0 112.0 Japan
17468.0 5796.0 260.0 96.0 does
17804.0 5800.0 184.0 96.0 not
18056.0 5796.0 512.0 96.0 consider

16384.0 5940.0 172.0 92.0 Ihe
16668.0 5936.0 404.0 100.0 Islands
17180.0 5936.0 424.0 120.0 subject
17712.0 5940.0 120.0 92.0 to
17932.0 5936.0 640.0 120.0 diplomatic

16384.0 6080.0 620.0 92.0 discussion.

16692.0 6524.0 1640.0 228.0 AnEIOHCST

17152.0 6860.0 720.0 232.0 Storo

16800.0 7204.0 1436.0 232.0 Chock-full

16712.0 7548.0 264.0 220.0 of
17128.0 7544.0 1192.0 224.0 HONEST

16908.0 7880.0 1224.0 228.0 VJ1LUCCI

16568.0 8180.0 464.0 420.0 ITD

16464.0 9760.0 1760.0 464.0 ALASKA

16124.0 10368.0 152.0 104.0 An
16316.0 10404.0 296.0 68.0 ocean
16656.0 10400.0 376.0 104.0 voyage
17080.0 10356.0 436.0 132.0 through
17568.0 10356.0 176.0 104.0 tha
17796.0 10356.0 572.0 108.0 mountains

16124.0 10500.0 232.0 100.0 then
16400.0 10500.0 396.0 116.0 Alaska,
16836.0 10496.0 332.0 104.0 (smril
17220.0 10492.0 224.0 104.0 land
17488.0 10492.0 112.0 104.0 of
17640.0 10492.0 176.0 104.0 the
17848.0 10512.0 300.0 80.0 tolem
18184.0 10488.0 332.0 132.0 poles.

16120.0 10636.0 336.0 100.0 Outse
16500.0 10636.0 228.0 96.0 nine
16768.0 10628.0 248.0 128.0 days
17060.0 10624.0 368.0 104.0 slxurd
17484.0 10656.0 56.0 68.0 a
17592.0 10620.0 448.0 164.0 palatial,
18076.0 10620.0 448.0 104.0 wireleM

16284.0 10896.0 148.0 100.0 All
16472.0 10892.0 384.0 100.0 outside
16896.0 10920.0 360.0 68.0 rooms.
17308.0 10884.0 320.0 104.0 Meals
17672.0 10880.0 232.0 108.0 that
17944.0 10916.0 224.0 68.0 esrn
18220.0 10880.0 252.0 132.0 high-

16124.0 11044.0 148.0 80.0 est
16308.0 11028.0 336.0 148.0 praise.
16696.0 11020.0 148.0 104.0 Kn
16880.0 11040.0 316.0 96.0 route,
17236.0 11036.0 224.0 112.0 stop
17500.0 11036.0 104.0 80.0 at
17640.0 11012.0 352.0 124.0 Jasper
18020.0 11008.0 508.0 112.0 National

16132.0 11152.0 240.0 108.0 I'trk
16412.0 11156.0 92.0 100.0 in
16552.0 11152.0 172.0 104.0 the
16752.0 11148.0 520.0 104.0 Canadian
17316.0 11144.0 448.0 108.0 Hmlira.
17812.0 11140.0 464.0 132.0 Through
18320.0 11148.0 152.0 96.0 air-

16128.0 11280.0 616.0 108.0 conditioned
16824.0 11280.0 564.0 156.0 lrejingcar
17416.0 11280.0 372.0 100.0 service
17812.0 11272.0 244.0 112.0 from
18076.0 11280.0 140.0 100.0 St
18252.0 11268.0 276.0 112.0 Paul

16260.0 11416.0 564.0 124.0 connecting
16872.0 11412.0 244.0 104.0 with
17176.0 11412.0 128.0 100.0 all
17364.0 11408.0 464.0 128.0 morning
17884.0 11408.0 304.0 100.0 trains
18236.0 11408.0 288.0 100.0 from

16128.0 11544.0 420.0 136.0 Chicago
16704.0 11564.0 104.0 84.0 to
16868.0 11540.0 352.0 136.0 Jasper
17292.0 11540.0 244.0 108.0 I'srlt
17608.0 11532.0 204.0 112.0 and
17892.0 11536.0 620.0 104.0 Vancouver.

16540.0 11796.0 1216.0 92.0 9dav-Vancniivrr.Viiltlr
17792.0 11796.0 512.0 92.0 loSkaiwsv
18340.0 11796.0 180.0 84.0 mrA

16488.0 11920.0 292.0 68.0 rrlum.
16836.0 11908.0 120.0 80.0 All
17000.0 11908.0 328.0 76.0 nuikirir
17368.0 11924.0 264.0 56.0 moms
17672.0 11904.0 456.0 84.0 $!fri()t
18172.0 11904.0 108.0 76.0 dr
18320.0 11900.0 204.0 80.0 lute

16484.0 12008.0 300.0 72.0 ivirlora
16912.0 12000.0 620.0 80.0 IlrtuirUdsv
17556.0 11996.0 804.0 84.0 cruinevuMtks.fi

16128.0 12100.0 188.0 80.0 with
16348.0 12124.0 352.0 72.0 lutwruir
16824.0 12104.0 460.0 80.0 mmnvKtm
17304.0 12104.0 164.0 76.0 imw
17500.0 12108.0 88.0 68.0 at
17620.0 12096.0 332.0 96.0 aliKhtly
17988.0 12096.0 272.0 80.0 hiilwr
18292.0 12108.0 224.0 68.0 coat.

16220.0 12200.0 228.0 88.0 l-aiea
16492.0 12204.0 316.0 84.0 include
16852.0 12204.0 248.0 80.0 mcali
17140.0 12204.0 164.0 80.0 and
17348.0 12200.0 232.0 80.0 bctlh
17616.0 12208.0 292.0 88.0 except
17948.0 12208.0 80.0 68.0 at
18068.0 12196.0 444.0 96.0 hkagway.

16116.0 12332.0 336.0 76.0 Inntult
16532.0 12332.0 228.0 76.0 tour
16820.0 12332.0 312.0 76.0 TraArl
17200.0 12328.0 276.0 88.0 Aitrnt
17544.0 12348.0 100.0 60.0 or

15944.0 12440.0 96.0 120.0 J.
16100.0 12436.0 108.0 108.0 I,.
16264.0 12436.0 464.0 128.0 Ilitklry,
16784.0 12436.0 592.0 120.0 I'afi-ngrr
17428.0 12436.0 388.0 112.0 Ani-nt.

15692.0 12576.0 220.0 104.0 206
15968.0 12580.0 312.0 100.0 Dixie
16340.0 12572.0 536.0 108.0 Terminal
16988.0 12580.0 304.0 108.0 I..,
17348.0 12568.0 316.0 104.0 MAin
17724.0 12572.0 324.0 100.0 2W(t.

16416.0 15632.0 848.0 560.0 luc

16320.0 24736.0 992.0 1312.0 J
