19192 28900
5624.0 840.0 468.0 164.0 THE
6280.0 828.0 1308.0 200.0 ENQUIRER,
7784.0 824.0 1524.0 196.0 CINCINNATI,
9540.0 816.0 1348.0 196.0 THURSDAY,
11060.0 820.0 600.0 164.0 JULY
11856.0 832.0 164.0 180.0 1,
12216.0 832.0 568.0 164.0 1937

392.0 1384.0 1008.0 392.0 DIVORCE
1536.0 1376.0 800.0 376.0 ASKED

300.0 2108.0 352.0 216.0 For
804.0 2100.0 360.0 216.0 Aid
1312.0 2104.0 212.0 212.0 In
1680.0 2092.0 788.0 224.0 Politics.

416.0 2696.0 160.0 124.0 Ilia
696.0 2696.0 428.0 120.0 Senate
1244.0 2692.0 356.0 164.0 Group
1736.0 2688.0 340.0 152.0 I'rpes
2196.0 2684.0 264.0 152.0 Quiz

540.0 2896.0 196.0 136.0 For
808.0 2892.0 472.0 136.0 Pension
1360.0 2888.0 488.0 144.0 Division
1924.0 2888.0 288.0 132.0 Willi

784.0 3104.0 388.0 124.0 Stress
1244.0 3108.0 156.0 120.0 On
1476.0 3088.0 500.0 144.0 Policies.

416.0 3596.0 612.0 116.0 Columbus,
1100.0 3600.0 292.0 116.0 Ohio,
1456.0 3604.0 288.0 100.0 June
1816.0 3596.0 508.0 104.0 30(AP)

296.0 3764.0 516.0 112.0 Removal
928.0 3772.0 120.0 96.0 of
1156.0 3764.0 708.0 116.0 ald-for-aged
1976.0 3760.0 448.0 104.0 adminis-

292.0 3940.0 396.0 96.0 tration
824.0 3936.0 296.0 96.0 from
1248.0 3940.0 412.0 116.0 politics
1792.0 3964.0 220.0 68.0 was
2128.0 3932.0 332.0 112.0 urged

296.0 4108.0 320.0 116.0 today
712.0 4108.0 148.0 116.0 by
960.0 4132.0 68.0 68.0 a
1132.0 4104.0 376.0 100.0 Senate
1612.0 4096.0 844.0 104.0 sub-committee

296.0 4280.0 384.0 112.0 report,
752.0 4272.0 364.0 100.0 which
1188.0 4276.0 520.0 116.0 proposed
1784.0 4296.0 132.0 72.0 an
1996.0 4268.0 420.0 96.0 Immedi-

296.0 4452.0 180.0 96.0 ate
528.0 4448.0 764.0 112.0 Investigation
1352.0 4448.0 112.0 92.0 of
1516.0 4448.0 180.0 96.0 the
1756.0 4436.0 472.0 96.0 division.

420.0 4616.0 216.0 96.0 The
712.0 4640.0 352.0 92.0 group
1140.0 4616.0 324.0 96.0 asked
1544.0 4616.0 176.0 92.0 the
1804.0 4608.0 380.0 92.0 Senate
2264.0 4608.0 184.0 92.0 Re-

296.0 4784.0 700.0 96.0 Codification
1088.0 4784.0 620.0 96.0 Committee
1800.0 4780.0 112.0 88.0 to
1992.0 4776.0 244.0 92.0 take
2324.0 4800.0 144.0 92.0 up

304.0 4952.0 736.0 116.0 Immediately
1100.0 4956.0 132.0 96.0 its
1284.0 4944.0 676.0 112.0 susgestions
2016.0 4952.0 160.0 84.0 "to
2240.0 4972.0 188.0 88.0 pro-

300.0 5124.0 216.0 92.0 tect
588.0 5124.0 180.0 92.0 the
844.0 5124.0 568.0 116.0 taxpayers
1484.0 5116.0 116.0 88.0 of
1672.0 5112.0 308.0 108.0 Ohio,
2048.0 5136.0 112.0 68.0 as
2228.0 5108.0 236.0 92.0 well

304.0 5312.0 120.0 72.0 as
480.0 5292.0 168.0 96.0 the
708.0 5292.0 584.0 112.0 recipients
1344.0 5284.0 108.0 96.0 of
1512.0 5276.0 588.0 120.0 pensions."

424.0 5460.0 88.0 96.0 A
584.0 5456.0 600.0 112.0 bipartisan
1256.0 5452.0 320.0 96.0 board
1656.0 5452.0 108.0 88.0 to
1844.0 5448.0 372.0 100.0 handle
2288.0 5444.0 184.0 96.0 the

304.0 5620.0 592.0 112.0 $30,000,000
1020.0 5620.0 356.0 116.0 yearly
1488.0 5612.0 248.0 124.0 paid
1868.0 5616.0 108.0 92.0 to
2088.0 5616.0 388.0 100.0 100,000

300.0 5796.0 268.0 116.0 aged
628.0 5792.0 488.0 96.0 Ohioans
1176.0 5816.0 212.0 72.0 was
1448.0 5784.0 844.0 100.0 recommended.

428.0 5960.0 212.0 96.0 The
728.0 5964.0 444.0 108.0 regular
1252.0 5960.0 400.0 88.0 session
1744.0 5956.0 116.0 92.0 of
1948.0 5956.0 172.0 92.0 the
2200.0 5952.0 236.0 96.0 Gen-

300.0 6100.0 228.0 92.0 eral
608.0 6096.0 572.0 120.0 Assembly
1256.0 6096.0 536.0 112.0 approved
1880.0 6084.0 596.0 120.0 legislation

308.0 6232.0 344.0 104.0 which
736.0 6236.0 516.0 112.0 virtually
1336.0 6228.0 648.0 96.0 centralized
2068.0 6224.0 412.0 96.0 control

304.0 6372.0 124.0 92.0 of
480.0 6372.0 164.0 100.0 aid
708.0 6376.0 180.0 92.0 for
944.0 6372.0 268.0 112.0 aged
1268.0 6376.0 104.0 92.0 in
1420.0 6372.0 176.0 92.0 the
1656.0 6368.0 304.0 100.0 State
2020.0 6364.0 464.0 96.0 Welfare

308.0 6504.0 752.0 116.0 Department.

432.0 6644.0 372.0 116.0 Henry
864.0 6644.0 100.0 100.0 J.
1036.0 6644.0 536.0 104.0 Bcrrodin,
1644.0 6640.0 304.0 96.0 State
2016.0 6640.0 464.0 108.0 Old-Age

308.0 6772.0 456.0 100.0 Pension
956.0 6784.0 876.0 104.0 Administrator,
2004.0 6776.0 480.0 96.0 declined

308.0 6920.0 540.0 92.0 comment
944.0 6944.0 136.0 76.0 on
1180.0 6924.0 168.0 88.0 the
1440.0 6916.0 1044.0 92.0 recommendations

312.0 7048.0 324.0 104.0 "until
724.0 7056.0 220.0 92.0 I've
1048.0 7060.0 204.0 88.0 had
1344.0 7076.0 132.0 72.0 an
1584.0 7052.0 684.0 116.0 opportunity
2372.0 7056.0 108.0 88.0 to

312.0 7200.0 484.0 92.0 examine
864.0 7200.0 296.0 88.0 thorn
1228.0 7188.0 728.0 112.0 thoroughly."

456.0 7332.0 500.0 88.0 Methods
1052.0 7336.0 112.0 88.0 of
1252.0 7332.0 816.0 112.0 appropriating
2156.0 7324.0 332.0 96.0 funds

328.0 7468.0 168.0 96.0 for
552.0 7472.0 512.0 108.0 pensions
1124.0 7492.0 264.0 68.0 were
1444.0 7464.0 544.0 96.0 criticized
2044.0 7464.0 124.0 116.0 by
2228.0 7468.0 204.0 88.0 Sen-

336.0 7608.0 236.0 88.0 ator
696.0 7604.0 296.0 96.0 John
1128.0 7604.0 400.0 112.0 Taylor,
1664.0 7600.0 820.0 100.0 Democrat,

336.0 7736.0 736.0 108.0 Columbiana,
1136.0 7740.0 608.0 92.0 committee
1808.0 7736.0 252.0 92.0 Vice
2116.0 7732.0 332.0 96.0 Chair-

332.0 7896.0 272.0 80.0 man.
456.0 8012.0 312.0 96.0 "This
872.0 8012.0 604.0 96.0 committee
1572.0 8000.0 388.0 96.0 should
2060.0 7996.0 384.0 92.0 lnvesti-

272.0 8152.0 20.0 28.0 '
336.0 8152.0 240.0 112.0 gate
644.0 8152.0 188.0 92.0 the
904.0 8144.0 680.0 104.0 advisability
1652.0 8136.0 124.0 92.0 of
1840.0 8132.0 508.0 112.0 adopting
2424.0 8156.0 68.0 68.0 a

340.0 8284.0 340.0 116.0 policy
792.0 8284.0 124.0 100.0 of
1028.0 8272.0 820.0 116.0 appropriating
1956.0 8268.0 236.0 112.0 only
2304.0 8268.0 192.0 92.0 the

344.0 8440.0 376.0 96.0 money
808.0 8412.0 356.0 96.0 which
1252.0 8412.0 88.0 88.0 is
1428.0 8432.0 136.0 68.0 on
1660.0 8404.0 320.0 108.0 hand,
2072.0 8400.0 420.0 96.0 instead

336.0 8560.0 116.0 92.0 of
512.0 8556.0 168.0 96.0 the
744.0 8548.0 440.0 124.0 present
1244.0 8544.0 344.0 116.0 policy
1648.0 8544.0 120.0 92.0 of
1824.0 8540.0 624.0 112.0 appropriat-

340.0 8692.0 180.0 108.0 ing
584.0 8692.0 104.0 92.0 in
752.0 8676.0 704.0 120.0 anticipation
1592.0 8696.0 64.0 72.0 a
1728.0 8676.0 340.0 112.0 policy
2132.0 8672.0 316.0 92.0 incon-

332.0 8820.0 384.0 96.0 sistent
776.0 8816.0 272.0 96.0 with
1108.0 8836.0 188.0 72.0 our
1356.0 8812.0 332.0 100.0 social
1752.0 8808.0 460.0 112.0 security
2272.0 8804.0 220.0 96.0 and

340.0 8952.0 876.0 116.0 unemployment
1388.0 8952.0 576.0 92.0 insurance
2140.0 8940.0 356.0 112.0 laws,"

336.0 9084.0 388.0 116.0 Taylor
792.0 9088.0 272.0 96.0 said.

420.0 9224.0 156.0 88.0 An
644.0 9208.0 760.0 124.0 investigation
1448.0 9216.0 116.0 92.0 of
1628.0 9216.0 440.0 120.0 pension
2112.0 9220.0 380.0 108.0 grants

336.0 9352.0 116.0 100.0 to
568.0 9380.0 456.0 88.0 persons
1144.0 9360.0 228.0 88.0 who
1492.0 9364.0 136.0 84.0 do
1752.0 9356.0 188.0 88.0 not
2056.0 9352.0 440.0 92.0 deserve

340.0 9492.0 332.0 108.0 them;
780.0 9524.0 64.0 72.0 a
948.0 9512.0 380.0 96.0 survey
1420.0 9492.0 112.0 88.0 to
1628.0 9488.0 588.0 92.0 determine
2312.0 9488.0 188.0 92.0 the

340.0 9628.0 692.0 112.0 advisability
1108.0 9628.0 108.0 88.0 of
1292.0 9624.0 708.0 112.0 establishing
2072.0 9648.0 60.0 68.0 a
2212.0 9628.0 284.0 84.0 trunt

348.0 9764.0 256.0 92.0 fund
708.0 9768.0 288.0 88.0 from
1104.0 9760.0 332.0 96.0 which
1548.0 9760.0 500.0 112.0 pensions
2148.0 9756.0 348.0 92.0 would

348.0 9900.0 120.0 92.0 be
556.0 9900.0 296.0 116.0 paid;
956.0 9924.0 60.0 64.0 a
1112.0 9896.0 788.0 92.0 retrenchment
2000.0 9912.0 492.0 92.0 program

344.0 10036.0 200.0 92.0 and
612.0 10032.0 608.0 112.0 legislation
1276.0 10040.0 108.0 84.0 to
1444.0 10032.0 448.0 120.0 prevent
1952.0 10032.0 544.0 88.0 executive

340.0 10168.0 360.0 96.0 orders
764.0 10172.0 176.0 92.0 for
996.0 10168.0 428.0 92.0 blanket
1488.0 10164.0 540.0 92.0 increases
2084.0 10164.0 100.0 92.0 in
2248.0 10184.0 200.0 92.0 pen-

344.0 10312.0 316.0 104.0 sions,
724.0 10328.0 284.0 72.0 were
1072.0 10324.0 384.0 92.0 among
1516.0 10304.0 312.0 88.0 other
1892.0 10304.0 608.0 88.0 committee

348.0 10440.0 1064.0 96.0 recommendations.

956.0 10900.0 508.0 184.0 Visit
1548.0 10892.0 368.0 184.0 the

872.0 11236.0 408.0 184.0 BIG
1420.0 11236.0 580.0 184.0 Store

1144.0 11584.0 600.0 180.0 NOW

688.0 11936.0 460.0 172.0 Yew
1272.0 11924.0 496.0 184.0 Will
1900.0 11928.0 276.0 168.0 Ee

1848.0 21044.0 420.0 108.0 Bonifa:
2356.0 21036.0 236.0 112.0 Will

1848.0 21212.0 236.0 108.0 who
2156.0 21244.0 384.0 76.0 craves

1848.0 21372.0 712.0 116.0 conditioned

496.0 19280.0 888.0 456.0 IJ"

1160.0 22928.0 308.0 128.0 Now,
1532.0 22928.0 408.0 128.0 Bonita,
2000.0 22904.0 444.0 132.0 doesn't
2504.0 22928.0 200.0 112.0 this
2780.0 22920.0 320.0 120.0 make
3172.0 22968.0 328.0 76.0 sense
3572.0 22948.0 108.0 92.0 to
3744.0 22924.0 300.0 148.0 you?

1156.0 23088.0 236.0 116.0 Last
1468.0 23096.0 412.0 128.0 winter,
1932.0 23128.0 124.0 76.0 as
2144.0 23088.0 352.0 136.0 usual,
2572.0 23096.0 72.0 104.0 it
2724.0 23128.0 236.0 76.0 was
3044.0 23096.0 284.0 108.0 cold.
3440.0 23096.0 332.0 108.0 What
3848.0 23100.0 188.0 108.0 did

1156.0 23288.0 216.0 112.0 you
1460.0 23252.0 240.0 116.0 do?
1784.0 23252.0 552.0 148.0 Certainly
2412.0 23292.0 212.0 104.0 you
2704.0 23260.0 356.0 108.0 didnt
3136.0 23264.0 128.0 104.0 sit
3344.0 23264.0 424.0 108.0 around
3860.0 23264.0 184.0 112.0 the

1168.0 23424.0 348.0 112.0 house
1592.0 23420.0 484.0 116.0 bundled
2156.0 23460.0 148.0 100.0 up
2380.0 23424.0 96.0 108.0 in
2544.0 23420.0 224.0 116.0 furs
2832.0 23420.0 208.0 112.0 like
3100.0 23456.0 140.0 76.0 an
3316.0 23424.0 436.0 116.0 Eskimo.
3832.0 23428.0 216.0 128.0 No,

1160.0 23620.0 216.0 108.0 you
1456.0 23588.0 420.0 112.0 started
1956.0 23624.0 136.0 100.0 up
2168.0 23624.0 72.0 76.0 a
2312.0 23584.0 464.0 116.0 furnace
2848.0 23588.0 336.0 108.0 which
3264.0 23588.0 80.0 112.0 is
3420.0 23592.0 332.0 140.0 really
3820.0 23608.0 228.0 96.0 sort

1160.0 23752.0 120.0 116.0 of
1336.0 23788.0 68.0 80.0 a
1476.0 23756.0 496.0 112.0 machine
2028.0 23752.0 180.0 116.0 for
2268.0 23752.0 432.0 140.0 making
2768.0 23752.0 476.0 116.0 warmth.

1280.0 24384.0 344.0 208.0 71?
1984.0 24384.0 1192.0 176.0 4tF'L
3228.0 24384.0 88.0 184.0 .1
3884.0 24412.0 204.0 180.0 K

504.0 26280.0 344.0 344.0 fa
3720.0 26184.0 2272.0 440.0 'fi-'f
6064.0 26192.0 184.0 416.0 I

2672.0 1360.0 1824.0 656.0 YES

3972.0 2160.0 176.0 212.0 By
4224.0 2148.0 640.0 180.0 LOUISE

2580.0 2484.0 252.0 68.0 iJeain
2900.0 2480.0 236.0 68.0 tirre:
3208.0 2476.0 264.0 72.0 I.lnda
3536.0 2476.0 332.0 72.0 Shame
3924.0 2472.0 268.0 72.0 meela
4260.0 2464.0 220.0 76.0 Nit'k
4544.0 2464.0 160.0 72.0 Cor-

2680.0 2580.0 136.0 64.0 bin
2876.0 2588.0 116.0 56.0 on
3060.0 2572.0 136.0 72.0 Ihe
3264.0 2576.0 184.0 68.0 lakr
3512.0 2580.0 88.0 64.0 at
3672.0 2568.0 412.0 80.0 Nrlhim
4156.0 2564.0 204.0 76.0 Pino
4432.0 2556.0 296.0 72.0 Liiiian.

2684.0 2672.0 104.0 68.0 Hh
2956.0 2668.0 20.0 68.0 l
3140.0 2684.0 52.0 56.0 a
3300.0 2668.0 392.0 84.0 youihlut
3808.0 2668.0 336.0 68.0 interior
4260.0 2656.0 468.0 72.0 decorator,

2684.0 2764.0 292.0 84.0 mnsle.
3084.0 2760.0 120.0 76.0 He
3292.0 2768.0 16.0 68.0 l
3452.0 2780.0 108.0 56.0 an
3652.0 2760.0 432.0 76.0 anhltwl,
4188.0 2752.0 376.0 76.0 married
4660.0 2756.0 76.0 60.0 to

2680.0 2860.0 136.0 68.0 the
2908.0 2860.0 516.0 84.0 notorimuly
3524.0 2856.0 412.0 72.0 benutliul
4024.0 2856.0 148.0 72.0 but
4264.0 2844.0 472.0 76.0 uiiliuthlul

2684.0 2952.0 352.0 76.0 Mildred
3108.0 2948.0 328.0 80.0 Cumin.
3512.0 2952.0 208.0 76.0 Late
3784.0 2948.0 136.0 72.0 the
3980.0 2944.0 244.0 80.0 nlRht
4288.0 2944.0 100.0 72.0 of
4456.0 2936.0 200.0 76.0 Nick

2680.0 3048.0 164.0 72.0 and
2968.0 3048.0 352.0 76.0 Linrtaa
3428.0 3048.0 396.0 84.0 meeting,
3940.0 3040.0 240.0 84.0 Nick,
4308.0 3036.0 432.0 76.0 retumlnii

2684.0 3144.0 268.0 76.0 home.
3072.0 3164.0 180.0 52.0 aeea
3352.0 3140.0 356.0 76.0 Mildred
3808.0 3136.0 360.0 80.0 throuth
4268.0 3152.0 56.0 56.0 a
4432.0 3132.0 304.0 84.0 llshted

2684.0 3244.0 356.0 68.0 window
3140.0 3256.0 80.0 56.0 in
3316.0 3240.0 136.0 72.0 the
3544.0 3256.0 236.0 52.0 armi
3872.0 3240.0 88.0 68.0 of
4052.0 3232.0 372.0 76.0 another
4520.0 3240.0 212.0 56.0 nian.

2688.0 3332.0 416.0 76.0 Youthlul
3212.0 3332.0 252.0 88.0 Terry
3580.0 3328.0 460.0 88.0 Kaymond,
4156.0 3328.0 216.0 72.0 with
4480.0 3320.0 264.0 72.0 whom

2688.0 3428.0 356.0 80.0 Mildred
3124.0 3428.0 364.0 84.0 recently
3560.0 3432.0 164.0 72.0 Imi
3796.0 3428.0 180.0 76.0 held
4052.0 3424.0 280.0 72.0 aecret
4412.0 3420.0 328.0 72.0 remlet-

2584.0 3544.0 228.0 68.0 vnua,
2900.0 3528.0 188.0 72.0 alan
3176.0 3536.0 68.0 64.0 la
3320.0 3528.0 264.0 72.0 atarln
3728.0 3520.0 360.0 84.0 through
4168.0 3524.0 148.0 72.0 the
4396.0 3520.0 344.0 72.0 window

2688.0 3628.0 276.0 68.0 handa
3072.0 3624.0 388.0 76.0 clenched
3572.0 3628.0 84.0 68.0 ill
3760.0 3636.0 280.0 68.0 anner.
4160.0 3616.0 268.0 72.0 When
4540.0 3612.0 204.0 72.0 Nick

2684.0 3736.0 96.0 56.0 en
2800.0 3732.0 128.0 60.0 UT
3056.0 3720.0 144.0 72.0 the
3288.0 3720.0 252.0 76.0 hume
3628.0 3716.0 348.0 76.0 Mildred
4064.0 3716.0 68.0 68.0 It
4224.0 3712.0 220.0 80.0 fully
4532.0 3716.0 172.0 60.0 com-

2688.0 3812.0 288.0 88.0 puted.
3076.0 3812.0 160.0 76.0 But
3332.0 3820.0 240.0 72.0 later,
3672.0 3808.0 232.0 72.0 when
3992.0 3804.0 140.0 76.0 the
4220.0 3804.0 256.0 72.0 other
4560.0 3816.0 184.0 56.0 man

2688.0 3912.0 156.0 72.0 hut
2908.0 3912.0 200.0 76.0 tied,
3172.0 3912.0 148.0 72.0 she
3376.0 3916.0 72.0 68.0 la
3504.0 3904.0 360.0 76.0 alartled
3920.0 3908.0 84.0 68.0 to
4060.0 3924.0 88.0 52.0 ie
4260.0 3916.0 56.0 56.0 a
4372.0 3908.0 368.0 68.0 Biraime.

2688.0 4024.0 180.0 56.0 new
2964.0 4008.0 208.0 76.0 liuht
3260.0 4012.0 84.0 68.0 in
3432.0 4004.0 144.0 72.0 her
3660.0 4000.0 468.0 72.0 hucband'e
4212.0 4008.0 236.0 80.0 eyes,
4544.0 3992.0 204.0 76.0 Nick

2588.0 4104.0 284.0 76.0 leavea
2940.0 4104.0 356.0 72.0 Mildred
3360.0 4100.0 148.0 76.0 the
3568.0 4108.0 200.0 64.0 next
3836.0 4100.0 384.0 76.0 morning
4328.0 4096.0 128.0 68.0 Kn
4520.0 4100.0 228.0 64.0 route

2688.0 4208.0 88.0 64.0 to
2856.0 4200.0 380.0 76.0 Chicaao
3320.0 4200.0 96.0 72.0 he
3496.0 4200.0 496.0 68.0 encounters
4076.0 4188.0 308.0 84.0 Limlti,
4480.0 4188.0 268.0 68.0 whuae

2688.0 4316.0 148.0 52.0 car
2920.0 4304.0 76.0 64.0 la
3084.0 4296.0 312.0 72.0 broken
3484.0 4296.0 268.0 72.0 down,
3840.0 4292.0 160.0 68.0 and
4088.0 4288.0 248.0 72.0 while
4424.0 4284.0 324.0 80.0 driving

2692.0 4392.0 144.0 72.0 her
2940.0 4392.0 180.0 72.0 into
3224.0 4388.0 136.0 72.0 the
3460.0 4392.0 172.0 80.0 city
3732.0 4388.0 68.0 68.0 la
3900.0 4384.0 296.0 72.0 atruck
4304.0 4380.0 208.0 72.0 with
4608.0 4380.0 144.0 68.0 her

2692.0 4484.0 488.0 88.0 simplicity,
3284.0 4484.0 120.0 72.0 lie
3500.0 4480.0 188.0 76.0 tella
3784.0 4484.0 164.0 76.0 her,
4052.0 4476.0 304.0 88.0 fondly
4444.0 4480.0 96.0 68.0 ut
4628.0 4476.0 124.0 68.0 hla

2700.0 4576.0 600.0 72.0 five-year-old
3396.0 4596.0 176.0 52.0 aon.
3688.0 4572.0 300.0 76.0 Richie,
4096.0 4576.0 172.0 72.0 and
4372.0 4572.0 152.0 68.0 Hk
4668.0 4572.0 84.0 68.0 to

2600.0 4684.0 232.0 88.0 urine
2948.0 4684.0 140.0 64.0 the
3188.0 4680.0 152.0 88.0 boy
3436.0 4684.0 88.0 64.0 to
3612.0 4692.0 140.0 56.0 aee
3840.0 4668.0 284.0 76.0 I.lnda.
4296.0 4648.0 512.0 96.0 Mi'dred-!

2692.0 4768.0 500.0 80.0 nieiiiiwlnlc
3292.0 4776.0 312.0 80.0 ai-ceds
3704.0 4780.0 84.0 60.0 10
3880.0 4768.0 132.0 72.0 Ihe
4104.0 4768.0 180.0 84.0 city
4388.0 4780.0 80.0 52.0 in
4568.0 4776.0 176.0 72.0 pur-
4800.0 4800.0 8.0 36.0 i

2592.0 4880.0 160.0 64.0 ault
2848.0 4872.0 96.0 72.0 of
3040.0 4872.0 240.0 72.0 Nick.
3444.0 4864.0 324.0 80.0 Falling
3856.0 4864.0 84.0 72.0 to
4032.0 4868.0 180.0 72.0 find
4308.0 4860.0 204.0 76.0 h'm.
4608.0 4864.0 140.0 68.0 she

2596.0 4992.0 204.0 68.0 open
2952.0 4988.0 48.0 52.0 a
3112.0 4972.0 412.0 68.0 tiirtntion
3624.0 4968.0 200.0 68.0 with
3928.0 4984.0 44.0 52.0 a
4072.0 4972.0 360.0 68.0 ali-anne
4528.0 4976.0 184.0 52.0 man
4800.0 4952.0 12.0 128.0 j

2700.0 5080.0 100.0 56.0 At
2904.0 5080.0 52.0 56.0 a
3052.0 5080.0 296.0 56.0 nmner
3440.0 5080.0 244.0 68.0 puny
3784.0 5080.0 256.0 56.0 Linna
4136.0 5080.0 220.0 52.0 men
4520.0 5080.0 180.0 48.0 ierr

2704.0 5164.0 440.0 80.0 Rnyniond
3212.0 5160.0 164.0 76.0 and
3448.0 5164.0 76.0 68.0 hi
3640.0 5168.0 232.0 68.0 i,uiit,
3944.0 5160.0 252.0 68.0 Ktcliii
4284.0 5152.0 456.0 80.0 Kaymond.

2692.0 5260.0 172.0 68.0 Tlie
2936.0 5264.0 320.0 64.0 former
3320.0 5260.0 64.0 72.0 la
3456.0 5260.0 256.0 68.0 bitter
3776.0 5256.0 192.0 72.0 with
4028.0 5252.0 720.0 80.0 d.aappointnient

2696.0 5360.0 88.0 64.0 at
2920.0 5348.0 344.0 76.0 Mildred
3376.0 5352.0 392.0 72.0 forbin's
3876.0 5348.0 684.0 76.0 unfaitMuineaa
4672.0 5344.0 80.0 68.0 In

2700.0 5448.0 208.0 72.0 him!
2996.0 5448.0 172.0 72.0 The
3252.0 5448.0 252.0 72.0 latter
3580.0 5464.0 308.0 52.0 warms
3964.0 5448.0 84.0 64.0 to
4132.0 5440.0 300.0 76.0 I.lnda.
4520.0 5440.0 112.0 72.0 To
4704.0 5456.0 44.0 56.0 a

2604.0 5548.0 320.0 76.0 frlenda
2996.0 5544.0 152.0 76.0 she
3220.0 5544.0 384.0 76.0 conlidea
3680.0 5544.0 176.0 72.0 tlut
3940.0 5540.0 272.0 76.0 Unda
4288.0 5556.0 232.0 56.0 some
4592.0 5540.0 156.0 76.0 day

2700.0 5640.0 164.0 72.0 will
2932.0 5644.0 96.0 68.0 be
3100.0 5640.0 192.0 72.0 Mrs.
3364.0 5640.0 256.0 84.0 Terry
3684.0 5636.0 472.0 84.0 Raymond!
4224.0 5632.0 276.0 76.0 Stella
4556.0 5632.0 196.0 76.0 asks

2700.0 5740.0 276.0 72.0 Linda
3044.0 5752.0 60.0 60.0 a
3176.0 5740.0 452.0 80.0 "peraonal
3712.0 5732.0 296.0 76.0 tavor"
4128.0 5740.0 92.0 60.0 to
4296.0 5732.0 248.0 88.0 guide
4616.0 5728.0 140.0 72.0 ber

2696.0 5836.0 352.0 80.0 nephew
3148.0 5828.0 256.0 92.0 Terry
3504.0 5836.0 204.0 68.0 onto
3800.0 5832.0 136.0 72.0 the
4032.0 5824.0 208.0 76.0 road
4412.0 5836.0 28.0 64.0 (
4540.0 5824.0 212.0 84.0 right

2704.0 5928.0 288.0 84.0 living.
3084.0 5924.0 268.0 80.0 Linda
3428.0 5944.0 296.0 68.0 agrees
3800.0 5928.0 84.0 72.0 to
3956.0 5924.0 104.0 72.0 do
4140.0 5924.0 116.0 72.0 all
4344.0 5920.0 148.0 72.0 she
4568.0 5932.0 176.0 60.0 can.

2700.0 6024.0 224.0 76.0 Nick
3000.0 6020.0 308.0 76.0 Corbin
3388.0 6024.0 280.0 72.0 drlvea
3744.0 6024.0 88.0 72.0 to
3904.0 6016.0 296.0 80.0 I.lnda'
4340.0 6016.0 208.0 76.0 door
4620.0 6016.0 136.0 68.0 the

2696.0 6124.0 204.0 72.0 next
3012.0 6116.0 192.0 88.0 day.
3320.0 6120.0 364.0 80.0 Sunday,
3808.0 6116.0 196.0 76.0 with
4112.0 6112.0 328.0 76.0 Richie.
4556.0 6108.0 196.0 76.0 Now

2700.0 6236.0 104.0 72.0 go
2884.0 6228.0 112.0 60.0 on
3136.0 6216.0 192.0 80.0 with
3408.0 6216.0 140.0 72.0 the
3628.0 6224.0 264.0 72.0 story:

3256.0 6508.0 664.0 100.0 CIIAl'TER
4012.0 6500.0 84.0 100.0 6.

2608.0 6708.0 68.0 60.0 a
2728.0 6712.0 152.0 108.0 ",''
2908.0 6712.0 276.0 120.0 ''"V
3444.0 6696.0 216.0 80.0 and
3724.0 6696.0 332.0 76.0 umfL
4124.0 6696.0 444.0 68.0 cnattea
4628.0 6696.0 128.0 60.0 on

2656.0 6832.0 464.0 144.0 ?yJM
3200.0 6848.0 440.0 92.0 without
3732.0 6844.0 352.0 92.0 effort.
4180.0 6836.0 304.0 112.0 They
4564.0 6836.0 192.0 92.0 dis-

2988.0 6948.0 12.0 28.0 '
3048.0 6972.0 12.0 20.0 ,
3088.0 6948.0 32.0 44.0 1

2632.0 7040.0 132.0 88.0 fx
2852.0 7040.0 264.0 96.0 '"',
3204.0 7032.0 372.0 80.0 cussecl
3684.0 7032.0 320.0 72.0 books
4096.0 7032.0 216.0 68.0 ana
4416.0 7032.0 404.0 84.0 magj-.

2704.0 7136.0 416.0 144.0 Lvi'iJ
3208.0 7188.0 284.0 84.0 zlnes
3636.0 7176.0 208.0 96.0 and
3988.0 7176.0 432.0 116.0 politics
4564.0 7168.0 196.0 96.0 and

2604.0 7376.0 372.0 64.0 screen
3064.0 7348.0 308.0 92.0 stars.
3460.0 7348.0 276.0 92.0 Nick
3816.0 7340.0 328.0 96.0 asked
4236.0 7340.0 344.0 92.0 Linda
4656.0 7336.0 108.0 92.0 of
4808.0 7388.0 12.0 64.0 t

2608.0 7492.0 184.0 84.0 her
2908.0 7488.0 296.0 88.0 work
3316.0 7488.0 212.0 88.0 and
3644.0 7484.0 184.0 92.0 sho
3936.0 7508.0 288.0 84.0 grew
4348.0 7472.0 412.0 96.0 flushed
4812.0 7456.0 8.0 76.0 ;

2604.0 7624.0 204.0 88.0 rnd
2920.0 7624.0 412.0 88.0 excited
3432.0 7620.0 368.0 112.0 telling
3896.0 7620.0 180.0 96.0 hin
4228.0 7612.0 328.0 96.0 about
4660.0 7620.0 100.0 84.0 it.
4812.0 7616.0 8.0 104.0 j

2724.0 7756.0 208.0 92.0 She
3040.0 7776.0 260.0 72.0 even
3400.0 7756.0 428.0 92.0 showed
3928.0 7756.0 216.0 92.0 him
4256.0 7752.0 308.0 112.0 plans
4656.0 7748.0 108.0 92.0 of
4812.0 7752.0 8.0 112.0 j

2600.0 7892.0 192.0 92.0 her
2908.0 7892.0 368.0 96.0 dream
3392.0 7896.0 356.0 104.0 house,
3860.0 7888.0 616.0 108.0 something
4584.0 7888.0 176.0 96.0 she

2612.0 8028.0 208.0 92.0 had
2944.0 8048.0 328.0 72.0 never
3388.0 8028.0 608.0 92.0 mentioned
4116.0 8028.0 116.0 96.0 to
4352.0 8044.0 408.0 92.0 anyone

2604.0 8164.0 400.0 100.0 before.
3072.0 8164.0 272.0 96.0 Nick
3408.0 8168.0 388.0 116.0 spread
3856.0 8168.0 180.0 92.0 the
4104.0 8160.0 352.0 108.0 rough
4524.0 8160.0 236.0 116.0 plan

2612.0 8324.0 136.0 72.0 on
2868.0 8300.0 188.0 92.0 the
3168.0 8300.0 288.0 96.0 table
3572.0 8304.0 212.0 92.0 and
3896.0 8300.0 512.0 112.0 together
4520.0 8300.0 244.0 112.0 they

2604.0 8440.0 256.0 92.0 bent
2944.0 8464.0 260.0 68.0 over
3280.0 8440.0 112.0 96.0 it.

2720.0 8572.0 172.0 96.0 He
2972.0 8600.0 228.0 72.0 was
3276.0 8572.0 700.0 96.0 enthusiastic
4060.0 8596.0 264.0 72.0 over
4404.0 8568.0 80.0 100.0 It
4560.0 8568.0 200.0 96.0 and

2608.0 8712.0 308.0 104.0 made
2972.0 8740.0 68.0 72.0 a
3100.0 8716.0 200.0 88.0 few
3356.0 8716.0 308.0 92.0 small
3720.0 8712.0 712.0 116.0 suggestions.
4488.0 8704.0 276.0 120.0 They

2616.0 8848.0 364.0 112.0 forgot
3100.0 8844.0 372.0 96.0 Richie
3592.0 8844.0 268.0 96.0 until
3984.0 8848.0 124.0 92.0 he
4232.0 8864.0 308.0 72.0 came
4652.0 8852.0 104.0 84.0 to

2612.0 8984.0 320.0 96.0 stand
3036.0 8980.0 352.0 100.0 beside
3488.0 8984.0 368.0 96.0 Linda.
3948.0 8984.0 208.0 96.0 She
4256.0 8980.0 252.0 92.0 took
4608.0 8980.0 156.0 92.0 his

2612.0 9120.0 284.0 96.0 hand
2984.0 9124.0 108.0 92.0 in
3176.0 9124.0 244.0 92.0 hers
3496.0 9124.0 312.0 88.0 while
3884.0 9120.0 188.0 92.0 she
4156.0 9116.0 468.0 92.0 finished
4700.0 9140.0 56.0 72.0 a

2552.0 9288.0 8.0 100.0 ;
2612.0 9288.0 436.0 64.0 remurK
3124.0 9288.0 112.0 64.0 to
3308.0 9288.0 304.0 80.0 inick,
3684.0 9288.0 248.0 64.0 men
4004.0 9288.0 388.0 60.0 snmeu
4468.0 9288.0 288.0 60.0 uuwn

2612.0 9404.0 108.0 88.0 tt
2828.0 9400.0 252.0 92.0 him.
4808.0 9408.0 8.0 68.0 i

2552.0 9524.0 12.0 120.0 !
2744.0 9532.0 104.0 92.0 "I
2932.0 9532.0 308.0 92.0 made
3316.0 9532.0 536.0 112.0 sumpln',"
3932.0 9532.0 124.0 92.0 he
4136.0 9536.0 620.0 92.0 announced
4808.0 9528.0 8.0 8.0 '

2616.0 9664.0 96.0 96.0 in
2804.0 9696.0 68.0 68.0 a
2964.0 9668.0 452.0 92.0 childish
3508.0 9668.0 356.0 92.0 treble.
3956.0 9668.0 348.0 88.0 Linda
4404.0 9664.0 352.0 92.0 looked

2552.0 9832.0 12.0 100.0 ;
2612.0 9808.0 208.0 92.0 and
2908.0 9808.0 612.0 88.0 exclaimed.
3604.0 9808.0 160.0 88.0 On
3852.0 9808.0 172.0 88.0 the
4116.0 9804.0 280.0 92.0 floor
4472.0 9800.0 284.0 92.0 stood
4812.0 9884.0 4.0 8.0 .

2552.0 9944.0 12.0 108.0 i
2612.0 9968.0 132.0 64.0 an
2820.0 9944.0 388.0 112.0 engine
3280.0 9944.0 308.0 92.0 made
3660.0 9944.0 112.0 88.0 of
3840.0 9940.0 348.0 112.0 spools
4264.0 9936.0 208.0 88.0 and
4552.0 9940.0 208.0 88.0 but-

2612.0 10080.0 272.0 88.0 tons.
4812.0 10072.0 8.0 84.0 !

2748.0 10216.0 208.0 88.0 She
3068.0 10220.0 164.0 88.0 hat
3340.0 10212.0 312.0 96.0 down
3768.0 10216.0 344.0 88.0 beside
4236.0 10216.0 76.0 88.0 it
4432.0 10220.0 332.0 92.0 where
4812.0 10220.0 8.0 40.0 '

2612.0 10352.0 184.0 92.0 she
2920.0 10352.0 344.0 104.0 might
3376.0 10372.0 292.0 72.0 more
3780.0 10348.0 384.0 116.0 closely
4288.0 10348.0 472.0 92.0 examine

2612.0 10488.0 180.0 92.0 the
2860.0 10488.0 728.0 116.0 masterpiece.
3656.0 10484.0 368.0 96.0 Richie
4092.0 10484.0 432.0 120.0 pointed
4588.0 10484.0 176.0 96.0 out

2612.0 10624.0 180.0 92.0 the
2880.0 10620.0 412.0 96.0 details.

3196.0 10792.0 416.0 92.0 LIKKS
3664.0 10792.0 532.0 92.0 KICHIE.

2724.0 10956.0 308.0 96.0 "And
3120.0 10960.0 376.0 92.0 what's
3580.0 10956.0 344.0 96.0 this?"
4008.0 10956.0 352.0 92.0 Linda
4444.0 10948.0 320.0 96.0 asked

2616.0 11092.0 724.0 116.0 Interestedly,
3452.0 11096.0 480.0 116.0 pointing
4040.0 11100.0 116.0 84.0 to
4272.0 11116.0 64.0 68.0 a
4452.0 11092.0 320.0 112.0 fluffy

2612.0 11228.0 384.0 116.0 golden
3108.0 11232.0 204.0 96.0 hall
3416.0 11232.0 328.0 92.0 above
3844.0 11232.0 176.0 88.0 the
4128.0 11220.0 640.0 120.0 improvised

2628.0 11372.0 696.0 88.0 cowcatcher.
3484.0 11368.0 332.0 92.0 "Wait
3944.0 11368.0 296.0 92.0 don't
4340.0 11372.0 176.0 88.0 tell
4612.0 11392.0 156.0 68.0 me

2736.0 11504.0 172.0 92.0 it's
2980.0 11508.0 184.0 88.0 the
3240.0 11504.0 628.0 112.0 headlight."

2744.0 11636.0 212.0 92.0 She
3088.0 11640.0 444.0 108.0 laughed
3656.0 11636.0 688.0 112.0 delightedly.
4468.0 11632.0 284.0 96.0 "And

2620.0 11776.0 304.0 96.0 this,"
3076.0 11780.0 428.0 88.0 touchin
3732.0 11804.0 60.0 60.0 a
3936.0 11800.0 264.0 84.0 gray
4368.0 11772.0 404.0 92.0 feather

2624.0 11916.0 344.0 88.0 which
3072.0 11916.0 384.0 92.0 flouted
3628.0 11916.0 492.0 92.0 ackward
4228.0 11912.0 276.0 88.0 from
4600.0 11916.0 168.0 84.0 the

2620.0 12052.0 460.0 108.0 topmost
3252.0 12076.0 180.0 84.0 spc
3564.0 12128.0 8.0 8.0 .
3736.0 12056.0 144.0 80.0 "is
4040.0 12048.0 184.0 88.0 the
4392.0 12048.0 376.0 88.0 smoke.

2624.0 12184.0 464.0 92.0 Richie."
3200.0 12188.0 176.0 92.0 she
3496.0 12184.0 604.0 112.0 reclaimed,
4208.0 12184.0 236.0 88.0 "it's
4544.0 12180.0 184.0 92.0 sim

2624.0 12320.0 172.0 112.0 ply
2876.0 12320.0 464.0 112.0 perfect.'

2744.0 12456.0 296.0 96.0 "You
3136.0 12480.0 196.0 68.0 can

3472.0 12484.0 224.0 68.0 .avc
3792.0 12452.0 156.0 108.0 it,"
4044.0 12456.0 388.0 92.0 Richie
4524.0 12452.0 248.0 104.0 said,

2624.0 12592.0 460.0 116.0 pleased.

2740.0 12732.0 264.0 104.0 "Oh,
3072.0 12732.0 368.0 92.0 Richie

3572.0 12728.0 452.0 116.0 really?"
4092.0 12728.0 260.0 88.0 with
4420.0 12748.0 356.0 92.0 appro-

2628.0 12864.0 348.0 116.0 prlate
3056.0 12864.0 552.0 116.0 gratitude,

2748.0 13004.0 284.0 88.0 Nick
3132.0 13008.0 304.0 88.0 stood
3544.0 13004.0 324.0 92.0 above
3980.0 13000.0 328.0 92.0 them.
4424.0 12996.0 356.0 112.0 Linda,

3192.0 19072.0 44.0 36.0 -
3352.0 19032.0 32.0 48.0 4

4416.0 20500.0 64.0 84.0 4t

3652.0 20644.0 80.0 64.0 m
3776.0 20636.0 316.0 68.0 mtatm

2660.0 21076.0 224.0 100.0 you
2960.0 21036.0 392.0 140.0 please
3424.0 21032.0 144.0 116.0 let
3636.0 21036.0 96.0 112.0 in
3800.0 21076.0 64.0 72.0 a
3944.0 21072.0 296.0 108.0 poor
4296.0 21032.0 500.0 120.0 bewilted
4860.0 21036.0 592.0 116.0 wanderer

2616.0 21208.0 188.0 104.0 the
2876.0 21200.0 248.0 116.0 cool
3204.0 21208.0 472.0 140.0 serenity
3740.0 21200.0 116.0 120.0 of
3932.0 21244.0 280.0 104.0 your
4280.0 21204.0 288.0 116.0 smile
4636.0 21204.0 228.0 116.0 and
4948.0 21240.0 272.0 108.0 your
5284.0 21212.0 164.0 108.0 air

2628.0 21368.0 360.0 112.0 room!

4736.0 1328.0 2032.0 672.0 GIRL

4932.0 2132.0 776.0 188.0 HOLMES

4840.0 2456.0 448.0 104.0 looking
5380.0 2472.0 136.0 88.0 up
5604.0 2448.0 456.0 112.0 quickly,
6148.0 2440.0 464.0 112.0 thought
6700.0 2436.0 292.0 92.0 there

4844.0 2616.0 228.0 68.0 was
5168.0 2588.0 600.0 112.0 something
5868.0 2576.0 456.0 128.0 patfletic
6416.0 2576.0 328.0 96.0 about
6836.0 2572.0 160.0 92.0 his

4848.0 2728.0 412.0 96.0 mouth.

4972.0 2864.0 252.0 92.0 "It's
5300.0 2856.0 616.0 104.0 wonderful,
5992.0 2856.0 180.0 96.0 Mr.
6252.0 2848.0 420.0 100.0 Corbin.
6748.0 2840.0 252.0 100.0 Thin

4848.0 2996.0 208.0 120.0 boy
5144.0 3000.0 204.0 92.0 will
5436.0 3024.0 132.0 88.0 go
5648.0 3000.0 200.0 88.0 far.
5928.0 2996.0 48.0 96.0 1
6056.0 3012.0 316.0 72.0 never
6452.0 3004.0 224.0 72.0 saw
6752.0 3004.0 204.0 96.0 any-

4852.0 3136.0 324.0 96.0 think
5272.0 3132.0 204.0 96.0 like
5572.0 3128.0 284.0 96.0 It."

4972.0 3272.0 388.0 92.0 Richie
5440.0 3268.0 324.0 92.0 broke
5848.0 3268.0 128.0 92.0 in.
6056.0 3260.0 372.0 108.0 "Don't
6504.0 3280.0 212.0 96.0 you
6792.0 3252.0 208.0 100.0 like

4852.0 3428.0 184.0 96.0 my
5104.0 3400.0 440.0 116.0 daddy,"
5612.0 3404.0 132.0 92.0 he
5812.0 3400.0 348.0 100.0 asked.

4980.0 3544.0 208.0 92.0 "Of
5264.0 3564.0 368.0 76.0 course
5708.0 3536.0 48.0 100.0 I
5824.0 3540.0 216.0 92.0 do."

4976.0 3680.0 368.0 96.0 "Then
5404.0 3676.0 392.0 112.0 whyn't
5856.0 3696.0 196.0 100.0 you
6112.0 3676.0 196.0 100.0 call
6368.0 3668.0 224.0 100.0 him
6656.0 3664.0 344.0 100.0 Nick?

4856.0 3816.0 640.0 116.0 Everybody
5552.0 3816.0 240.0 92.0 that
5860.0 3816.0 256.0 92.0 likes
6180.0 3812.0 220.0 92.0 him
6468.0 3804.0 264.0 100.0 calls
6788.0 3804.0 212.0 96.0 him

4860.0 3952.0 380.0 96.0 Nick."

4980.0 4084.0 336.0 96.0 "Well
5464.0 4084.0 260.0 108.0 said,
5872.0 4080.0 168.0 100.0 old
6184.0 4072.0 408.0 116.0 man,"
6736.0 4068.0 276.0 104.0 Nick

4860.0 4224.0 500.0 116.0 laughed.

4980.0 4360.0 232.0 92.0 "All
5300.0 4356.0 312.0 112.0 right,
5684.0 4352.0 48.0 100.0 I
5808.0 4348.0 292.0 116.0 will,"
6172.0 4348.0 344.0 104.0 Linda
6592.0 4344.0 412.0 120.0 agreed.

4860.0 4488.0 228.0 104.0 "Sit
5172.0 4496.0 304.0 92.0 down
5556.0 4496.0 276.0 100.0 here,
5908.0 4492.0 300.0 112.0 Nick,
6284.0 4492.0 212.0 96.0 and
6580.0 4484.0 240.0 96.0 look
6900.0 4488.0 108.0 88.0 at

4856.0 4652.0 276.0 96.0 your
5208.0 4632.0 276.0 92.0 son's
5552.0 4628.0 556.0 96.0 creation."

4988.0 4768.0 168.0 92.0 All
5260.0 4768.0 300.0 88.0 three
5656.0 4776.0 160.0 84.0 sat
5916.0 4792.0 136.0 68.0 on
6152.0 4764.0 180.0 92.0 the
6432.0 4760.0 280.0 92.0 floor
6800.0 4752.0 204.0 96.0 and

4868.0 4904.0 544.0 92.0 marveled
5492.0 4908.0 104.0 88.0 at
5680.0 4908.0 176.0 96.0 the
5932.0 4904.0 216.0 92.0 fine
6224.0 4896.0 356.0 116.0 points
6656.0 4892.0 108.0 96.0 of
6832.0 4892.0 176.0 92.0 the

4864.0 5044.0 424.0 108.0 engine.
5420.0 5036.0 524.0 116.0 Suddenly
6076.0 5036.0 376.0 92.0 Richie
6584.0 5028.0 424.0 128.0 jumped

4868.0 5200.0 140.0 96.0 up
5084.0 5172.0 212.0 92.0 and
5368.0 5196.0 188.0 68.0 ran
5632.0 5176.0 164.0 88.0 for
5864.0 5176.0 156.0 96.0 his
6088.0 5168.0 508.0 116.0 package.

4992.0 5316.0 108.0 92.0 "I
5220.0 5308.0 452.0 116.0 brought
5780.0 5332.0 196.0 92.0 you
6084.0 5332.0 64.0 72.0 a
6252.0 5304.0 524.0 116.0 present,"
6888.0 5300.0 120.0 92.0 he

4864.0 5444.0 268.0 96.0 said.

4984.0 5584.0 408.0 92.0 "When
5460.0 5580.0 48.0 96.0 I
5580.0 5576.0 216.0 96.0 told
5864.0 5576.0 212.0 100.0 him
6136.0 5572.0 576.0 124.0 yesterday
6776.0 5568.0 232.0 96.0 that

4868.0 5748.0 164.0 68.0 we
5124.0 5740.0 276.0 72.0 were
5488.0 5720.0 416.0 116.0 coming
5992.0 5724.0 108.0 88.0 to
6180.0 5740.0 180.0 64.0 see
6444.0 5732.0 68.0 72.0 a
6600.0 5708.0 192.0 116.0 girl
6884.0 5712.0 128.0 96.0 he

4864.0 5856.0 468.0 92.0 insisted
5428.0 5880.0 132.0 68.0 on
5664.0 5852.0 560.0 108.0 searching
6324.0 5848.0 184.0 96.0 the
6620.0 5848.0 392.0 92.0 10-cent

4928.0 5992.0 240.0 92.0 tore
5232.0 5988.0 172.0 92.0 for
5460.0 6020.0 64.0 68.0 a
5584.0 5992.0 232.0 108.0 gift.
5876.0 5988.0 48.0 100.0 I
5980.0 5988.0 264.0 112.0 hope
6304.0 6004.0 208.0 96.0 you
6572.0 5984.0 212.0 92.0 like
6840.0 5980.0 168.0 96.0 it."

4988.0 6124.0 288.0 100.0 Nick
5368.0 6124.0 452.0 112.0 laughed
5908.0 6148.0 64.0 76.0 a
6060.0 6124.0 300.0 96.0 little.
6456.0 6116.0 292.0 100.0 "You
6840.0 6136.0 172.0 76.0 seo

4876.0 6256.0 56.0 100.0 I
4980.0 6260.0 408.0 108.0 always
5440.0 6260.0 244.0 96.0 take
5744.0 6256.0 212.0 104.0 him
6008.0 6280.0 292.0 72.0 some
6352.0 6252.0 276.0 100.0 little
6680.0 6252.0 332.0 116.0 thing,

4868.0 6420.0 124.0 68.0 bo
5116.0 6396.0 136.0 96.0 he
5372.0 6396.0 576.0 100.0 associates
6064.0 6388.0 576.0 116.0 calling
6756.0 6388.0 256.0 92.0 with

4868.0 6532.0 588.0 116.0 presents."

4992.0 6668.0 300.0 92.0 "And
5408.0 6664.0 44.0 100.0 I
5560.0 6668.0 232.0 96.0 love
5900.0 6664.0 576.0 120.0 presents."
6588.0 6656.0 424.0 100.0 Linda's

4868.0 6804.0 392.0 112.0 golden
5320.0 6804.0 260.0 96.0 head
5648.0 6808.0 248.0 92.0 bent
5952.0 6824.0 244.0 72.0 over
6256.0 6804.0 188.0 92.0 the
6508.0 6796.0 500.0 120.0 package.

4876.0 6944.0 384.0 92.0 Richie
5356.0 6936.0 360.0 100.0 leaned
5816.0 6940.0 512.0 112.0 excitedly
6428.0 6932.0 284.0 96.0 close
6804.0 6928.0 204.0 96.0 and

4876.0 7080.0 284.0 92.0 Nick
5248.0 7076.0 280.0 100.0 filled
5620.0 7080.0 160.0 92.0 his
5872.0 7096.0 236.0 96.0 eyes
6196.0 7072.0 260.0 92.0 with
6548.0 7068.0 176.0 92.0 the
6812.0 7064.0 160.0 120.0 pic-

4872.0 7220.0 276.0 88.0 ture.
5440.0 7376.0 448.0 100.0 SMALL
5968.0 7368.0 488.0 100.0 GLOBE.

4992.0 7572.0 224.0 100.0 The
5284.0 7580.0 196.0 112.0 gift
5540.0 7576.0 380.0 96.0 turned
5980.0 7572.0 176.0 92.0 out
6216.0 7572.0 112.0 96.0 to
6388.0 7572.0 128.0 92.0 be
6584.0 7596.0 60.0 68.0 a
6704.0 7568.0 304.0 100.0 small

4876.0 7712.0 328.0 96.0 world
5272.0 7716.0 328.0 112.0 globe,
5664.0 7708.0 352.0 116.0 bright
6084.0 7708.0 236.0 96.0 blue
6384.0 7708.0 260.0 96.0 with
6704.0 7728.0 268.0 72.0 coun-

4876.0 7852.0 264.0 92.0 tries
5224.0 7848.0 540.0 120.0 spattered
5844.0 7868.0 272.0 92.0 upon
6200.0 7844.0 108.0 96.0 It.

4996.0 7980.0 532.0 124.0 "Lovely,"
5672.0 7976.0 456.0 104.0 Linda
6268.0 7972.0 376.0 124.0 sighed
6784.0 7996.0 188.0 96.0 rap-

4872.0 8124.0 512.0 120.0 turously.
4992.0 8260.0 300.0 96.0 "And
5384.0 8256.0 340.0 104.0 here'g
5812.0 8252.0 348.0 96.0 where
6252.0 8276.0 204.0 92.0 you
6556.0 8252.0 456.0 116.0 sharpen

4864.0 8420.0 276.0 92.0 your
5204.0 8392.0 488.0 124.0 pencils."
5752.0 8392.0 368.0 100.0 Richie
6180.0 8388.0 436.0 120.0 pointed
6672.0 8392.0 108.0 92.0 to
6832.0 8384.0 180.0 96.0 the

4872.0 8536.0 320.0 96.0 small
5304.0 8532.0 340.0 92.0 round
5756.0 8528.0 452.0 120.0 opening
6320.0 8524.0 224.0 116.0 just
6692.0 8520.0 320.0 96.0 below

4872.0 8668.0 340.0 96.0 South
5324.0 8660.0 512.0 100.0 America.
5944.0 8660.0 196.0 96.0 His
6248.0 8660.0 396.0 104.0 cheeks
6740.0 8680.0 268.0 72.0 were

4872.0 8804.0 428.0 112.0 scarlet,
5372.0 8804.0 164.0 92.0 his
5608.0 8824.0 244.0 88.0 eyes
5920.0 8796.0 432.0 100.0 danced,

4992.0 8940.0 280.0 92.0 "Not
5356.0 8932.0 412.0 120.0 truly?"

4992.0 9072.0 368.0 96.0 "Yes."
5428.0 9072.0 100.0 92.0 It
5600.0 9096.0 216.0 68.0 was
5884.0 9092.0 60.0 68.0 a
6008.0 9068.0 364.0 116.0 squeal
6440.0 9068.0 116.0 96.0 of
6616.0 9064.0 396.0 116.0 delight

4884.0 9216.0 104.0 84.0 at
5068.0 9212.0 192.0 88.0 her
5320.0 9204.0 716.0 92.0 dumfounded
6104.0 9204.0 492.0 92.0 unbelief.

4996.0 9348.0 112.0 92.0 "I
5196.0 9348.0 272.0 92.0 must
5556.0 9344.0 260.0 92.0 see."
5900.0 9344.0 260.0 96.0 Nick
6256.0 9332.0 500.0 124.0 provided
6832.0 9340.0 180.0 88.0 the

4876.0 9488.0 348.0 108.0 pencil
5312.0 9480.0 204.0 92.0 and
5608.0 9484.0 244.0 112.0 they
5932.0 9480.0 232.0 88.0 held
6252.0 9480.0 280.0 88.0 their
6620.0 9496.0 352.0 92.0 respec-

4872.0 9620.0 220.0 88.0 tive
5180.0 9616.0 428.0 92.0 breaths
5688.0 9612.0 264.0 100.0 until
6032.0 9616.0 176.0 88.0 the
6296.0 9612.0 428.0 96.0 miracle
6808.0 9608.0 196.0 92.0 had

4880.0 9752.0 264.0 92.0 been
5228.0 9748.0 796.0 96.0 neeonmlished.

5000.0 9892.0 416.0 92.0 "Didn't
5520.0 9888.0 48.0 92.0 I
5668.0 9888.0 172.0 96.0 tell
5940.0 9908.0 196.0 92.0 you
6264.0 9884.0 336.0 96.0 didn't
6692.0 9880.0 52.0 96.0 I
6832.0 9880.0 176.0 92.0 tell

4872.0 10024.0 348.0 116.0 you?"
5352.0 10024.0 368.0 92.0 Richie
5824.0 10044.0 212.0 68.0 was
6168.0 10020.0 492.0 112.0 bursting
6764.0 10020.0 248.0 88.0 with

4880.0 10160.0 284.0 96.0 male
5268.0 10164.0 288.0 116.0 pride
5660.0 10160.0 104.0 92.0 at
5900.0 10160.0 388.0 108.0 having
6388.0 10156.0 388.0 108.0 sought
6908.0 10156.0 108.0 88.0 to

4880.0 10300.0 360.0 112.0 please
5348.0 10296.0 172.0 96.0 the
5628.0 10296.0 464.0 116.0 opposite
6192.0 10316.0 184.0 68.0 sex
6484.0 10296.0 208.0 92.0 and
6792.0 10308.0 180.0 72.0 suc-

4872.0 10432.0 428.0 92.0 ceeded.
4996.0 10564.0 348.0 96.0 Linda
5396.0 10564.0 284.0 96.0 drew
5736.0 10564.0 216.0 96.0 him
6012.0 10560.0 272.0 100.0 close
6344.0 10568.0 112.0 88.0 to
6520.0 10560.0 184.0 96.0 her
6764.0 10556.0 244.0 96.0 side.

4876.0 10704.0 216.0 96.0 She
5196.0 10700.0 456.0 96.0 brushed
5760.0 10704.0 156.0 88.0 his
6012.0 10700.0 216.0 92.0 soft
6324.0 10696.0 336.0 92.0 cheek
6764.0 10696.0 248.0 92.0 with

4876.0 10840.0 200.0 92.0 her
5148.0 10840.0 200.0 116.0 lips
5420.0 10840.0 208.0 96.0 and
5708.0 10840.0 128.0 92.0 he
5912.0 10836.0 512.0 112.0 snuggled
6512.0 10832.0 160.0 100.0 his
6748.0 10828.0 260.0 96.0 head

4880.0 10972.0 436.0 116.0 against
5388.0 10972.0 216.0 100.0 her.

5004.0 11108.0 292.0 96.0 "You
5376.0 11108.0 496.0 112.0 darling."
5956.0 11104.0 332.0 96.0 Linda
6372.0 11100.0 344.0 124.0 pulled
6796.0 11096.0 216.0 100.0 him

4884.0 11240.0 232.0 100.0 Into
5188.0 11252.0 180.0 88.0 her
5444.0 11244.0 196.0 116.0 lap.

5016.0 11376.0 480.0 116.0 Looking
5588.0 11380.0 108.0 96.0 at
5788.0 11380.0 284.0 92.0 them
6168.0 11376.0 276.0 96.0 Nick
6540.0 11368.0 476.0 116.0 thought,

4880.0 11516.0 252.0 100.0 "It's
5244.0 11516.0 204.0 96.0 like
5552.0 11540.0 60.0 68.0 a
5716.0 11516.0 356.0 92.0 dream
6180.0 11540.0 300.0 64.0 come
6592.0 11520.0 260.0 104.0 true,
6956.0 11528.0 60.0 72.0 a

4880.0 11656.0 372.0 92.0 dream
5320.0 11652.0 44.0 92.0 I
5432.0 11656.0 200.0 92.0 had
5712.0 11656.0 360.0 88.0 almost
6152.0 11656.0 568.0 104.0 forgotten.

5008.0 11792.0 528.0 108.0 Suddenly
5596.0 11792.0 248.0 92.0 th"V
5904.0 11788.0 128.0 92.0 all
6092.0 11788.0 444.0 88.0 started.
6600.0 11792.0 76.0 88.0 A
6740.0 11784.0 276.0 88.0 flash

4884.0 11928.0 116.0 88.0 of
5084.0 11924.0 360.0 112.0 yellow
5520.0 11928.0 260.0 104.0 light
5864.0 11928.0 276.0 92.0 filled
6232.0 11928.0 176.0 84.0 the
6492.0 11944.0 284.0 72.0 room
6856.0 11916.0 160.0 88.0 for

4892.0 12076.0 136.0 72.0 rtn
5128.0 12060.0 424.0 96.0 Instant.
5704.0 12060.0 76.0 88.0 It
5880.0 12084.0 208.0 64.0 was
6180.0 12060.0 480.0 92.0 fn'lowcd
6748.0 12052.0 124.0 112.0 hy
6956.0 12080.0 56.0 64.0 a

4888.0 12200.0 196.0 92.0 low
5152.0 12200.0 316.0 96.0 rrrowl
5532.0 12196.0 108.0 92.0 of
5704.0 12196.0 472.0 92.0 thunder.
6240.0 12192.0 300.0 92.0 Even
6608.0 12216.0 112.0 64.0 as
6776.0 12188.0 240.0 104.0 they

4888.0 12332.0 480.0 88.0 watched
5448.0 12336.0 176.0 88.0 the
5704.0 12356.0 284.0 68.0 room
6068.0 12356.0 284.0 84.0 grew
6428.0 12324.0 292.0 92.0 dark.

5004.0 12468.0 468.0 92.0 "What's
5568.0 12468.0 236.0 92.0 that
5904.0 12464.0 372.0 96.0 noise,"
6380.0 12460.0 368.0 92.0 Richie
6848.0 12456.0 124.0 88.0 de-

4888.0 12600.0 488.0 112.0 manded,
5436.0 12608.0 176.0 88.0 not
5684.0 12604.0 416.0 108.0 moving
6168.0 12600.0 280.0 92.0 from
6516.0 12596.0 172.0 92.0 the
6752.0 12592.0 220.0 92.0 shel-

4884.0 12740.0 168.0 88.0 ter
5128.0 12744.0 116.0 88.0 of
5312.0 12740.0 420.0 92.0 Linda's
5800.0 12760.0 308.0 72.0 arms.

5012.0 12876.0 424.0 92.0 "That's
5544.0 12876.0 176.0 96.0 the
5828.0 12896.0 368.0 88.0 wagon
6308.0 12868.0 236.0 96.0 that
6652.0 12864.0 364.0 112.0 brings

4900.0 13004.0 192.0 96.0 the
5152.0 13012.0 320.0 100.0 rain,"
5524.0 13016.0 188.0 88.0 she
5772.0 13008.0 476.0 108.0 laughed.
6336.0 13008.0 432.0 92.0 "Would
6828.0 13028.0 200.0 88.0 you

6776.0 19348.0 48.0 100.0 J

6500.0 21608.0 384.0 360.0 hi.

4764.0 20524.0 624.0 184.0 Arbia
6216.0 20488.0 64.0 212.0 I

7100.0 1324.0 284.0 104.0 mind
7436.0 1328.0 416.0 116.0 closing
7904.0 1332.0 180.0 96.0 the
8140.0 1332.0 476.0 112.0 window,
8676.0 1324.0 412.0 108.0 NickT"
9144.0 1328.0 100.0 96.0 It

7104.0 1492.0 208.0 68.0 was
7360.0 1492.0 120.0 72.0 as
7536.0 1468.0 84.0 92.0 It
7672.0 1468.0 192.0 92.0 ihe
7916.0 1464.0 512.0 112.0 belonged
8480.0 1468.0 336.0 104.0 there,
8852.0 1468.0 392.0 96.0 almost

7100.0 1628.0 120.0 72.0 as
7308.0 1604.0 80.0 96.0 If
7476.0 1604.0 184.0 92.0 the
7752.0 1604.0 304.0 92.0 three
8140.0 1612.0 112.0 92.0 of
8336.0 1604.0 296.0 96.0 them
8724.0 1600.0 516.0 120.0 belonged

7096.0 1740.0 512.0 108.0 together.

7220.0 1872.0 356.0 96.0 Nick's
7700.0 1876.0 504.0 92.0 sensitive
8328.0 1872.0 228.0 100.0 soul
8684.0 1872.0 560.0 116.0 expanded

7104.0 2012.0 248.0 92.0 with
7416.0 2012.0 548.0 112.0 gratitude
8028.0 2008.0 232.0 96.0 that
8324.0 2016.0 128.0 92.0 he
8516.0 2036.0 220.0 72.0 was
8800.0 2012.0 444.0 96.0 allowed

7104.0 2148.0 108.0 92.0 to
7300.0 2148.0 276.0 92.0 close
7672.0 2144.0 344.0 100.0 Linda
8108.0 2144.0 508.0 116.0 Shayne's
8708.0 2148.0 540.0 96.0 windows.

7112.0 2284.0 92.0 92.0 It
7272.0 2308.0 216.0 68.0 was
7560.0 2308.0 348.0 84.0 more.
7928.0 2288.0 260.0 88.0 than
8264.0 2284.0 576.0 112.0 gratitude,
8912.0 2312.0 296.0 68.0 some-

7108.0 2420.0 300.0 112.0 thing
7472.0 2420.0 128.0 88.0 he
7668.0 2420.0 468.0 100.0 couldn't
8200.0 2420.0 448.0 112.0 explain,
8716.0 2448.0 64.0 68.0 a
8852.0 2424.0 396.0 108.0 feeling

7120.0 2564.0 108.0 92.0 of
7308.0 2568.0 740.0 80.0 contentment
8124.0 2556.0 208.0 96.0 and
8420.0 2580.0 320.0 88.0 pence
8824.0 2568.0 208.0 92.0 and
9120.0 2584.0 132.0 68.0 an

7108.0 2692.0 376.0 92.0 almost
7556.0 2692.0 544.0 116.0 forgotten
8172.0 2692.0 600.0 112.0 happiness.

7224.0 2828.0 216.0 92.0 The
7496.0 2828.0 236.0 96.0 rain
7784.0 2848.0 304.0 76.0 came
8136.0 2824.0 108.0 96.0 In
8296.0 2832.0 500.0 100.0 torrents,
8860.0 2832.0 68.0 92.0 it
8980.0 2840.0 260.0 100.0 wept

7112.0 2956.0 296.0 100.0 down
7484.0 2968.0 184.0 92.0 the
7748.0 2964.0 444.0 92.0 window
8272.0 2984.0 356.0 96.0 panes,
8708.0 2968.0 180.0 92.0 the
8968.0 2972.0 280.0 92.0 trees

7112.0 3100.0 416.0 100.0 twisted
7616.0 3100.0 212.0 100.0 and
7916.0 3096.0 472.0 100.0 writhed.

7228.0 3236.0 272.0 96.0 Nick
7580.0 3236.0 268.0 108.0 said,
7928.0 3260.0 124.0 72.0 as
8128.0 3240.0 176.0 92.0 the
8384.0 3236.0 300.0 96.0 three
8764.0 3240.0 116.0 96.0 of
8956.0 3240.0 292.0 96.0 them

7112.0 3372.0 480.0 96.0 watched
7732.0 3376.0 188.0 92.0 the
8048.0 3380.0 364.0 108.0 storm,
8520.0 3376.0 412.0 92.0 "Looks
9040.0 3376.0 212.0 96.0 like

7116.0 3508.0 256.0 100.0 we'll
7456.0 3512.0 256.0 96.0 take
7800.0 3512.0 108.0 96.0 In
7992.0 3532.0 72.0 72.0 a
8136.0 3508.0 412.0 116.0 picture
8636.0 3512.0 420.0 96.0 Instead
9140.0 3512.0 112.0 96.0 of

7112.0 3648.0 176.0 96.0 the
7340.0 3668.0 212.0 88.0 loo,
7608.0 3644.0 176.0 100.0 old
7840.0 3644.0 336.0 96.0 man."
8292.0 3644.0 376.0 100.0 Richie
8728.0 3644.0 524.0 108.0 flattened

7116.0 3780.0 160.0 96.0 his
7348.0 3804.0 252.0 72.0 nose
7668.0 3780.0 428.0 112.0 against
8164.0 3780.0 180.0 96.0 the
8412.0 3804.0 300.0 96.0 pane.

7232.0 3916.0 244.0 96.0 "I'm
7548.0 3916.0 392.0 116.0 stayin'
8004.0 3920.0 256.0 92.0 with
8324.0 3916.0 396.0 112.0 Unda,'
8796.0 3924.0 128.0 96.0 hp
8992.0 3916.0 260.0 100.0 said.

7120.0 4052.0 256.0 96.0 "She
7452.0 4060.0 348.0 108.0 might
7868.0 4060.0 284.0 88.0 want
8228.0 4080.0 168.0 68.0 me
8472.0 4060.0 108.0 88.0 to
8652.0 4056.0 468.0 120.0 sharpen
9192.0 4080.0 64.0 68.0 a

7120.0 4192.0 336.0 116.0 pencil
7512.0 4216.0 120.0 68.0 or
7688.0 4188.0 516.0 116.0 sumpln."

7644.0 4388.0 428.0 96.0 FALLS
8168.0 4388.0 568.0 104.0 ASI.F.Er.

7236.0 4552.0 272.0 100.0 Nick
7604.0 4556.0 408.0 96.0 started
8104.0 4584.0 60.0 68.0 a
8256.0 4560.0 228.0 88.0 coal
8580.0 4560.0 204.0 96.0 fire
8880.0 4564.0 100.0 88.0 In
9076.0 4560.0 180.0 96.0 the

7120.0 4692.0 296.0 96.0 small
7472.0 4692.0 780.0 92.0 old-fashioned
8308.0 4696.0 308.0 112.0 grate
8668.0 4696.0 212.0 92.0 and
8924.0 4696.0 332.0 96.0 Linda

7124.0 4832.0 392.0 108.0 lighted
7592.0 4828.0 468.0 92.0 enndles.
8196.0 4828.0 372.0 92.0 Richie
8652.0 4832.0 176.0 96.0 fell
8904.0 4836.0 356.0 104.0 asleep

7124.0 4968.0 344.0 88.0 beside
7560.0 4968.0 168.0 96.0 his
7820.0 4968.0 372.0 112.0 engine
8280.0 4972.0 216.0 92.0 and
8588.0 4968.0 268.0 92.0 Nick
8956.0 4972.0 300.0 96.0 lifted

7128.0 5108.0 208.0 88.0 him
7412.0 5112.0 112.0 84.0 to
7596.0 5108.0 184.0 88.0 the
7856.0 5104.0 356.0 92.0 couch.

7240.0 5240.0 136.0 92.0 As
7476.0 5240.0 128.0 96.0 he
7708.0 5240.0 440.0 92.0 covered
8256.0 5236.0 176.0 96.0 the
8536.0 5240.0 280.0 92.0 child
8924.0 5240.0 336.0 96.0 Linda

7128.0 5376.0 440.0 116.0 thought
7628.0 5376.0 192.0 96.0 she
7876.0 5376.0 204.0 92.0 had
8132.0 5396.0 320.0 72.0 never
8504.0 5404.0 248.0 68.0 seen
8808.0 5400.0 52.0 64.0 a
8924.0 5380.0 336.0 92.0 man's

7136.0 5512.0 228.0 92.0 face
7428.0 5536.0 120.0 68.0 so
7612.0 5516.0 408.0 88.0 tender.

7236.0 5652.0 396.0 92.0 "When
7788.0 5648.0 44.0 96.0 I
7976.0 5648.0 264.0 96.0 have
8380.0 5668.0 64.0 72.0 a
8588.0 5648.0 372.0 108.0 child,"
9072.0 5652.0 188.0 96.0 she

7124.0 5788.0 480.0 108.0 thought,
7688.0 5784.0 116.0 96.0 "I
7884.0 5788.0 288.0 92.0 want
8252.0 5780.0 164.0 100.0 his
8504.0 5788.0 356.0 92.0 father
8944.0 5792.0 112.0 92.0 to
9136.0 5792.0 124.0 88.0 be

7124.0 5924.0 204.0 92.0 like
7384.0 5924.0 280.0 92.0 Nick
7716.0 5920.0 476.0 100.0 Corbin."
8308.0 5920.0 224.0 96.0 Her
8588.0 5924.0 388.0 96.0 cheeks
9036.0 5924.0 180.0 96.0 red-

7120.0 6056.0 332.0 96.0 dened
7544.0 6060.0 108.0 92.0 In
7748.0 6060.0 180.0 96.0 the
8016.0 6056.0 508.0 112.0 firelight.

7240.0 6196.0 200.0 96.0 She
7512.0 6196.0 216.0 92.0 and
7800.0 6192.0 280.0 100.0 Nick
8148.0 6192.0 396.0 100.0 talked.
8676.0 6196.0 100.0 96.0 It
8848.0 6220.0 216.0 76.0 was
9136.0 6220.0 124.0 72.0 as

7120.0 6328.0 84.0 96.0 If
7300.0 6332.0 252.0 112.0 they
7648.0 6332.0 212.0 96.0 had
7956.0 6328.0 260.0 100.0 been
8312.0 6332.0 532.0 112.0 hoarding
8932.0 6336.0 284.0 96.0 confi-

7136.0 6464.0 384.0 92.0 dences
7612.0 6472.0 432.0 112.0 against
8136.0 6468.0 216.0 96.0 this
8444.0 6472.0 308.0 108.0 rainy
8844.0 6472.0 432.0 112.0 Sunday

7136.0 6604.0 600.0 96.0 afternoon.
7896.0 6604.0 100.0 96.0 It
8064.0 6628.0 216.0 72.0 was
8348.0 6608.0 676.0 112.0 astonishing
9092.0 6612.0 180.0 92.0 the

7140.0 6760.0 320.0 92.0 range
7528.0 6744.0 116.0 92.0 of
7716.0 6740.0 468.0 112.0 subjects
8248.0 6744.0 248.0 112.0 they
8568.0 6744.0 452.0 92.0 touched
9096.0 6768.0 136.0 92.0 up-

7132.0 6896.0 156.0 72.0 on.
7340.0 6872.0 236.0 100.0 And
7632.0 6876.0 300.0 96.0 there
7976.0 6900.0 264.0 72.0 were
8292.0 6876.0 248.0 120.0 long
8588.0 6884.0 640.0 108.0 companion-

7124.0 7012.0 228.0 96.0 able
7452.0 7016.0 456.0 88.0 silences
8004.0 7012.0 300.0 92.0 when
8408.0 7016.0 300.0 92.0 there
8812.0 7036.0 220.0 72.0 was
9128.0 7040.0 136.0 72.0 no

7124.0 7148.0 256.0 96.0 need
7460.0 7148.0 116.0 96.0 of
7656.0 7148.0 372.0 92.0 words.

7240.0 7284.0 272.0 96.0 Nick
7600.0 7284.0 364.0 96.0 talked
8056.0 7312.0 64.0 68.0 a
8212.0 7280.0 272.0 96.0 little
8576.0 7284.0 112.0 96.0 of
8784.0 7284.0 472.0 96.0 Mildred.

7124.0 7424.0 160.0 92.0 He
7340.0 7420.0 304.0 92.0 knew
7712.0 7424.0 444.0 108.0 nothing
8212.0 7428.0 116.0 88.0 of
8384.0 7424.0 220.0 100.0 her,
8664.0 7448.0 352.0 68.0 wnere
9076.0 7428.0 184.0 88.0 she

7136.0 7556.0 196.0 92.0 had
7408.0 7580.0 304.0 88.0 gone,
7788.0 7560.0 284.0 92.0 what
8132.0 7560.0 188.0 96.0 she
8392.0 7584.0 220.0 68.0 was
8680.0 7560.0 352.0 112.0 doing.

7236.0 7696.0 344.0 92.0 "Does
7716.0 7700.0 84.0 92.0 it
7936.0 7696.0 308.0 96.0 make
8376.0 7720.0 212.0 92.0 you
8732.0 7696.0 524.0 120.0 unhappy,

7124.0 7832.0 404.0 96.0 Nick?"

7232.0 7968.0 268.0 96.0 "Not
7608.0 7968.0 184.0 96.0 the
7900.0 7988.0 228.0 96.0 way
8228.0 7992.0 204.0 96.0 you
8544.0 7992.0 344.0 76.0 mean.
9056.0 7972.0 212.0 92.0 The

7116.0 8104.0 724.0 120.0 unhapplness
7900.0 8128.0 244.0 96.0 goes
8200.0 8108.0 268.0 96.0 back
8532.0 8112.0 424.0 100.0 farther
9012.0 8108.0 256.0 100.0 than

7120.0 8244.0 260.0 96.0 that.
7504.0 8248.0 108.0 96.0 It
7672.0 8272.0 256.0 96.0 goes
7996.0 8244.0 264.0 96.0 back
8328.0 8244.0 224.0 96.0 five
8620.0 8244.0 248.0 116.0 long
8936.0 8272.0 332.0 88.0 years.

7120.0 8380.0 96.0 96.0 It
7292.0 8380.0 392.0 100.0 breaks
7764.0 8404.0 176.0 92.0 my
8012.0 8384.0 304.0 92.0 heart
8392.0 8384.0 172.0 96.0 for
8640.0 8384.0 408.0 96.0 Richie.
9180.0 8392.0 88.0 88.0 A

7120.0 8520.0 260.0 96.0 little
7448.0 8516.0 208.0 116.0 boy
7720.0 8520.0 320.0 92.0 needs
8108.0 8520.0 164.0 96.0 his
8340.0 8524.0 424.0 92.0 mother
8824.0 8524.0 208.0 92.0 and
9104.0 8524.0 164.0 96.0 It's

7120.0 8676.0 172.0 92.0 my
7348.0 8656.0 284.0 96.0 fault
7704.0 8660.0 240.0 96.0 that
8016.0 8656.0 128.0 100.0 he
8216.0 8656.0 192.0 96.0 has
8484.0 8656.0 364.0 96.0 none."

7092.0 8784.0 32.0 52.0 '
7232.0 8792.0 220.0 96.0 "Oh
7524.0 8816.0 164.0 88.0 no,
7760.0 8792.0 364.0 100.0 Nick."

7228.0 8928.0 244.0 100.0 "It's
7556.0 8936.0 184.0 88.0 the
7828.0 8928.0 380.0 112.0 truth,"
8292.0 8932.0 124.0 96.0 he
8508.0 8932.0 472.0 96.0 Insisted.
9120.0 8932.0 144.0 96.0 "A

7120.0 9088.0 240.0 72.0 man
7492.0 9068.0 200.0 96.0 has
7820.0 9092.0 136.0 68.0 no
8076.0 9068.0 276.0 112.0 right
8484.0 9080.0 108.0 80.0 to
8724.0 9096.0 356.0 88.0 marry
9208.0 9096.0 60.0 64.0 a

7116.0 9228.0 408.0 76.0 woman
7588.0 9208.0 240.0 96.0 who
7888.0 9212.0 304.0 88.0 won't
8244.0 9208.0 120.0 92.0 be
8420.0 9236.0 64.0 68.0 a
8540.0 9212.0 268.0 112.0 good
8856.0 9208.0 416.0 92.0 mother

7124.0 9348.0 104.0 96.0 to
7300.0 9348.0 160.0 88.0 liis
7536.0 9344.0 568.0 92.0 children."

7236.0 9480.0 256.0 92.0 "Lut
7596.0 9504.0 240.0 68.0 men
7928.0 9484.0 272.0 92.0 don't
8300.0 9484.0 312.0 88.0 think
8708.0 9480.0 120.0 88.0 of
8916.0 9480.0 356.0 108.0 thing'

7124.0 9620.0 196.0 88.0 like
7420.0 9624.0 224.0 88.0 that
7756.0 9620.0 296.0 92.0 when
8156.0 9620.0 248.0 108.0 they
8512.0 9620.0 184.0 92.0 fall
8812.0 9628.0 100.0 84.0 in
9020.0 9620.0 220.0 88.0 love

7132.0 9756.0 480.0 112.0 Anyway,
7680.0 9756.0 228.0 92.0 how
7972.0 9784.0 192.0 68.0 can
8232.0 9756.0 248.0 112.0 they
8552.0 9752.0 316.0 92.0 tell?"

7256.0 9892.0 100.0 88.0 "I
7456.0 9892.0 308.0 96.0 could
7868.0 9892.0 200.0 96.0 tell.
8236.0 9888.0 476.0 116.0 Looking
8824.0 9888.0 296.0 104.0 back,
9228.0 9888.0 40.0 96.0 I

7124.0 10028.0 416.0 92.0 wond.T
7668.0 10036.0 108.0 84.0 at
7912.0 10052.0 168.0 92.0 my
8208.0 10028.0 548.0 112.0 stupidity.
8956.0 10028.0 316.0 88.0 Amos

7120.0 10168.0 272.0 92.0 Judd
7480.0 10172.0 428.0 92.0 warned
7992.0 10188.0 160.0 72.0 me
8236.0 10164.0 208.0 88.0 and
8528.0 10164.0 44.0 96.0 I
8660.0 10164.0 428.0 92.0 refused
9172.0 10168.0 104.0 84.0 to
9324.0 10156.0 8.0 56.0 ;

7120.0 10300.0 396.0 96.0 listen."
7664.0 10300.0 164.0 96.0 He
7924.0 10328.0 212.0 68.0 was
8228.0 10304.0 380.0 92.0 wound
8704.0 10324.0 172.0 84.0 up,
8960.0 10324.0 316.0 88.0 eager

7140.0 10444.0 104.0 88.0 to
7344.0 10440.0 316.0 100.0 share
7772.0 10436.0 164.0 112.0 his
8040.0 10440.0 572.0 96.0 bitterness
8720.0 10436.0 208.0 96.0 and
9032.0 10436.0 208.0 96.0 self-

7124.0 10580.0 364.0 92.0 blame.
7692.0 10740.0 284.0 104.0 NOT
8056.0 10748.0 148.0 92.0 IN
8288.0 10736.0 404.0 100.0 LOVE.

7252.0 10936.0 112.0 100.0 "I
7452.0 10944.0 376.0 96.0 wasn't
7924.0 10944.0 100.0 92.0 in
8116.0 10944.0 232.0 92.0 love
8436.0 10944.0 268.0 92.0 with
8796.0 10936.0 476.0 112.0 Mildred,

7120.0 11084.0 52.0 92.0 I
7224.0 11108.0 220.0 68.0 was
7496.0 11084.0 384.0 112.0 simply
7940.0 11080.0 416.0 92.0 blinded
8420.0 11076.0 136.0 116.0 by
8616.0 11080.0 192.0 92.0 her
8860.0 11080.0 416.0 108.0 beauty.

7124.0 11220.0 196.0 92.0 She
7388.0 11220.0 508.0 112.0 appealed
7968.0 11224.0 104.0 88.0 to
8132.0 11240.0 164.0 72.0 me
8360.0 11224.0 104.0 88.0 in
8528.0 11236.0 296.0 72.0 some
8888.0 11236.0 356.0 92.0 power-

7128.0 11356.0 144.0 96.0 ful
7412.0 11380.0 264.0 88.0 way.
7880.0 11352.0 420.0 100.0 Linda,"
8448.0 11356.0 128.0 88.0 he
8724.0 11356.0 268.0 88.0 went
9148.0 11376.0 128.0 68.0 on

7068.0 11508.0 8.0 60.0 :
7124.0 11496.0 556.0 112.0 earnestly,
7772.0 11488.0 236.0 96.0 "the
8096.0 11496.0 264.0 108.0 good
8452.0 11488.0 280.0 100.0 Lord
8820.0 11488.0 308.0 96.0 made
9220.0 11512.0 60.0 68.0 a

7068.0 11604.0 8.0 60.0 1
7124.0 11632.0 424.0 92.0 terrible
7680.0 11632.0 452.0 92.0 mistake
8260.0 11628.0 300.0 92.0 when
8684.0 11628.0 164.0 88.0 He
8976.0 11628.0 240.0 92.0 mad

7128.0 11792.0 228.0 68.0 men
7428.0 11768.0 212.0 92.0 and
7712.0 11792.0 428.0 68.0 women.

7240.0 11904.0 216.0 92.0 "He
7584.0 11928.0 264.0 88.0 gave
7968.0 11904.0 284.0 88.0 them
8376.0 11900.0 180.0 92.0 the
8684.0 11900.0 368.0 112.0 ability
9176.0 11904.0 108.0 84.0 to

7068.0 12036.0 8.0 28.0 1
7132.0 12044.0 288.0 88.0 think
7544.0 12044.0 208.0 88.0 and
7868.0 12064.0 364.0 68.0 reason
8352.0 12040.0 200.0 92.0 and
8676.0 12040.0 384.0 88.0 choose
9180.0 12040.0 96.0 84.0 In

7124.0 12200.0 304.0 96.0 every
7528.0 12180.0 396.0 88.0 matter
8000.0 12188.0 356.0 100.0 except
8460.0 12176.0 176.0 92.0 the
8732.0 12184.0 264.0 80.0 most
9104.0 12172.0 132.0 92.0 im-

7068.0 12372.0 12.0 36.0 i
7132.0 12324.0 416.0 104.0 portant
7624.0 12340.0 232.0 68.0 one.
7984.0 12312.0 212.0 100.0 The
8272.0 12316.0 232.0 88.0 idea
8576.0 12312.0 116.0 96.0 of
8760.0 12312.0 520.0 116.0 anything

7072.0 12432.0 8.0 60.0 :
7140.0 12476.0 116.0 68.0 as
7328.0 12452.0 588.0 112.0 important
7984.0 12480.0 116.0 64.0 as
8164.0 12452.0 416.0 108.0 mating
8712.0 12476.0 152.0 68.0 we
8928.0 12448.0 196.0 92.0 call
9200.0 12460.0 68.0 84.0 it

7144.0 12592.0 532.0 112.0 marriage
7752.0 12592.0 104.0 88.0 in
7932.0 12612.0 188.0 72.0 our
8192.0 12588.0 644.0 92.0 civilization
8972.0 12584.0 312.0 112.0 being

7140.0 12724.0 524.0 116.0 governed
7736.0 12724.0 132.0 116.0 by
7936.0 12748.0 60.0 68.0 a
8056.0 12724.0 280.0 92.0 trick
8400.0 12728.0 116.0 96.0 of
8576.0 12724.0 180.0 92.0 the
8824.0 12724.0 448.0 92.0 senses."

7240.0 12860.0 340.0 104.0 Linda
7672.0 12864.0 192.0 92.0 felt
7952.0 12860.0 176.0 96.0 the
8216.0 12884.0 260.0 88.0 urge
8568.0 12860.0 112.0 88.0 to
8772.0 12856.0 508.0 116.0 disagree.

7124.0 13000.0 360.0 100.0 "Nick,
7612.0 13000.0 344.0 92.0 listen.
8136.0 12996.0 248.0 96.0 Just
8508.0 12996.0 456.0 92.0 because
9084.0 13016.0 200.0 88.0 you

7096.0 17788.0 200.0 116.0 Bon
7320.0 17792.0 64.0 104.0 if
7396.0 17828.0 68.0 72.0 o
7564.0 17800.0 604.0 100.0 continues:
8304.0 17784.0 228.0 112.0 This
8656.0 17784.0 104.0 112.0 IS
8876.0 17788.0 296.0 136.0 quite
9288.0 17828.0 64.0 72.0 a

7096.0 17956.0 424.0 112.0 dinkusl
7612.0 17956.0 408.0 108.0 Honest
8100.0 17968.0 112.0 96.0 to
8296.0 17956.0 616.0 136.0 goodness,
8996.0 17940.0 156.0 124.0 it's
9236.0 17992.0 124.0 76.0 so

7096.0 18124.0 184.0 108.0 hot
7336.0 18156.0 268.0 76.0 over
7664.0 18136.0 112.0 96.0 at
7848.0 18156.0 160.0 104.0 my
8064.0 18116.0 328.0 140.0 place
8452.0 18120.0 236.0 108.0 that
8756.0 18120.0 76.0 108.0 if
8900.0 18116.0 24.0 112.0 I
8980.0 18108.0 384.0 124.0 wasn't

7092.0 18288.0 248.0 112.0 such
7396.0 18324.0 68.0 76.0 a
7516.0 18284.0 360.0 144.0 stylish
7932.0 18304.0 276.0 92.0 stout
8256.0 18288.0 20.0 108.0 I
8328.0 18284.0 360.0 112.0 would
8744.0 18284.0 280.0 112.0 have
9076.0 18292.0 272.0 104.0 tried

7088.0 18472.0 112.0 96.0 to
7268.0 18448.0 324.0 120.0 crawl
7668.0 18456.0 220.0 108.0 into
7956.0 18452.0 176.0 108.0 the
8208.0 18452.0 560.0 140.0 hydrator.
8852.0 18448.0 248.0 140.0 Say,
9160.0 18456.0 188.0 108.0 did

7088.0 18656.0 208.0 108.0 you
7372.0 18620.0 316.0 112.0 know
7760.0 18620.0 228.0 108.0 that
8052.0 18620.0 196.0 108.0 this
8320.0 18636.0 844.0 120.0 extravagance
9236.0 18620.0 120.0 112.0 of

7084.0 18820.0 320.0 108.0 yours
7480.0 18788.0 204.0 108.0 has
7760.0 18784.0 528.0 136.0 provided
8356.0 18820.0 64.0 72.0 a
8488.0 18780.0 348.0 140.0 badly
8896.0 18788.0 452.0 104.0 needed

7092.0 18988.0 232.0 72.0 new
7408.0 18952.0 300.0 140.0 topic
7792.0 18952.0 168.0 108.0 for
8036.0 18952.0 180.0 112.0 the
8300.0 18948.0 360.0 112.0 whole
8756.0 18952.0 548.0 140.0 neighbor-

7088.0 19116.0 380.0 112.0 hood?
6972.0 21636.0 292.0 364.0 V

7512.0 21728.0 116.0 88.0 lite
7772.0 21772.0 48.0 44.0 A

9076.0 22204.0 20.0 28.0 ,
9268.0 22172.0 44.0 60.0 I

8232.0 24212.0 444.0 108.0 SR&a-

7568.0 13408.0 464.0 736.0 2

7416.0 16408.0 56.0 48.0 S

6504.0 24160.0 64.0 160.0 b
7336.0 24168.0 52.0 52.0 4
7836.0 24160.0 396.0 148.0 "IS

7748.0 26596.0 224.0 112.0 This
8032.0 26632.0 492.0 96.0 summer,
8572.0 26632.0 128.0 76.0 as
8760.0 26592.0 336.0 128.0 usual,
9148.0 26596.0 68.0 104.0 it
9276.0 26592.0 80.0 108.0 is
9412.0 26636.0 360.0 84.0 worm,
9820.0 26592.0 224.0 108.0 and
10100.0 26636.0 208.0 92.0 you
10372.0 26568.0 288.0 132.0 con't
10720.0 26588.0 268.0 108.0 beat

7752.0 26764.0 176.0 108.0 the
8016.0 26764.0 264.0 108.0 heat
8356.0 26796.0 284.0 76.0 even
8732.0 26760.0 72.0 108.0 if
8888.0 26792.0 208.0 104.0 you
9184.0 26764.0 256.0 128.0 strip
9524.0 26760.0 320.0 108.0 down
9932.0 26756.0 196.0 112.0 like
10212.0 26792.0 64.0 72.0 a
10368.0 26760.0 384.0 104.0 nudist.
10836.0 26752.0 152.0 112.0 So

7752.0 26912.0 228.0 124.0 isn't
8040.0 26932.0 64.0 104.0 it
8164.0 26924.0 408.0 144.0 logical
8636.0 26944.0 112.0 92.0 to
8808.0 26940.0 188.0 128.0 get
9044.0 26956.0 64.0 76.0 a
9164.0 26924.0 500.0 108.0 machine
9724.0 26940.0 112.0 96.0 to
9896.0 26924.0 308.0 108.0 make
10264.0 26924.0 364.0 140.0 things
10676.0 26916.0 308.0 116.0 cool?

7748.0 27088.0 592.0 148.0 Especially
8388.0 27092.0 76.0 112.0 if
8512.0 27096.0 72.0 108.0 it
8628.0 27112.0 284.0 92.0 costs
8956.0 27088.0 212.0 116.0 less
9212.0 27092.0 264.0 108.0 than
9528.0 27076.0 540.0 128.0 two'cents
10108.0 27124.0 140.0 76.0 an
10304.0 27088.0 272.0 112.0 hour
10616.0 27104.0 108.0 92.0 to
10764.0 27120.0 228.0 76.0 use.

9412.0 1344.0 1072.0 220.0 JASPER

9396.0 7040.0 500.0 132.0 "That's
9952.0 7048.0 464.0 148.0 enough
10480.0 7040.0 668.0 160.0 joy-riding
11216.0 7096.0 276.0 72.0 now

10980.0 7216.0 288.0 124.0 beat
11332.0 7216.0 328.0 124.0 those

9380.0 7656.0 312.0 88.0 made
9808.0 7680.0 60.0 64.0 a
9980.0 7652.0 444.0 96.0 mistake
10544.0 7656.0 84.0 92.0 It
10740.0 7652.0 232.0 92.0 Isn't
11096.0 7652.0 220.0 92.0 fair
11428.0 7660.0 104.0 84.0 to

9384.0 7788.0 344.0 96.0 blame
9792.0 7796.0 168.0 92.0 the
10020.0 7792.0 284.0 92.0 Lord.
10428.0 7792.0 196.0 92.0 I'm
10684.0 7812.0 240.0 76.0 sure
10984.0 7788.0 164.0 92.0 Ho
11216.0 7812.0 316.0 68.0 never

9380.0 7924.0 500.0 96.0 intended
9972.0 7932.0 168.0 88.0 the
10228.0 7928.0 400.0 100.0 human
10724.0 7948.0 236.0 68.0 race
11048.0 7928.0 116.0 88.0 to
11256.0 7924.0 276.0 92.0 close

9380.0 8072.0 140.0 92.0 its
9612.0 8084.0 276.0 92.0 eyes,
9984.0 8068.0 324.0 92.0 throw
10408.0 8092.0 140.0 92.0 up
10652.0 8064.0 140.0 92.0 Its
10884.0 8060.0 348.0 92.0 hands
11324.0 8056.0 208.0 96.0 and

9376.0 8228.0 140.0 84.0 go
9588.0 8208.0 168.0 92.0 off
9828.0 8204.0 180.0 92.0 the
10084.0 8204.0 248.0 112.0 deep
10412.0 8200.0 212.0 96.0 end
10708.0 8200.0 108.0 92.0 In
10892.0 8200.0 176.0 88.0 the
11156.0 8200.0 344.0 112.0 impor-

9376.0 8344.0 240.0 92.0 tant
9704.0 8348.0 388.0 88.0 matter
10176.0 8344.0 108.0 96.0 of
10376.0 8336.0 684.0 116.0 matrimony.

9492.0 8508.0 172.0 96.0 "If
9732.0 8508.0 436.0 96.0 Mildred
10240.0 8508.0 204.0 96.0 had
10516.0 8508.0 384.0 96.0 turned
10968.0 8504.0 184.0 96.0 out
11228.0 8508.0 116.0 92.0 to
11408.0 8500.0 120.0 100.0 be

9376.0 8644.0 184.0 104.0 the
9648.0 8648.0 196.0 112.0 girl
9928.0 8668.0 200.0 96.0 you
10208.0 8648.0 452.0 112.0 thought
10752.0 8648.0 184.0 88.0 she
11016.0 8664.0 236.0 72.0 was
11336.0 8664.0 196.0 92.0 you

9380.0 8784.0 344.0 92.0 would
9792.0 8784.0 268.0 96.0 have
10124.0 8784.0 180.0 92.0 felt
10364.0 8804.0 264.0 92.0 very
10696.0 8776.0 352.0 120.0 kindly
11116.0 8780.0 408.0 96.0 toward

9376.0 8916.0 468.0 100.0 nature's
9944.0 8916.0 328.0 96.0 laws."

9496.0 9056.0 276.0 96.0 Nick
9852.0 9056.0 396.0 104.0 nodded
10324.0 9056.0 260.0 92.0 with
10668.0 9076.0 56.0 68.0 a
10808.0 9056.0 364.0 88.0 shame
11228.0 9052.0 300.0 92.0 faced

9376.0 9216.0 268.0 84.0 grin.
9788.0 9192.0 428.0 96.0 "Which
10292.0 9192.0 772.0 108.0 satisfactorily
11156.0 9212.0 376.0 92.0 proves

9388.0 9352.0 172.0 92.0 my
9632.0 9332.0 236.0 92.0 first
9944.0 9332.0 368.0 112.0 point,"
10384.0 9336.0 124.0 88.0 he
10584.0 9328.0 256.0 92.0 said.
10960.0 9332.0 100.0 88.0 "I
11136.0 9352.0 228.0 72.0 was
11432.0 9328.0 96.0 88.0 21

9380.0 9488.0 316.0 92.0 years
9788.0 9472.0 164.0 88.0 o'd
10052.0 9468.0 196.0 92.0 and
10352.0 9468.0 100.0 92.0 In
10552.0 9492.0 176.0 84.0 my
10832.0 9468.0 268.0 108.0 rif;ht
11216.0 9464.0 316.0 100.0 mind,

9384.0 9604.0 204.0 96.0 and
9672.0 9608.0 36.0 88.0 I
9784.0 9608.0 300.0 88.0 made
10156.0 9628.0 56.0 68.0 a
10284.0 9604.0 208.0 96.0 fool
10572.0 9608.0 112.0 84.0 of
10756.0 9600.0 404.0 112.0 myself.

9500.0 9744.0 520.0 92.0 "Married
10088.0 9764.0 52.0 64.0 a
10212.0 9744.0 188.0 108.0 jirl
10468.0 9744.0 212.0 92.0 und
10752.0 9740.0 240.0 88.0 then
11064.0 9736.0 284.0 92.0 tried
11420.0 9748.0 96.0 76.0 to

9388.0 9876.0 312.0 92.0 make
9796.0 9880.0 184.0 88.0 her
10064.0 9900.0 240.0 68.0 over
10392.0 9884.0 112.0 80.0 to
10600.0 9880.0 124.0 88.0 fit
10820.0 9900.0 164.0 84.0 my
11080.0 9872.0 240.0 92.0 idea
11420.0 9872.0 96.0 88.0 of

9380.0 10016.0 288.0 88.0 what
9784.0 10016.0 44.0 92.0 I
9944.0 10012.0 432.0 104.0 thought
10504.0 10016.0 192.0 84.0 she
10812.0 10012.0 372.0 88.0 should
11316.0 10008.0 204.0 88.0 be''

9384.0 10152.0 304.0 88.0 After
9824.0 10176.0 60.0 64.0 a
10024.0 10148.0 616.0 112.0 thoughtful
10784.0 10152.0 460.0 84.0 moment
11400.0 10144.0 120.0 92.0 he

9404.0 10284.0 360.0 104.0 asked,
9832.0 10280.0 336.0 100.0 "Ever
10232.0 10284.0 256.0 92.0 been
10568.0 10284.0 104.0 92.0 In
10744.0 10280.0 248.0 108.0 love,
11060.0 10276.0 468.0 96.0 Linda?"

9500.0 10420.0 408.0 92.0 "Never
9976.0 10424.0 108.0 92.0 to
10144.0 10416.0 176.0 96.0 the
10392.0 10416.0 296.0 116.0 point
10764.0 10416.0 348.0 100.0 where
11184.0 10416.0 52.0 92.0 1
11308.0 10436.0 212.0 68.0 was

9380.0 10564.0 244.0 112.0 past
9720.0 10560.0 308.0 116.0 using
10120.0 10576.0 168.0 96.0 my
10388.0 10548.0 368.0 100.0 head."

9500.0 10692.0 352.0 96.0 "Then
9948.0 10716.0 200.0 92.0 you
10240.0 10692.0 316.0 96.0 know
10660.0 10688.0 444.0 112.0 nothing
11196.0 10688.0 324.0 92.0 about

9380.0 10824.0 112.0 100.0 It.
9636.0 10828.0 320.0 92.0 What
10036.0 10828.0 200.0 92.0 will
10320.0 10848.0 208.0 96.0 you
10616.0 10824.0 140.0 96.0 do
10836.0 10824.0 304.0 92.0 when
11232.0 10848.0 288.0 64.0 some

9380.0 10988.0 248.0 68.0 man
9712.0 10988.0 392.0 88.0 sweeps
10180.0 10984.0 200.0 88.0 you
10456.0 10960.0 176.0 92.0 off
10708.0 10984.0 260.0 92.0 your
11044.0 10956.0 368.0 96.0 feet?"

9504.0 11100.0 532.0 112.0 "Perhaps
10160.0 11100.0 184.0 92.0 I'm
10472.0 11100.0 188.0 88.0 the
10784.0 11092.0 256.0 108.0 cold,
11168.0 11100.0 316.0 104.0 stony-

9384.0 11232.0 436.0 96.0 hearted
9928.0 11232.0 324.0 116.0 type."
10420.0 11232.0 348.0 96.0 Linda
10864.0 11232.0 336.0 92.0 found
11308.0 11232.0 216.0 88.0 this

9392.0 11372.0 420.0 112.0 putting
9904.0 11376.0 112.0 88.0 of
10108.0 11376.0 220.0 84.0 love
10424.0 11392.0 132.0 68.0 on
10656.0 11372.0 180.0 88.0 the
10924.0 11368.0 292.0 88.0 table
11320.0 11364.0 196.0 92.0 and

9380.0 11508.0 584.0 112.0 dissecting
10044.0 11504.0 64.0 92.0 It
10200.0 11508.0 364.0 88.0 rather
10644.0 11504.0 492.0 108.0 exciting.

9504.0 11644.0 100.0 84.0 "I
9704.0 11644.0 312.0 88.0 doubt
10120.0 11644.0 96.0 88.0 it.
10372.0 11644.0 316.0 88.0 Some
10780.0 11640.0 196.0 108.0 dny
11068.0 11636.0 448.0 112.0 nothing

9388.0 11776.0 204.0 92.0 will
9716.0 11792.0 384.0 76.0 tnntter
10216.0 11780.0 168.0 88.0 but
10512.0 11800.0 204.0 64.0 one
10836.0 11796.0 268.0 68.0 man.
11304.0 11772.0 212.0 92.0 You

9388.0 11912.0 304.0 92.0 think
9784.0 11916.0 108.0 88.0 of
9976.0 11916.0 200.0 92.0 him
10260.0 11936.0 316.0 92.0 every
10668.0 11916.0 392.0 84.0 mimile
11148.0 11908.0 120.0 92.0 of
11356.0 11908.0 164.0 88.0 the

9384.0 12048.0 204.0 120.0 day
9672.0 12048.0 196.0 92.0 and
9956.0 12048.0 316.0 108.0 night.
10416.0 12048.0 164.0 88.0 He
10668.0 12048.0 192.0 88.0 will
10940.0 12044.0 300.0 92.0 show
11328.0 12064.0 192.0 96.0 you

9392.0 12184.0 484.0 112.0 paradise
9992.0 12208.0 184.0 60.0 one
10284.0 12192.0 468.0 80.0 moment
10864.0 12180.0 204.0 92.0 and
11200.0 12176.0 316.0 92.0 break

9384.0 12344.0 264.0 92.0 your
9724.0 12320.0 288.0 92.0 heart
10092.0 12320.0 168.0 88.0 the
10340.0 12316.0 340.0 92.0 next."

9500.0 12456.0 252.0 104.0 "Oh,
9844.0 12452.0 260.0 92.0 Nick
10352.0 12456.0 360.0 112.0 please
10956.0 12452.0 64.0 88.0 it
11128.0 12448.0 392.0 92.0 sounds

9384.0 12588.0 580.0 92.0 dreadful."
10100.0 12588.0 192.0 92.0 She
10372.0 12612.0 228.0 68.0 was
10684.0 12588.0 220.0 92.0 half
10980.0 12588.0 540.0 112.0 laughing.

9384.0 12724.0 436.0 116.0 "Really
9912.0 12720.0 144.0 96.0 I'd
10148.0 12728.0 364.0 88.0 rather
10608.0 12724.0 268.0 92.0 not."

9504.0 12860.0 276.0 92.0 Nick
9896.0 12860.0 444.0 112.0 lnughed
10452.0 12856.0 656.0 116.0 confusedly.
11292.0 12852.0 192.0 100.0 Evi-

9384.0 12996.0 368.0 108.0 dently
9832.0 13000.0 128.0 92.0 he
10044.0 13000.0 168.0 88.0 too
10284.0 12996.0 216.0 96.0 had
10592.0 12992.0 256.0 96.0 been
10928.0 12996.0 596.0 88.0 somewhat

10492.0 18256.0 36.0 64.0 i

10800.0 18736.0 24.0 36.0 1

9988.0 19936.0 36.0 52.0 4
10108.0 19928.0 120.0 148.0 ,r
10304.0 19888.0 344.0 204.0 -V-
10764.0 19900.0 76.0 176.0 i

10564.0 21752.0 260.0 96.0 4.
11396.0 21740.0 588.0 108.0 "net".

8744.0 21896.0 44.0 120.0 :
9116.0 21864.0 836.0 180.0 &rrHi
10116.0 21924.0 264.0 128.0 .t,:
10424.0 21856.0 340.0 196.0 phh
11344.0 21880.0 32.0 52.0 '

9428.0 22160.0 88.0 72.0 i'
9576.0 22160.0 100.0 72.0 V
10272.0 22160.0 56.0 40.0 '"
11056.0 22160.0 196.0 72.0 two

9840.0 24272.0 256.0 48.0 wr.
10208.0 24212.0 548.0 108.0 iJ-nlSV-V

9872.0 22756.0 224.0 172.0 "Si

10088.0 23004.0 112.0 84.0 X
10548.0 23000.0 108.0 88.0 if

12240.0 1344.0 244.0 272.0 By
12548.0 1344.0 612.0 224.0 Frank
13220.0 1352.0 544.0 224.0 Owen

11356.0 1664.0 224.0 96.0 CC3
13640.0 1676.0 88.0 28.0 -

11676.0 7044.0 252.0 156.0 hop
11996.0 7048.0 308.0 128.0 back
12368.0 7056.0 116.0 120.0 in
12556.0 7052.0 204.0 124.0 the
12828.0 7044.0 304.0 136.0 bowl
13204.0 7044.0 252.0 128.0 and
13532.0 7048.0 184.0 128.0 lrt'

11716.0 7216.0 432.0 148.0 eg(sl"

11624.0 7652.0 436.0 92.0 thrilled
12184.0 7648.0 128.0 120.0 by
12432.0 7656.0 188.0 96.0 the
12744.0 7652.0 780.0 96.0 conversation.
13704.0 7652.0 76.0 96.0 A

11632.0 7788.0 292.0 92.0 flush
12060.0 7788.0 396.0 92.0 burned
12592.0 7788.0 348.0 92.0 under
13060.0 7788.0 160.0 92.0 his
13360.0 7788.0 428.0 112.0 healthy

11624.0 7928.0 220.0 104.0 tan,
11932.0 7920.0 132.0 96.0 he
12144.0 7948.0 208.0 68.0 was
12432.0 7920.0 316.0 108.0 alive,
12824.0 7944.0 68.0 72.0 a
12968.0 7920.0 520.0 100.0 different
13568.0 7944.0 184.0 96.0 per-

11628.0 8056.0 468.0 112.0 sonality
12204.0 8068.0 268.0 92.0 from
12584.0 8056.0 192.0 96.0 the
12884.0 8076.0 240.0 76.0 man
13232.0 8060.0 248.0 92.0 who
13588.0 8052.0 196.0 100.0 had

11628.0 8188.0 444.0 120.0 humbly
12148.0 8188.0 392.0 112.0 begged
12612.0 8188.0 348.0 100.0 Linda
13024.0 8192.0 172.0 96.0 for
13264.0 8192.0 408.0 96.0 advire.

11744.0 8328.0 336.0 96.0 "Now
12136.0 8332.0 224.0 92.0 that
12420.0 8352.0 160.0 72.0 we
12644.0 8328.0 276.0 96.0 have
12972.0 8332.0 232.0 92.0 that
13256.0 8328.0 532.0 108.0 setttled,"

11620.0 8464.0 136.0 96.0 he
11832.0 8460.0 492.0 112.0 laughed,
12404.0 8464.0 308.0 100.0 "how
12784.0 8460.0 320.0 100.0 about
13176.0 8464.0 612.0 116.0 discussing

11628.0 8604.0 184.0 92.0 the
11912.0 8596.0 540.0 100.0 weather?
12580.0 8600.0 96.0 96.0 A
12780.0 8604.0 276.0 92.0 most
13144.0 8600.0 644.0 116.0 Interesting

11624.0 8732.0 428.0 112.0 subject
12180.0 8736.0 204.0 92.0 and
12472.0 8732.0 340.0 100.0 safe."

11748.0 8872.0 388.0 92.0 Richie
12224.0 8868.0 372.0 96.0 awoke
12688.0 8868.0 212.0 100.0 and
12988.0 8868.0 272.0 96.0 Nick
13356.0 8868.0 432.0 124.0 Jumped

11628.0 9004.0 112.0 92.0 to
11840.0 9008.0 172.0 88.0 his
12112.0 9008.0 240.0 100.0 feet,
12448.0 9008.0 356.0 88.0 afraid
12912.0 9008.0 236.0 120.0 they
13252.0 9008.0 216.0 92.0 had
13568.0 9012.0 172.0 84.0 out-

11628.0 9160.0 300.0 72.0 worn
12048.0 9140.0 272.0 92.0 their
12428.0 9140.0 532.0 92.0 welcome.
13124.0 9140.0 220.0 96.0 But
13460.0 9140.0 324.0 92.0 Linda

11628.0 9276.0 472.0 88.0 silenced
12208.0 9276.0 156.0 92.0 his
12468.0 9284.0 468.0 104.0 protests
13028.0 9280.0 204.0 92.0 and
13348.0 9280.0 432.0 92.0 Insisted

11620.0 9432.0 292.0 92.0 upon
12000.0 9412.0 432.0 104.0 making
12516.0 9412.0 180.0 92.0 hot
12784.0 9416.0 568.0 96.0 chocolate.

11748.0 9544.0 304.0 112.0 They
12144.0 9556.0 168.0 84.0 ate
12412.0 9556.0 284.0 84.0 toast
12800.0 9548.0 200.0 92.0 and
13100.0 9548.0 272.0 92.0 little
13476.0 9548.0 312.0 92.0 cakes

11628.0 9680.0 212.0 92.0 and
11912.0 9684.0 340.0 88.0 iluink
12324.0 9680.0 176.0 92.0 the
12564.0 9684.0 544.0 88.0 chocolate
13172.0 9692.0 108.0 84.0 at
13360.0 9712.0 60.0 64.0 a
13488.0 9684.0 296.0 92.0 small

11632.0 9816.0 288.0 88.0 table
11996.0 9816.0 272.0 88.0 lcfni
12300.0 9844.0 48.0 60.0 e
12420.0 9820.0 180.0 84.0 the
12676.0 9820.0 228.0 88.0 fire.

11760.0 9952.0 100.0 88.0 "I
11980.0 9960.0 252.0 88.0 wish
12344.0 9956.0 40.0 88.0 I
12488.0 9956.0 312.0 88.0 could
12912.0 9956.0 304.0 88.0 make
13328.0 9956.0 72.0 92.0 It
13520.0 9980.0 276.0 68.0 more

11652.0 10088.0 480.0 104.0 festive,"
12232.0 10084.0 340.0 96.0 Linda
12680.0 10088.0 632.0 116.0 apologized,
13420.0 10096.0 232.0 88.0 "but
13760.0 10092.0 44.0 92.0 1

11640.0 10224.0 276.0 92.0 have
12024.0 10248.0 136.0 68.0 an
12264.0 10236.0 712.0 104.0 engagement
13072.0 10236.0 108.0 84.0 at
13292.0 10228.0 84.0 92.0 6.
13548.0 10228.0 252.0 92.0 Mlns

11640.0 10364.0 572.0 108.0 Raymond
12272.0 10368.0 208.0 92.0 and
12540.0 10368.0 200.0 92.0 her
12800.0 10364.0 432.0 112.0 nephew
13292.0 10388.0 188.0 68.0 are
13536.0 10388.0 224.0 72.0 com-

11640.0 10496.0 180.0 120.0 ing
11904.0 10508.0 108.0 92.0 to
12080.0 10500.0 252.0 96.0 take
12408.0 10528.0 168.0 72.0 me
12652.0 10504.0 116.0 92.0 to
12836.0 10504.0 172.0 92.0 the
13076.0 10524.0 236.0 72.0 new
13392.0 10500.0 404.0 100.0 house."

12224.0 10664.0 432.0 100.0 KNOW
12716.0 10668.0 508.0 100.0 TEKHY.

11756.0 10800.0 288.0 100.0 Nick
12148.0 10804.0 376.0 96.0 looked
12628.0 10828.0 152.0 88.0 up
12876.0 10808.0 268.0 92.0 from
13252.0 10800.0 548.0 116.0 buttering

11640.0 10940.0 472.0 92.0 Richie's
12184.0 10952.0 312.0 80.0 toast.
12636.0 10940.0 388.0 120.0 "Terry
13096.0 10944.0 700.0 112.0 Raymond?"

11648.0 11080.0 128.0 92.0 he
11844.0 11076.0 332.0 92.0 asked
12236.0 11080.0 460.0 112.0 quickly.

11764.0 11212.0 304.0 108.0 "Yes,
12156.0 11216.0 128.0 92.0 do
12368.0 11236.0 208.0 92.0 you
12676.0 11216.0 304.0 92.0 know
13064.0 11216.0 364.0 92.0 him?"
13524.0 11216.0 236.0 92.0 Inno-

11640.0 11352.0 388.0 108.0 cently.
11764.0 11488.0 228.0 92.0 "He
12044.0 11484.0 420.0 96.0 worked
12524.0 11516.0 140.0 68.0 on
12720.0 11492.0 176.0 96.0 the
12948.0 11488.0 540.0 96.0 Northern
13548.0 11488.0 252.0 100.0 Pine

11640.0 11624.0 272.0 112.0 job."

11760.0 11768.0 104.0 88.0 "1
11948.0 11768.0 208.0 84.0 met
12228.0 11764.0 216.0 92.0 him
12516.0 11776.0 100.0 80.0 at
12716.0 11764.0 232.0 92.0 Mrs.
13024.0 11768.0 492.0 92.0 Mr-Call's
13588.0 11768.0 164.0 88.0 din-

11648.0 11900.0 276.0 100.0 ner,"
12004.0 11900.0 324.0 92.0 Linda
12400.0 11904.0 236.0 88.0 hsiU
12720.0 11904.0 764.0 112.0 Indlffeivntly.
13584.0 11908.0 208.0 84.0 "He

11648.0 12064.0 220.0 64.0 was
11936.0 12044.0 288.0 104.0 quite
12288.0 12040.0 448.0 88.0 drunk."

11760.0 12172.0 280.0 92.0 Nick
12116.0 12176.0 508.0 92.0 frowned.
12772.0 12176.0 260.0 92.0 "Too
13104.0 12172.0 236.0 96.0 hud.
13484.0 12176.0 312.0 112.0 Terry

11648.0 12308.0 200.0 92.0 has
11964.0 12316.0 176.0 88.0 the
12244.0 12316.0 448.0 108.0 making
12800.0 12320.0 108.0 88.0 of
13004.0 12340.0 60.0 68.0 a
13168.0 12316.0 232.0 88.0 fine
13504.0 12320.0 292.0 104.0 chap.

11648.0 12440.0 260.0 92.0 He's
11968.0 12448.0 584.0 104.0 intelligent
12608.0 12452.0 216.0 96.0 and
12880.0 12448.0 472.0 96.0 likable."
13476.0 12452.0 320.0 96.0 Linda

11656.0 12580.0 284.0 92.0 liked
12016.0 12584.0 96.0 88.0 Hi
12132.0 12604.0 92.0 68.0 in
12288.0 12584.0 172.0 92.0 for
12520.0 12584.0 188.0 92.0 the
12772.0 12608.0 512.0 92.0 generous
13352.0 12588.0 452.0 92.0 remaik.

11652.0 12712.0 712.0 112.0 Considering
12464.0 12724.0 660.0 112.0 everything,
13232.0 12724.0 132.0 92.0 he
13476.0 12724.0 328.0 108.0 might

11640.0 12848.0 280.0 96.0 have
11976.0 12856.0 224.0 96.0 said
12252.0 12856.0 620.0 112.0 something
12916.0 12860.0 284.0 112.0 quite
13252.0 12860.0 544.0 96.0 different.

11764.0 12992.0 388.0 92.0 "What
12236.0 12988.0 176.0 96.0 did
12512.0 12996.0 136.0 92.0 he
12740.0 12996.0 136.0 88.0 do
12964.0 12996.0 304.0 92.0 when
13364.0 12996.0 64.0 88.0 h
13584.0 13016.0 216.0 68.0 was

11592.0 23908.0 480.0 156.0 ...'5i

13868.0 1340.0 392.0 112.0 drunk,
14324.0 1344.0 464.0 104.0 Linda?"
14860.0 1348.0 388.0 100.0 Richie
15316.0 1348.0 328.0 104.0 asked
15716.0 1352.0 284.0 96.0 Inter-

13868.0 1484.0 444.0 116.0 estedly.
13988.0 1620.0 232.0 96.0 "He
14324.0 1624.0 224.0 96.0 said
14656.0 1624.0 136.0 100.0 he
14908.0 1628.0 340.0 100.0 didn't
15352.0 1628.0 208.0 100.0 like
15676.0 1632.0 356.0 116.0 pretty

13864.0 1756.0 352.0 112.0 girls,"
14292.0 1756.0 324.0 104.0 Linda
14688.0 1764.0 504.0 112.0 lnughed.

13988.0 1896.0 388.0 96.0 "What
14432.0 1900.0 304.0 96.0 made
14800.0 1900.0 232.0 100.0 him
15088.0 1924.0 184.0 92.0 say
15328.0 1900.0 376.0 100.0 that?"
15760.0 1904.0 268.0 96.0 Nick

13872.0 2028.0 336.0 96.0 asked
14284.0 2036.0 428.0 112.0 gruffly.

13992.0 2164.0 108.0 96.0 "I
14192.0 2168.0 280.0 92.0 don't
14560.0 2172.0 416.0 108.0 know,"
15056.0 2172.0 616.0 116.0 shrugging.
15824.0 2180.0 216.0 92.0 "He

13876.0 2300.0 612.0 112.0 apuliiglwd
14556.0 2308.0 368.0 96.0 later."

13996.0 2436.0 276.0 100.0 "I've
14368.0 2444.0 196.0 92.0 hsd
14656.0 2472.0 64.0 68.0 a
14816.0 2452.0 244.0 92.0 nice
15156.0 2448.0 332.0 104.0 time,"
15580.0 2452.0 136.0 88.0 he
15816.0 2448.0 220.0 96.0 said

13880.0 2572.0 208.0 92.0 and
14156.0 2576.0 352.0 96.0 kissed
14564.0 2580.0 216.0 92.0 her.
14908.0 2588.0 212.0 92.0 She
15172.0 2584.0 224.0 96.0 held
15460.0 2588.0 216.0 92.0 hint
15736.0 2588.0 304.0 104.0 close.

13996.0 2712.0 300.0 96.0 "And
14372.0 2716.0 196.0 96.0 will
14636.0 2740.0 208.0 92.0 you
14924.0 2744.0 296.0 72.0 come
15288.0 2724.0 452.0 108.0 again?"

13992.0 2840.0 760.0 120.0 "Tomorrow,"
14820.0 2856.0 140.0 92.0 he
15020.0 2856.0 228.0 96.0 said
15308.0 2864.0 564.0 112.0 promptly.

14000.0 2976.0 284.0 104.0 Nick
14360.0 2992.0 408.0 96.0 carried
14848.0 3012.0 68.0 76.0 a
14996.0 2996.0 332.0 92.0 vision
15400.0 3020.0 308.0 88.0 away
15792.0 3004.0 248.0 92.0 with

13884.0 3116.0 252.0 116.0 him,
14224.0 3124.0 176.0 96.0 the
14480.0 3124.0 164.0 96.0 old
14728.0 3128.0 416.0 108.0 dream,
15220.0 3136.0 176.0 92.0 the
15476.0 3132.0 380.0 100.0 dream
15940.0 3140.0 104.0 92.0 of

13880.0 3276.0 324.0 100.0 every
14264.0 3280.0 268.0 76.0 man.
14624.0 3268.0 84.0 92.0 A
14768.0 3268.0 392.0 96.0 tender
15216.0 3268.0 348.0 120.0 loving
15620.0 3296.0 420.0 76.0 woman

13880.0 3396.0 264.0 92.0 with
14228.0 3400.0 176.0 92.0 the
14476.0 3400.0 488.0 112.0 firelight
15044.0 3432.0 132.0 72.0 on
15256.0 3408.0 184.0 96.0 her
15516.0 3408.0 244.0 96.0 hair
15844.0 3412.0 200.0 96.0 and

13884.0 3528.0 172.0 104.0 hla
14120.0 3532.0 280.0 96.0 child
14464.0 3540.0 108.0 92.0 In
14632.0 3540.0 200.0 96.0 her
14900.0 3564.0 324.0 76.0 arms.

14040.0 3804.0 880.0 112.0 (CONTINUED
14988.0 3816.0 908.0 100.0 TOMORROW.)

13892.0 3964.0 532.0 96.0 (Copyright,
14456.0 3968.0 152.0 96.0 'ST,
14664.0 3968.0 756.0 96.0 Resiiter-Trlhun
15548.0 3984.0 504.0 84.0 Byndlctte)

14284.0 4264.0 292.0 148.0 MAN
14672.0 4268.0 404.0 152.0 BACK
15156.0 4268.0 132.0 152.0 IN
15372.0 4272.0 304.0 152.0 JAIL

13892.0 4552.0 340.0 108.0 After
14344.0 4560.0 524.0 124.0 Attempt
14996.0 4568.0 144.0 100.0 To
15260.0 4572.0 212.0 96.0 8ell
15600.0 4576.0 312.0 128.0 Ring

13996.0 4760.0 376.0 100.0 Police
14444.0 4764.0 368.0 104.0 Poubt
14892.0 4768.0 608.0 104.0 Prisoner's
15572.0 4780.0 372.0 128.0 Story.

14008.0 4968.0 520.0 100.0 Released
14664.0 4980.0 288.0 96.0 from
15092.0 4984.0 176.0 88.0 the
15392.0 4984.0 664.0 100.0 Workhouse

13880.0 5108.0 248.0 112.0 only
14184.0 5108.0 476.0 116.0 Tuesday
14716.0 5116.0 256.0 88.0 Curl
15032.0 5116.0 504.0 108.0 Johnson,
15596.0 5124.0 120.0 88.0 29
15756.0 5148.0 304.0 88.0 years

13888.0 5240.0 204.0 104.0 old,
14168.0 5244.0 176.0 88.0 435
14416.0 5248.0 460.0 116.0 Armory
14960.0 5252.0 452.0 116.0 Avenue,
15488.0 5280.0 228.0 72.0 was
15800.0 5256.0 256.0 96.0 back

13892.0 5376.0 108.0 96.0 In
14072.0 5376.0 196.0 112.0 Jail
14328.0 5384.0 308.0 108.0 again
14708.0 5388.0 604.0 120.0 yesterday.

14012.0 5508.0 608.0 100.0 Detectives
14760.0 5520.0 428.0 112.0 Adulph
15328.0 5524.0 424.0 112.0 Mczger
15860.0 5524.0 200.0 92.0 and

13892.0 5644.0 468.0 108.0 William
14428.0 5652.0 428.0 108.0 Wobbe,
14936.0 5660.0 364.0 116.0 placed
15364.0 5688.0 132.0 68.0 on
15568.0 5664.0 192.0 92.0 the
15824.0 5668.0 240.0 92.0 trail

13888.0 5784.0 116.0 92.0 of
14060.0 5784.0 480.0 100.0 Johnson
14600.0 5792.0 300.0 92.0 after
14960.0 5796.0 248.0 112.0 they
15272.0 5796.0 320.0 96.0 heard
15664.0 5796.0 132.0 96.0 ha
15852.0 5824.0 216.0 64.0 was

13892.0 5920.0 368.0 112.0 trying
14344.0 5928.0 108.0 88.0 to
14536.0 5924.0 188.0 104.0 sell
14816.0 5952.0 68.0 68.0 a
14976.0 5924.0 176.0 108.0 $10
15236.0 5928.0 480.0 120.0 tyasonlc
15808.0 5936.0 264.0 108.0 ring,

13896.0 6052.0 344.0 96.0 found
14316.0 6056.0 212.0 100.0 him
14604.0 6064.0 268.0 92.0 with
14952.0 6088.0 64.0 68.0 a
15100.0 6072.0 668.0 108.0 prospective
15848.0 6092.0 184.0 76.0 cus-

13896.0 6192.0 356.0 92.0 tomer
14364.0 6200.0 104.0 88.0 at
14584.0 6196.0 268.0 100.0 Post
14972.0 6196.0 400.0 116.0 Square
15488.0 6200.0 220.0 100.0 and
15836.0 6200.0 236.0 100.0 Elm

13900.0 6324.0 388.0 96.0 Street.
14444.0 6324.0 360.0 104.0 Asked
14912.0 6340.0 356.0 92.0 where
15364.0 6336.0 132.0 96.0 he
15600.0 6336.0 196.0 116.0 got
15900.0 6340.0 176.0 92.0 the

13904.0 6464.0 244.0 108.0 ring
14232.0 6460.0 476.0 100.0 Johnson
14800.0 6468.0 232.0 100.0 told
15120.0 6472.0 176.0 96.0 the
15376.0 6472.0 460.0 100.0 officers
15948.0 6472.0 128.0 92.0 he

13900.0 6596.0 340.0 92.0 found
14296.0 6600.0 80.0 92.0 It
14424.0 6604.0 100.0 88.0 In
14576.0 6604.0 376.0 92.0 refuse
15008.0 6608.0 112.0 88.0 at
15176.0 6608.0 172.0 92.0 the
15404.0 6604.0 672.0 96.0 Workhouse

13908.0 6732.0 672.0 96.0 Incinerator.
14728.0 6736.0 172.0 92.0 He
14980.0 6740.0 232.0 92.0 said
15292.0 6768.0 64.0 68.0 a
15432.0 6740.0 348.0 116.0 guard
15864.0 6740.0 208.0 92.0 told

13908.0 6864.0 224.0 100.0 hltn
14208.0 6864.0 128.0 96.0 ho
14400.0 6872.0 304.0 96.0 could
14780.0 6872.0 280.0 120.0 keep
15132.0 6872.0 104.0 96.0 it.
15364.0 6876.0 436.0 112.0 Merger
15868.0 6880.0 204.0 92.0 and

13908.0 7000.0 404.0 96.0 Wobbe
14392.0 7004.0 320.0 96.0 found
14796.0 7012.0 228.0 92.0 this
15104.0 7012.0 584.0 92.0 statement
15776.0 7016.0 108.0 88.0 to
15960.0 7012.0 120.0 92.0 be

13912.0 7132.0 304.0 96.0 false.

14020.0 7272.0 604.0 100.0 Convinced
14684.0 7276.0 188.0 92.0 the
14936.0 7276.0 240.0 116.0 ring
15224.0 7304.0 212.0 68.0 was
15492.0 7280.0 356.0 92.0 stolen
15908.0 7280.0 172.0 96.0 the

13904.0 7408.0 588.0 92.0 detectives
14568.0 7436.0 188.0 68.0 are
14844.0 7416.0 360.0 108.0 trying
15284.0 7420.0 104.0 84.0 to
15472.0 7416.0 352.0 92.0 locate
15908.0 7412.0 172.0 96.0 the

13908.0 7564.0 392.0 72.0 owner.
14444.0 7548.0 648.0 104.0 Meanwhile
15172.0 7552.0 480.0 92.0 Johnson
15748.0 7556.0 88.0 88.0 is
15920.0 7548.0 124.0 92.0 de-

13912.0 7676.0 396.0 96.0 tained.
13912.0 7968.0 780.0 160.0 VALUABLE
14768.0 7972.0 736.0 164.0 WATCHES
15588.0 7976.0 492.0 152.0 TAKEN

13912.0 8268.0 432.0 120.0 Youth,
14456.0 8272.0 172.0 120.0 15,
14744.0 8272.0 124.0 104.0 la
14984.0 8276.0 436.0 100.0 Turned
15528.0 8272.0 304.0 108.0 Over
15936.0 8280.0 148.0 100.0 To

14312.0 8472.0 532.0 104.0 Juvenile
14932.0 8480.0 748.0 100.0 Authorities.

14044.0 8680.0 100.0 100.0 A
14200.0 8680.0 912.0 120.0 fifteen-year-old
15168.0 8684.0 200.0 120.0 boy
15420.0 8708.0 228.0 72.0 was
15712.0 8692.0 380.0 96.0 turned

13924.0 8844.0 264.0 84.0 over
14260.0 8828.0 104.0 92.0 to
14432.0 8828.0 480.0 116.0 juvenile
14988.0 8828.0 636.0 96.0 authorities
15700.0 8836.0 356.0 108.0 yester-

13924.0 8960.0 216.0 116.0 day
14236.0 8960.0 280.0 96.0 after
14608.0 8968.0 632.0 112.0 confessing
15332.0 8968.0 108.0 92.0 to
15532.0 8968.0 560.0 96.0 Detective

13932.0 9104.0 460.0 92.0 William
14456.0 9104.0 560.0 96.0 Rathmnn
15084.0 9104.0 224.0 96.0 that
15368.0 9108.0 128.0 92.0 he
15556.0 9108.0 276.0 100.0 stole
15888.0 9112.0 208.0 92.0 two

13932.0 9244.0 472.0 92.0 watches
14520.0 9244.0 392.0 96.0 valued
15044.0 9252.0 100.0 84.0 at
15268.0 9244.0 256.0 104.0 $115.
15656.0 9248.0 212.0 92.0 and
15984.0 9248.0 116.0 96.0 32

13928.0 9392.0 336.0 84.0 cents,
14340.0 9384.0 200.0 88.0 last
14620.0 9380.0 480.0 112.0 Sund'ty,
15176.0 9384.0 272.0 96.0 from
15528.0 9388.0 188.0 88.0 the
15796.0 9392.0 300.0 92.0 home

13928.0 9520.0 120.0 92.0 of
14196.0 9516.0 416.0 116.0 Hughle
14772.0 9520.0 412.0 108.0 Fisher,
15324.0 9528.0 172.0 88.0 3K3
15660.0 9524.0 420.0 112.0 Kllgout

13932.0 9660.0 380.0 92.0 Street.
14432.0 9660.0 556.0 96.0 Rathman
15048.0 9660.0 556.0 116.0 suspected
15668.0 9668.0 180.0 92.0 the
15904.0 9664.0 188.0 112.0 boy

13928.0 9800.0 296.0 92.0 after
14312.0 9800.0 364.0 92.0 Fisher
14756.0 9800.0 224.0 92.0 told
15072.0 9804.0 204.0 92.0 him
15360.0 9804.0 232.0 92.0 that
15688.0 9808.0 128.0 88.0 he
15896.0 9808.0 196.0 88.0 hud

13932.0 9964.0 276.0 84.0 gone
14284.0 9944.0 400.0 104.0 MHliing
14776.0 9940.0 204.0 92.0 last
15076.0 9944.0 416.0 108.0 Sunday
15580.0 9944.0 220.0 96.0 and
15888.0 9944.0 196.0 92.0 had

13936.0 10072.0 260.0 96.0 used
14256.0 10100.0 380.0 72.0 worms
14696.0 10076.0 360.0 92.0 which
15116.0 10080.0 120.0 92.0 ho
15292.0 10084.0 200.0 88.0 had
15556.0 10084.0 312.0 92.0 hired
15924.0 10084.0 176.0 96.0 the

13936.0 10224.0 204.0 104.0 boy
14204.0 10216.0 108.0 92.0 to
14372.0 10216.0 200.0 112.0 dig.
14696.0 10216.0 240.0 96.0 The
15000.0 10216.0 196.0 120.0 boy
15260.0 10220.0 208.0 96.0 told
15544.0 10224.0 552.0 92.0 Rathman

13932.0 10356.0 132.0 92.0 ho
14124.0 10352.0 224.0 100.0 sold
14408.0 10356.0 176.0 92.0 the
14644.0 10356.0 492.0 92.0 watches
15192.0 10356.0 160.0 100.0 for
15408.0 10360.0 116.0 96.0 35
15584.0 10368.0 336.0 88.0 cents,

13976.0 10620.0 572.0 128.0 WOMAN
14624.0 10628.0 412.0 124.0 HELD
15108.0 10628.0 164.0 120.0 IN
15344.0 10628.0 684.0 128.0 SLAYING.

14040.0 10824.0 572.0 116.0 Municipal
14672.0 10824.0 368.0 120.0 Judge
15092.0 10828.0 456.0 96.0 William
15608.0 10832.0 132.0 92.0 D.
15800.0 10836.0 248.0 96.0 Alex-

13920.0 10960.0 340.0 96.0 ander
14384.0 10960.0 580.0 116.0 yesterday
15064.0 10964.0 468.0 96.0 referred
15672.0 10976.0 120.0 84.0 to
15912.0 10972.0 176.0 92.0 the

13920.0 11096.0 344.0 104.0 grand
14380.0 11100.0 236.0 112.0 jury
14744.0 11100.0 188.0 92.0 the
15052.0 11124.0 240.0 68.0 caso
15408.0 11104.0 116.0 88.0 of
15648.0 11100.0 444.0 96.0 Juanlta

13928.0 11232.0 464.0 104.0 Watson,
14492.0 11236.0 116.0 92.0 28
14704.0 11256.0 328.0 92.0 years
15132.0 11236.0 192.0 108.0 old,
15420.0 11236.0 404.0 116.0 Negro,
15916.0 11240.0 176.0 96.0 622

13920.0 11368.0 296.0 96.0 West
14280.0 11368.0 328.0 100.0 Ninth
14688.0 11372.0 392.0 108.0 Street,
15148.0 11376.0 232.0 88.0 who
15452.0 11372.0 92.0 96.0 la
15620.0 11376.0 464.0 112.0 charged

13916.0 11508.0 260.0 88.0 with
14236.0 11508.0 424.0 88.0 murder
14724.0 11508.0 108.0 96.0 In
14896.0 11512.0 628.0 92.0 connection
15588.0 11512.0 260.0 96.0 with
15904.0 11516.0 180.0 88.0 the

13916.0 11640.0 496.0 104.0 shooting
14488.0 11648.0 108.0 88.0 of
14676.0 11664.0 212.0 68.0 one
14964.0 11644.0 116.0 88.0 of
15152.0 11648.0 204.0 88.0 two
15432.0 11668.0 248.0 68.0 men
15772.0 11644.0 304.0 92.0 killed

13916.0 11772.0 300.0 112.0 early
14284.0 11776.0 376.0 112.0 Friday
14740.0 11784.0 108.0 88.0 In
14920.0 11808.0 56.0 68.0 a
15056.0 11780.0 256.0 112.0 fight
15392.0 11784.0 96.0 88.0 In
15568.0 11784.0 188.0 88.0 the
15824.0 11784.0 220.0 88.0 Har-

13920.0 11932.0 204.0 72.0 lem
14196.0 11912.0 208.0 100.0 Inn,
14524.0 11916.0 76.0 80.0 rt
14704.0 11916.0 292.0 84.0 West
15064.0 11916.0 288.0 88.0 Sixth
15416.0 11920.0 388.0 88.0 Street.
15864.0 11920.0 216.0 92.0 The

13920.0 12048.0 420.0 92.0 victims
14408.0 12072.0 268.0 68.0 were
14752.0 12048.0 440.0 112.0 Eugene
15256.0 12052.0 616.0 100.0 Alderman.
15940.0 12052.0 136.0 100.0 31,

13924.0 12180.0 376.0 112.0 Negro,
14392.0 12180.0 164.0 92.0 528
14640.0 12180.0 332.0 100.0 Clnrk
15072.0 12184.0 364.0 112.0 Street,
15528.0 12188.0 216.0 92.0 and
15848.0 12184.0 188.0 96.0 Wil-

13920.0 12316.0 252.0 100.0 liam
14284.0 12316.0 368.0 104.0 White,
14768.0 12320.0 148.0 104.0 41,
15024.0 12320.0 368.0 112.0 Negro,
15496.0 12320.0 184.0 92.0 753
15796.0 12320.0 284.0 96.0 West

13920.0 12452.0 300.0 92.0 Fifth
14328.0 12456.0 376.0 92.0 Street.
14892.0 12456.0 204.0 92.0 She
15200.0 12456.0 220.0 92.0 said
15536.0 12464.0 232.0 88.0 thai
15888.0 12460.0 188.0 88.0 she

13912.0 12588.0 212.0 92.0 and
14232.0 12588.0 336.0 92.0 White
14668.0 12616.0 288.0 68.0 were
15052.0 12596.0 600.0 116.0 struggling
15756.0 12596.0 168.0 88.0 for
16012.0 12616.0 68.0 68.0 a

13916.0 12724.0 320.0 116.0 pistol
14328.0 12728.0 296.0 92.0 when
14724.0 12728.0 84.0 92.0 It
14896.0 12724.0 660.0 116.0 discharged,
15656.0 12724.0 372.0 100.0 wound-

13916.0 12860.0 188.0 108.0 ing
14184.0 12856.0 208.0 96.0 him
14472.0 12860.0 416.0 116.0 fatally.
15036.0 12864.0 200.0 92.0 She
15316.0 12864.0 224.0 96.0 said
15632.0 12872.0 192.0 96.0 she
15896.0 12860.0 172.0 96.0 did

13912.0 13000.0 188.0 88.0 not
14152.0 13000.0 308.0 96.0 know
14516.0 12996.0 240.0 92.0 how
14816.0 12992.0 568.0 100.0 Alderman
15440.0 13020.0 228.0 68.0 was
15728.0 12992.0 344.0 100.0 killed.

14400.0 19896.0 176.0 296.0 J

14192.0 20300.0 60.0 36.0 r
14536.0 20308.0 32.0 24.0 -

14784.0 20512.0 476.0 148.0 Madgn
15340.0 20512.0 328.0 136.0 Well,
15716.0 20548.0 124.0 76.0 as
15900.0 20508.0 364.0 136.0 usual,
16308.0 20512.0 304.0 112.0 there
16660.0 20548.0 196.0 76.0 are
16920.0 20548.0 72.0 76.0 a
17060.0 20504.0 388.0 144.0 couple
17500.0 20508.0 120.0 116.0 of

14788.0 20684.0 356.0 140.0 things
15228.0 20680.0 236.0 112.0 that
15548.0 20684.0 188.0 108.0 the
15808.0 20680.0 868.0 140.0 neighborhood
16756.0 20680.0 452.0 112.0 doesnt
17280.0 20680.0 336.0 112.0 know.

14784.0 20848.0 264.0 112.0 One
15136.0 20852.0 80.0 108.0 is
15304.0 20848.0 240.0 108.0 that
15640.0 20880.0 220.0 80.0 one
15948.0 20844.0 132.0 112.0 of
16180.0 20848.0 320.0 108.0 these
16596.0 20848.0 164.0 108.0 air
16856.0 20844.0 760.0 140.0 conditioning

14780.0 21016.0 360.0 136.0 things
15196.0 21028.0 292.0 100.0 costs
15552.0 21048.0 72.0 76.0 a
15692.0 21024.0 320.0 128.0 great
16072.0 21004.0 280.0 116.0 deal
16416.0 21008.0 208.0 116.0 lest
16680.0 21008.0 272.0 112.0 than
17016.0 21044.0 216.0 104.0 you
17292.0 21008.0 332.0 140.0 might

14784.0 21180.0 328.0 108.0 think.
15204.0 21172.0 380.0 144.0 Really
15644.0 21176.0 244.0 132.0 less,
15956.0 21176.0 24.0 112.0 I
16068.0 21208.0 536.0 104.0 suppose,
16668.0 21176.0 272.0 108.0 than
17020.0 21172.0 196.0 112.0 Jim
17288.0 21176.0 212.0 112.0 and
17584.0 21172.0 28.0 112.0 I

14784.0 21340.0 360.0 116.0 would
15220.0 21344.0 288.0 112.0 have
15584.0 21356.0 324.0 124.0 spent
15972.0 21372.0 152.0 80.0 on
16200.0 21340.0 240.0 112.0 that
16500.0 21344.0 232.0 132.0 trip.
16816.0 21340.0 240.0 116.0 This
17124.0 21372.0 264.0 104.0 way,
17444.0 21372.0 164.0 76.0 we

14784.0 21508.0 204.0 112.0 will
15052.0 21504.0 136.0 116.0 be
15248.0 21500.0 748.0 124.0 comfortable
16060.0 21500.0 152.0 116.0 all
16284.0 21540.0 480.0 80.0 summer.

13172.0 23224.0 1140.0 300.0 DON'T
14500.0 23248.0 1276.0 276.0 SUFFER
16036.0 23356.0 496.0 152.0 Home
16644.0 23348.0 236.0 160.0 air
16988.0 23340.0 436.0 168.0 condi-

13160.0 23728.0 588.0 200.0 tioning
13820.0 23728.0 120.0 156.0 is
14016.0 23716.0 708.0 212.0 practical
14800.0 23708.0 236.0 172.0 for
15084.0 23772.0 352.0 152.0 you,
15676.0 23708.0 400.0 212.0 right
16144.0 23768.0 404.0 104.0 now.
16628.0 23700.0 876.0 212.0 Telephone

13156.0 24084.0 268.0 168.0 the
13572.0 24092.0 248.0 152.0 Air
13960.0 24080.0 1096.0 204.0 Conditioning
15208.0 24072.0 1012.0 164.0 Information
16368.0 24060.0 1140.0 220.0 Headquarters

13156.0 24448.0 244.0 168.0 for
13540.0 24440.0 760.0 212.0 complete
14448.0 24444.0 404.0 168.0 facts
14984.0 24500.0 188.0 108.0 on
15320.0 24432.0 272.0 172.0 the
15724.0 24444.0 640.0 160.0 various
16512.0 24428.0 560.0 168.0 makes
17200.0 24428.0 308.0 172.0 and

13164.0 24804.0 604.0 172.0 models
13880.0 24804.0 340.0 172.0 that
14328.0 24800.0 544.0 172.0 would
14992.0 24804.0 188.0 164.0 be
15292.0 24792.0 680.0 176.0 suitable
16092.0 24792.0 244.0 168.0 for
16440.0 24852.0 356.0 152.0 you.

14072.0 25384.0 2544.0 280.0 TELEPHONE

13160.0 25892.0 268.0 176.0 the
13508.0 25904.0 248.0 160.0 Air
13832.0 25900.0 1108.0 200.0 Conditioning
15024.0 25888.0 992.0 168.0 Information
16120.0 25876.0 1160.0 212.0 Headquarters
17352.0 25872.0 160.0 164.0 of

13484.0 26472.0 556.0 204.0 THE
14308.0 26456.0 1992.0 220.0 CINCINNATI
16576.0 26448.0 628.0 204.0 GAS

13176.0 26900.0 684.0 204.0 AND
14144.0 26884.0 1460.0 220.0 ELECTRIC
15868.0 26872.0 1640.0 212.0 COMPANY

16888.0 1352.0 696.0 384.0 CHILD

16168.0 2056.0 308.0 132.0 Tells
16552.0 2056.0 420.0 136.0 Officer
17040.0 2052.0 472.0 168.0 "lUddy
17580.0 2056.0 104.0 132.0 h
17756.0 2048.0 364.0 176.0 Going
18188.0 2052.0 80.0 136.0 T

16356.0 2256.0 208.0 136.0 kill
16680.0 2256.0 180.0 172.0 My
16980.0 2256.0 528.0 132.0 Mother"
17744.0 2256.0 412.0 132.0 Armed

16588.0 2464.0 244.0 124.0 Man
16908.0 2468.0 104.0 124.0 Is
17084.0 2468.0 44.0 124.0 I
17188.0 2476.0 268.0 128.0 nder
17508.0 2464.0 420.0 128.0 Arrest.

16300.0 2964.0 552.0 124.0 Hurrying
16956.0 2976.0 108.0 88.0 to
17172.0 2968.0 184.0 92.0 the
17460.0 2968.0 300.0 100.0 home
17868.0 2960.0 120.0 100.0 of
18092.0 2956.0 244.0 104.0 Mrs.

16180.0 3136.0 412.0 96.0 Minnie
16680.0 3136.0 404.0 108.0 Ruark,
17172.0 3132.0 232.0 100.0 HAS
17484.0 3136.0 388.0 116.0 Spring
17964.0 3128.0 380.0 116.0 Street,

16172.0 3312.0 312.0 108.0 early
16552.0 3304.0 568.0 124.0 yesterday
17200.0 3304.0 280.0 100.0 after
17552.0 3304.0 248.0 100.0 Mra.
17880.0 3296.0 464.0 100.0 Ruark'i

16172.0 3480.0 328.0 92.0 small
16604.0 3504.0 188.0 68.0 son
16896.0 3472.0 544.0 120.0 appeared
17544.0 3468.0 232.0 104.0 half
17884.0 3468.0 244.0 96.0 clad
18232.0 3460.0 116.0 100.0 at

16176.0 3644.0 504.0 116.0 Reading
16760.0 3640.0 308.0 104.0 Road
17156.0 3644.0 216.0 96.0 and
17452.0 3636.0 604.0 120.0 Broadway
18140.0 3636.0 204.0 100.0 and

16164.0 3812.0 244.0 96.0 said
16468.0 3812.0 232.0 96.0 that
16756.0 3812.0 236.0 124.0 "my
17048.0 3808.0 360.0 124.0 daddy
17464.0 3804.0 80.0 100.0 Is
17600.0 3808.0 328.0 120.0 going
17988.0 3804.0 112.0 96.0 to
18152.0 3800.0 184.0 104.0 kill

16180.0 4008.0 192.0 88.0 my
16452.0 3980.0 496.0 108.0 mother,"
17020.0 3980.0 628.0 104.0 Patrolman
17720.0 3980.0 296.0 96.0 John
18092.0 3972.0 256.0 96.0 Rice

16184.0 4152.0 348.0 96.0 found
16612.0 4152.0 364.0 100.0 James
17060.0 4152.0 412.0 108.0 Ruark,
17552.0 4148.0 108.0 96.0 44
17740.0 4172.0 328.0 92.0 years
18148.0 4144.0 196.0 112.0 old,

16188.0 4324.0 248.0 92.0 1405
16528.0 4324.0 280.0 92.0 Race
16900.0 4320.0 396.0 112.0 Street,
17392.0 4316.0 100.0 96.0 In
17580.0 4320.0 184.0 92.0 the
17864.0 4316.0 480.0 112.0 hallway,

16184.0 4528.0 60.0 60.0 iv
16264.0 4520.0 128.0 64.0 rn
16408.0 4492.0 156.0 92.0 nil
16644.0 4492.0 244.0 96.0 with
16960.0 4512.0 144.0 72.0 an
17184.0 4492.0 464.0 92.0 automat
17676.0 4492.0 88.0 88.0 lo
17840.0 4488.0 508.0 96.0 revolver.

16316.0 4660.0 256.0 100.0 Mrs.
16648.0 4656.0 364.0 100.0 Ruark
17092.0 4656.0 236.0 104.0 said
17396.0 4656.0 224.0 96.0 that
17692.0 4656.0 304.0 92.0 since
18064.0 4672.0 248.0 96.0 sepa-

16192.0 4836.0 368.0 112.0 rating
16624.0 4832.0 268.0 92.0 from
16964.0 4832.0 192.0 96.0 her
17224.0 4824.0 472.0 96.0 husband
17764.0 4836.0 224.0 88.0 two
18048.0 4844.0 304.0 96.0 years

16188.0 5028.0 248.0 84.0 ago,
16524.0 5000.0 124.0 92.0 he
16732.0 5000.0 192.0 92.0 has
17012.0 4996.0 512.0 92.0 molested
17612.0 4992.0 224.0 112.0 her,
17924.0 4988.0 216.0 96.0 and
18220.0 5012.0 132.0 72.0 on

16188.0 5196.0 216.0 68.0 one
16480.0 5172.0 480.0 88.0 occasion
17048.0 5164.0 428.0 116.0 pointed
17548.0 5188.0 64.0 68.0 a
17688.0 5164.0 488.0 88.0 revolver
18244.0 5164.0 108.0 88.0 at

16192.0 5336.0 236.0 96.0 her.
16560.0 5336.0 196.0 96.0 She
16832.0 5332.0 236.0 96.0 said
17144.0 5336.0 192.0 92.0 she
17412.0 5328.0 420.0 96.0 refused
17908.0 5332.0 116.0 92.0 to
18092.0 5340.0 264.0 100.0 open

16196.0 5508.0 192.0 92.0 the
16448.0 5504.0 252.0 100.0 door
16756.0 5504.0 172.0 96.0 for
16988.0 5500.0 228.0 96.0 him
17280.0 5500.0 292.0 104.0 when
17636.0 5500.0 128.0 92.0 he
17824.0 5492.0 532.0 124.0 appeared

16196.0 5680.0 124.0 92.0 at
16396.0 5680.0 192.0 96.0 her
16652.0 5672.0 308.0 96.0 home
17036.0 5672.0 304.0 112.0 early
17408.0 5664.0 600.0 124.0 yesterday.

16324.0 5848.0 376.0 92.0 Ruark
16752.0 5868.0 224.0 72.0 was
17028.0 5840.0 468.0 112.0 charged
17552.0 5836.0 260.0 100.0 with
17864.0 5828.0 500.0 124.0 carrying

16180.0 5984.0 572.0 100.0 concealed
16816.0 6004.0 516.0 92.0 weapons
17384.0 5984.0 204.0 100.0 and
17648.0 5972.0 340.0 100.0 abuse
18048.0 5972.0 112.0 96.0 of
18196.0 5972.0 160.0 96.0 his

16212.0 6124.0 408.0 112.0 family.

16396.0 6424.0 332.0 152.0 GIRL
16804.0 6420.0 444.0 156.0 BITES
17324.0 6408.0 856.0 164.0 POLICEMAN

16204.0 6748.0 344.0 104.0 After
16648.0 6752.0 584.0 120.0 Rampage
17328.0 6744.0 148.0 104.0 At
17576.0 6740.0 260.0 128.0 City
17944.0 6736.0 272.0 104.0 Hall-

16628.0 6956.0 260.0 100.0 Sent
16968.0 6952.0 156.0 100.0 To
17208.0 6944.0 732.0 104.0 Workhouae.

16352.0 7164.0 532.0 116.0 Margaret
16964.0 7160.0 552.0 108.0 Williams,
17592.0 7152.0 112.0 100.0 19
17780.0 7180.0 320.0 92.0 years
18176.0 7152.0 192.0 112.0 old,

16212.0 7304.0 396.0 112.0 Negro,
16680.0 7304.0 164.0 92.0 iZ3
16920.0 7296.0 348.0 96.0 Wado
17336.0 7300.0 368.0 104.0 Street,
17784.0 7296.0 244.0 92.0 who
18096.0 7292.0 276.0 96.0 went

16216.0 7464.0 144.0 68.0 on
16464.0 7468.0 60.0 68.0 a
16628.0 7460.0 516.0 88.0 ranipugo
17248.0 7432.0 560.0 120.0 yeaterduy
17920.0 7440.0 116.0 84.0 at
18140.0 7428.0 232.0 120.0 City

16212.0 7576.0 292.0 108.0 Hall,
16564.0 7576.0 516.0 116.0 breaking
17140.0 7600.0 68.0 68.0 a
17268.0 7572.0 432.0 96.0 window
17760.0 7568.0 220.0 96.0 and
18036.0 7568.0 340.0 112.0 biting

16216.0 7744.0 68.0 64.0 a
16392.0 7716.0 616.0 116.0 policeman,
17112.0 7736.0 224.0 68.0 was
17432.0 7704.0 576.0 108.0 arraigned
18112.0 7700.0 268.0 96.0 later

16212.0 7852.0 376.0 96.0 before
16660.0 7848.0 592.0 120.0 Municipal
17312.0 7840.0 336.0 124.0 Judge
17716.0 7844.0 468.0 96.0 William
18248.0 7840.0 124.0 100.0 D.

16228.0 7984.0 588.0 100.0 Alexander
16884.0 8008.0 144.0 76.0 on
17104.0 7984.0 448.0 112.0 charges
17624.0 7980.0 116.0 100.0 of
17820.0 7976.0 556.0 100.0 malicious

16216.0 8124.0 664.0 96.0 destruction
16960.0 8120.0 124.0 100.0 of
17168.0 8124.0 496.0 116.0 property
17744.0 8120.0 224.0 96.0 and
18052.0 8116.0 284.0 96.0 disor-

16212.0 8260.0 312.0 112.0 derly
16608.0 8260.0 492.0 96.0 conduct.
17196.0 8260.0 204.0 96.0 Sho
17484.0 8280.0 216.0 68.0 was
17796.0 8248.0 572.0 108.0 sentenced

16216.0 8404.0 124.0 88.0 to
16428.0 8392.0 112.0 96.0 13
16620.0 8396.0 260.0 104.0 days
16972.0 8400.0 112.0 92.0 In
17176.0 8396.0 184.0 92.0 the
17440.0 8388.0 640.0 104.0 workhouse
18160.0 8392.0 204.0 96.0 and

16220.0 8536.0 300.0 92.0 fined
16584.0 8528.0 164.0 104.0 $13
16812.0 8536.0 216.0 96.0 and
17100.0 8536.0 292.0 96.0 costs
17452.0 8556.0 128.0 72.0 on
17648.0 8532.0 188.0 92.0 the
17904.0 8532.0 424.0 96.0 destruc-

16208.0 8668.0 236.0 92.0 tion
16544.0 8668.0 416.0 112.0 charge,
17068.0 8664.0 216.0 96.0 and
17388.0 8660.0 284.0 100.0 fined
17772.0 8668.0 192.0 92.0 the
18060.0 8672.0 312.0 100.0 costs,

16204.0 8804.0 636.0 116.0 suspended,
16936.0 8828.0 144.0 72.0 on
17180.0 8804.0 180.0 96.0 the
17452.0 8800.0 600.0 120.0 disorderly
18136.0 8820.0 196.0 76.0 con-

16212.0 8936.0 264.0 96.0 duct
16548.0 8944.0 344.0 92.0 count.

16340.0 9076.0 220.0 92.0 The
16672.0 9076.0 228.0 108.0 girl,
17016.0 9072.0 248.0 100.0 who
17372.0 9072.0 328.0 120.0 police
17816.0 9068.0 240.0 100.0 said
18168.0 9068.0 208.0 104.0 hd

16220.0 9212.0 272.0 96.0 been
16576.0 9216.0 536.0 112.0 drinking,
17264.0 9216.0 528.0 112.0 appeared
17944.0 9224.0 116.0 84.0 at
18200.0 9212.0 180.0 92.0 the

16232.0 9352.0 352.0 92.0 Police
16660.0 9352.0 328.0 96.0 Court
17068.0 9352.0 404.0 96.0 Clerk's
17544.0 9356.0 336.0 92.0 office
18024.0 9352.0 160.0 92.0 for
18316.0 9372.0 68.0 72.0 a

16228.0 9492.0 500.0 92.0 warrant.
16816.0 9488.0 484.0 96.0 Refused
17388.0 9516.0 184.0 68.0 one
17652.0 9492.0 464.0 88.0 because
18192.0 9488.0 192.0 92.0 she

16224.0 9624.0 184.0 92.0 did
16504.0 9628.0 176.0 88.0 not
16772.0 9624.0 272.0 92.0 have
17212.0 9644.0 368.0 92.0 proper
17736.0 9624.0 316.0 96.0 facts,
18196.0 9620.0 188.0 96.0 she

16144.0 9776.0 12.0 64.0 i
16228.0 9756.0 332.0 92.0 broke
16644.0 9784.0 56.0 64.0 a
16784.0 9752.0 176.0 108.0 $10
17048.0 9760.0 472.0 92.0 window.
17604.0 9756.0 352.0 120.0 Percy
18044.0 9752.0 340.0 120.0 Craig,

16236.0 9896.0 296.0 112.0 night
16604.0 9896.0 312.0 104.0 clerk,
16984.0 9896.0 344.0 96.0 called
17392.0 9896.0 352.0 112.0 police.

16360.0 10032.0 300.0 92.0 After
16720.0 10036.0 320.0 104.0 being
17108.0 10032.0 320.0 92.0 taken
17492.0 10040.0 100.0 84.0 to
17652.0 10028.0 444.0 96.0 Central
18160.0 10032.0 184.0 96.0 Sta-

16228.0 10168.0 264.0 112.0 tion,
16544.0 10164.0 184.0 96.0 she
16788.0 10164.0 148.0 92.0 bit
17000.0 10164.0 624.0 104.0 Patrolman
17684.0 10168.0 380.0 100.0 Albert
18124.0 10168.0 264.0 100.0 Hoff

16232.0 10328.0 144.0 68.0 on
16456.0 10304.0 176.0 96.0 the
16708.0 10308.0 292.0 104.0 right
17080.0 10304.0 316.0 100.0 hand.

16820.0 10696.0 952.0 136.0 INDIVIDUAL

16584.0 10872.0 1432.0 132.0 SFLF-CONTAINING

16380.0 11072.0 1848.0 252.0 AIR-CONDITIONING

17016.0 11376.0 580.0 240.0 UNITS

16364.0 11668.0 236.0 124.0 For
16684.0 11672.0 180.0 120.0 Of
16876.0 11672.0 368.0 140.0 fires..
17340.0 11676.0 376.0 124.0 Small
17828.0 11676.0 424.0 124.0 Stores

16884.0 11848.0 268.0 120.0 mul
17252.0 11848.0 36.0 120.0 I
17320.0 11848.0 396.0 124.0 Ionics

16560.0 12048.0 796.0 232.0 CHerry
17444.0 12056.0 596.0 192.0 0328

16300.0 12320.0 1972.0 400.0 B.AsWaltermanCo.

16440.0 12768.0 268.0 196.0 132
16800.0 12776.0 136.0 192.0 E.
17028.0 12776.0 732.0 200.0 McMicken
17848.0 12792.0 300.0 192.0 Ave.

16592.0 14880.0 528.0 560.0 fir

17924.0 20320.0 68.0 168.0 t

17936.0 20488.0 56.0 64.0 r.
18188.0 20488.0 44.0 64.0 s
