19184 29348
1164.0 1108.0 124.0 168.0 6

6084.0 1160.0 468.0 160.0 THE
6728.0 1152.0 1308.0 196.0 ENQUIRER,
8212.0 1160.0 1484.0 196.0 CINCINNATI,
9920.0 1164.0 1348.0 212.0 THURSDAY,
11452.0 1188.0 608.0 168.0 JULY
12244.0 1200.0 156.0 188.0 1,
12600.0 1204.0 556.0 168.0 1937

1144.0 1616.0 456.0 376.0 LOT
1728.0 1624.0 1024.0 384.0 OWNERS

864.0 2324.0 376.0 224.0 Are
1360.0 2332.0 620.0 276.0 Ready
2092.0 2344.0 236.0 216.0 To
2452.0 2340.0 552.0 276.0 Build,

880.0 2916.0 608.0 196.0 Housing
1652.0 2928.0 600.0 160.0 Director
2420.0 2932.0 576.0 156.0 Informs

1124.0 3156.0 860.0 156.0 Contractors
2100.0 3168.0 168.0 148.0 Of
2384.0 3168.0 200.0 152.0 ('it
2616.0 3212.0 116.0 112.0 v.

852.0 3636.0 608.0 172.0 Financing
1556.0 3660.0 152.0 128.0 Of
1804.0 3656.0 376.0 136.0 $5,000
2276.0 3664.0 420.0 128.0 Homes
2788.0 3660.0 200.0 136.0 For

968.0 3848.0 216.0 132.0 250
1340.0 3856.0 596.0 168.0 Prospects
2088.0 3864.0 580.0 156.0 Approved

1072.0 4052.0 360.0 164.0 Group
1504.0 4064.0 156.0 132.0 To
1732.0 4064.0 352.0 160.0 Study
2156.0 4068.0 596.0 132.0 Demands.

964.0 4552.0 252.0 104.0 Two
1296.0 4560.0 488.0 104.0 hundred
1868.0 4568.0 200.0 96.0 and
2152.0 4568.0 252.0 120.0 fifty
2496.0 4588.0 428.0 100.0 prospec-

836.0 4712.0 224.0 108.0 tive
1156.0 4724.0 304.0 104.0 home
1556.0 4752.0 420.0 76.0 owners
2064.0 4760.0 176.0 68.0 are
2336.0 4740.0 332.0 112.0 ready
2756.0 4732.0 204.0 100.0 and

836.0 4888.0 404.0 116.0 billing
1384.0 4896.0 104.0 92.0 to
1628.0 4908.0 660.0 88.0 construct
2440.0 4896.0 520.0 100.0 low-coat

832.0 5048.0 500.0 124.0 dwelling
1520.0 5064.0 108.0 92.0 In
1772.0 5064.0 592.0 100.0 Cincinnati
2508.0 5068.0 452.0 116.0 through

852.0 5220.0 780.0 108.0 sommitmenti
1700.0 5232.0 116.0 96.0 of
1880.0 5232.0 172.0 100.0 the
2116.0 5240.0 448.0 96.0 Federal
2632.0 5240.0 288.0 92.0 Hous-

836.0 5376.0 188.0 120.0 ing
1104.0 5388.0 916.0 112.0 Administration.
2108.0 5400.0 124.0 92.0 H.
2328.0 5408.0 120.0 92.0 D.
2548.0 5404.0 408.0 112.0 Comey,

1184.0 5880.0 476.0 220.0 I7c
1784.0 5876.0 488.0 284.0 Say
2376.0 5884.0 216.0 212.0 It

1244.0 6288.0 692.0 220.0 t72h
2004.0 6288.0 516.0 220.0 DIG

1240.0 6692.0 1268.0 224.0 SAVINGS

1112.0 7100.0 804.0 280.0 Every
2004.0 7104.0 640.0 280.0 Day!

960.0 7528.0 1832.0 296.0 hllriWlrml

3132.0 1640.0 420.0 100.0 district
3620.0 1672.0 516.0 92.0 manager
4204.0 1652.0 112.0 96.0 of
4388.0 1652.0 452.0 100.0 Federal
4912.0 1656.0 292.0 100.0 Hous-

3124.0 1808.0 176.0 116.0 ing
3400.0 1812.0 912.0 112.0 Administration,
4416.0 1816.0 216.0 100.0 told
4736.0 1844.0 68.0 68.0 a
4908.0 1844.0 320.0 96.0 group

3120.0 1972.0 112.0 96.0 of
3336.0 1980.0 664.0 92.0 contractors
4112.0 1984.0 204.0 96.0 lat
4420.0 1984.0 308.0 112.0 night
4840.0 1996.0 112.0 88.0 at
5060.0 1988.0 168.0 92.0 the

3116.0 2136.0 312.0 104.0 Hotel
3504.0 2144.0 316.0 100.0 Alms.

3220.0 2300.0 388.0 136.0 Comey
3672.0 2308.0 228.0 96.0 said
3976.0 2312.0 180.0 96.0 the
4224.0 2308.0 440.0 104.0 Federal
4740.0 2316.0 472.0 116.0 Housing

3108.0 2468.0 880.0 100.0 Administration
4056.0 2476.0 188.0 96.0 felt
4312.0 2480.0 232.0 96.0 that
4616.0 2480.0 596.0 100.0 Cincinnati

3100.0 2640.0 548.0 104.0 presented
3716.0 2640.0 656.0 116.0 exceptional
4440.0 2652.0 772.0 108.0 opportunities

3096.0 2776.0 168.0 88.0 for
3380.0 2784.0 668.0 84.0 contractors
4168.0 2784.0 228.0 88.0 who
4520.0 2788.0 348.0 92.0 would
4992.0 2808.0 176.0 92.0 spe-

3092.0 2908.0 360.0 92.0 cially
3528.0 2912.0 96.0 92.0 In
3700.0 2920.0 732.0 112.0 constructing
4504.0 2916.0 376.0 96.0 homes
4952.0 2928.0 216.0 92.0 cost-

3100.0 3044.0 176.0 108.0 ing
3348.0 3048.0 200.0 92.0 less
3620.0 3052.0 252.0 92.0 than
3956.0 3032.0 340.0 124.0 $.V'00.

3212.0 3180.0 120.0 96.0 In
3408.0 3184.0 172.0 92.0 the
3648.0 3208.0 244.0 72.0 case
3968.0 3192.0 112.0 88.0 of
4152.0 3188.0 168.0 100.0 the
4392.0 3188.0 176.0 96.0 2M
4636.0 3204.0 564.0 104.0 prospects,

3088.0 3312.0 388.0 120.0 Comey
3552.0 3320.0 488.0 96.0 declared
4132.0 3324.0 168.0 92.0 the
4380.0 3328.0 608.0 112.0 applicants
5068.0 3332.0 128.0 92.0 all

3088.0 3472.0 272.0 72.0 were
3460.0 3456.0 316.0 112.0 ready
3880.0 3464.0 116.0 84.0 to
4092.0 3464.0 512.0 112.0 complete
4712.0 3484.0 448.0 96.0 arrange-

3088.0 3592.0 348.0 92.0 ments
3536.0 3592.0 160.0 96.0 for
3804.0 3592.0 500.0 112.0 building.
4468.0 3596.0 168.0 96.0 He
4744.0 3600.0 452.0 96.0 believed

3084.0 3724.0 232.0 92.0 that
3416.0 3744.0 116.0 72.0 as
3628.0 3748.0 320.0 92.0 many
4048.0 3752.0 284.0 72.0 more
4428.0 3736.0 316.0 96.0 could
4848.0 3736.0 116.0 92.0 be
5060.0 3744.0 92.0 88.0 in-

3080.0 3856.0 332.0 100.0 duced
3516.0 3868.0 100.0 92.0 to
3716.0 3864.0 292.0 96.0 build
4116.0 3868.0 204.0 92.0 this
4416.0 3892.0 480.0 76.0 summer
4992.0 3876.0 196.0 96.0 and

3080.0 3996.0 216.0 104.0 fall,
3436.0 3996.0 80.0 92.0 If
3644.0 4000.0 320.0 108.0 given
4068.0 4012.0 896.0 104.0 encouragement
5068.0 4008.0 124.0 116.0 by

3076.0 4136.0 688.0 92.0 contractors.

3196.0 4268.0 220.0 100.0 Tha
3544.0 4272.0 380.0 96.0 dinner
4060.0 4268.0 196.0 100.0 last
4396.0 4276.0 340.0 116.0 night,
4872.0 4284.0 316.0 88.0 under

3076.0 4408.0 484.0 108.0 auspices
3636.0 4408.0 108.0 96.0 of
3832.0 4412.0 180.0 88.0 the
4100.0 4404.0 452.0 104.0 Lumber
4640.0 4416.0 212.0 92.0 and
4940.0 4416.0 208.0 96.0 Mill-

3076.0 4548.0 292.0 92.0 work
3508.0 4544.0 696.0 108.0 Association,
4344.0 4544.0 248.0 112.0 Inc.,
4712.0 4572.0 216.0 76.0 was
5032.0 4576.0 116.0 68.0 ar-

3080.0 4680.0 392.0 108.0 ranged
3556.0 4680.0 124.0 112.0 by
3764.0 4684.0 280.0 88.0 Kohs
4120.0 4684.0 104.0 96.0 C.
4304.0 4680.0 580.0 112.0 Kuhlman,
3072.0 4688.0 2076.0 236.0 Secretary-Manager.

4204.0 4816.0 116.0 92.0 In
4520.0 4820.0 660.0 112.0 Introducing

3076.0 4952.0 412.0 108.0 Comey,
3568.0 4952.0 540.0 92.0 Kuhlman
4184.0 4952.0 220.0 92.0 said
4488.0 4956.0 76.0 92.0 It
4648.0 4956.0 204.0 92.0 had
4932.0 4956.0 244.0 92.0 been

3072.0 5088.0 548.0 92.0 estimated
3688.0 5092.0 232.0 88.0 that
3980.0 5092.0 112.0 96.0 75
4148.0 5108.0 176.0 96.0 per
4376.0 5096.0 248.0 88.0 cent
4684.0 5092.0 116.0 92.0 of
4856.0 5096.0 316.0 96.0 urban

3072.0 5224.0 516.0 92.0 residents
3648.0 5228.0 116.0 88.0 of
3832.0 5228.0 180.0 88.0 the
4080.0 5228.0 444.0 108.0 country
4592.0 5228.0 580.0 112.0 comprised

3068.0 5360.0 176.0 96.0 the
3340.0 5360.0 396.0 88.0 Income
3836.0 5360.0 432.0 100.0 bracket
4360.0 5360.0 112.0 96.0 of
4568.0 5360.0 320.0 108.0 $2,500
4972.0 5364.0 196.0 92.0 and

3068.0 5496.0 360.0 92.0 under.
3548.0 5496.0 156.0 92.0 He
3772.0 5496.0 236.0 92.0 said
4076.0 5500.0 668.0 92.0 contractors
4808.0 5500.0 360.0 92.0 should

3064.0 5652.0 584.0 92.0 encourage
3740.0 5632.0 220.0 92.0 this
4048.0 5656.0 328.0 92.0 group
4472.0 5648.0 108.0 84.0 to
4676.0 5632.0 276.0 100.0 build
5048.0 5632.0 120.0 116.0 by

3060.0 5768.0 464.0 112.0 offering
3632.0 5768.0 292.0 96.0 them
4044.0 5768.0 292.0 96.0 homo
4444.0 5772.0 720.0 92.0 construction

3060.0 5928.0 132.0 68.0 on
3312.0 5928.0 64.0 68.0 a
3492.0 5904.0 276.0 96.0 hauls
3888.0 5904.0 668.0 112.0 comparable
4680.0 5912.0 108.0 88.0 to
4904.0 5908.0 264.0 92.0 their

3060.0 6036.0 736.0 120.0 porkethooks.

3164.0 6172.0 216.0 96.0 The
3472.0 6176.0 164.0 88.0 100
3724.0 6176.0 664.0 96.0 contractors
4480.0 6180.0 432.0 116.0 present
4992.0 6180.0 124.0 92.0 de-

3048.0 6308.0 296.0 104.0 cided
3436.0 6316.0 104.0 92.0 to
3632.0 6316.0 280.0 92.0 form
4008.0 6340.0 128.0 72.0 an
4228.0 6316.0 732.0 112.0 organization
5052.0 6328.0 104.0 84.0 to

3048.0 6460.0 464.0 104.0 promote
3584.0 6448.0 316.0 96.0 home
3972.0 6460.0 724.0 92.0 construction
4772.0 6460.0 108.0 92.0 of
4948.0 6480.0 168.0 68.0 cer-

3044.0 6588.0 296.0 92.0 tified
3460.0 6588.0 588.0 108.0 character.
4192.0 6596.0 128.0 96.0 M.
4436.0 6592.0 96.0 100.0 J.
4652.0 6596.0 496.0 108.0 ftchrand,

3024.0 6724.0 224.0 96.0 2921
3308.0 6724.0 676.0 100.0 Losantlvllle
4036.0 6740.0 448.0 100.0 Avenue,
4528.0 6756.0 220.0 68.0 was
4792.0 6740.0 356.0 92.0 named

3040.0 6868.0 596.0 96.0 Chairman.
3748.0 6868.0 104.0 92.0 It
3932.0 6892.0 216.0 72.0 was
4224.0 6872.0 388.0 112.0 agreed
4700.0 6872.0 108.0 96.0 to
4888.0 6880.0 260.0 88.0 meet

3040.0 7000.0 248.0 120.0 July
3356.0 7008.0 108.0 92.0 10
3528.0 7008.0 104.0 96.0 to
3696.0 7012.0 516.0 104.0 organize.

3160.0 7144.0 600.0 92.0 Associates
3888.0 7148.0 116.0 96.0 of
4120.0 7144.0 476.0 100.0 Schrand
4724.0 7172.0 132.0 72.0 on
4980.0 7156.0 168.0 92.0 the

3040.0 7284.0 596.0 92.0 committee
3740.0 7304.0 184.0 72.0 are
4024.0 7280.0 92.0 96.0 J.
4216.0 7284.0 124.0 92.0 H.
4448.0 7284.0 392.0 112.0 liulley,
4940.0 7288.0 224.0 92.0 7977

3056.0 7416.0 484.0 116.0 Anthony
3636.0 7416.0 404.0 112.0 Wayne
4128.0 7420.0 472.0 108.0 Avenue;
4700.0 7424.0 276.0 92.0 John
5064.0 7428.0 88.0 92.0 S,

3064.0 7552.0 352.0 104.0 Bolan,
3512.0 7560.0 176.0 92.0 602
3796.0 7556.0 404.0 100.0 Liberal
4304.0 7560.0 456.0 108.0 Savings
4864.0 7564.0 288.0 92.0 Bank

3064.0 7692.0 524.0 108.0 Building;
3724.0 7696.0 368.0 92.0 Jumes
4212.0 7700.0 112.0 96.0 G.
4460.0 7700.0 360.0 104.0 Meier,
4944.0 7700.0 220.0 92.0 43S3

3036.0 7832.0 288.0 96.0 West
3396.0 7832.0 396.0 116.0 Eighth
3868.0 7836.0 380.0 108.0 Street;
4336.0 7836.0 476.0 96.0 Bernard
4888.0 7836.0 212.0 96.0 Zim-

3064.0 7988.0 500.0 92.0 merman,
3616.0 7972.0 116.0 92.0 87
3788.0 7972.0 492.0 96.0 Pleasant
4336.0 7976.0 344.0 112.0 Ridge
4736.0 7980.0 440.0 104.0 Avenue,

6196.0 1544.0 12.0 8.0 .
6608.0 1456.0 20.0 88.0 I
6720.0 1536.0 4.0 8.0 .
6964.0 1532.0 44.0 8.0 ...

5360.0 1664.0 264.0 92.0 Fort
5724.0 1660.0 492.0 108.0 Mitchell,
6320.0 1656.0 232.0 116.0 Ky.;
6640.0 1656.0 284.0 100.0 John
7032.0 1648.0 440.0 108.0 Hollati,

5352.0 1800.0 240.0 92.0 4233
5696.0 1796.0 404.0 96.0 Matson
6208.0 1800.0 448.0 108.0 Avenue,
6752.0 1792.0 288.0 96.0 Deer
7148.0 1784.0 312.0 108.0 Park;

5348.0 1936.0 480.0 92.0 Herman
5896.0 1940.0 416.0 108.0 Straus,
6384.0 1932.0 280.0 96.0 Atlas
6736.0 1928.0 320.0 92.0 Bank
7140.0 1924.0 292.0 96.0 Build-

5336.0 2076.0 228.0 108.0 ing;
5672.0 2076.0 332.0 116.0 Ralph
6104.0 2076.0 480.0 108.0 Burnett,
6668.0 2068.0 164.0 92.0 454
6932.0 2064.0 520.0 96.0 Crestline

5328.0 2216.0 464.0 104.0 Avenue,
5896.0 2220.0 204.0 92.0 and
6228.0 2212.0 100.0 96.0 J.
6440.0 2208.0 108.0 96.0 G.
6656.0 2204.0 520.0 108.0 Lehman,
7288.0 2200.0 160.0 96.0 553

5348.0 2352.0 368.0 92.0 Attica
5784.0 2356.0 456.0 92.0 Avenue.

5440.0 2492.0 92.0 92.0 A
5604.0 2496.0 288.0 88.0 short
5960.0 2492.0 232.0 92.0 talk
6268.0 2512.0 212.0 68.0 was
6548.0 2484.0 292.0 96.0 made
6916.0 2480.0 144.0 112.0 by
7132.0 2476.0 308.0 96.0 Clark

5336.0 2620.0 44.0 100.0 I
5524.0 2628.0 556.0 108.0 Braucher,
6156.0 2628.0 504.0 104.0 Manager
6720.0 2628.0 112.0 92.0 of
6908.0 2620.0 548.0 92.0 Financial

5336.0 2764.0 552.0 96.0 Relations
5960.0 2772.0 116.0 92.0 of
6156.0 2768.0 188.0 88.0 the
6416.0 2760.0 592.0 96.0 Cincinnati
7088.0 2756.0 372.0 92.0 offices

5332.0 2912.0 124.0 92.0 of
5512.0 2904.0 176.0 92.0 the
5744.0 2900.0 432.0 100.0 Federal
6240.0 2904.0 460.0 108.0 Housing
6756.0 2900.0 668.0 92.0 Administra-

5308.0 3040.0 264.0 92.0 tion.
5668.0 3044.0 300.0 96.0 Plana
6036.0 3048.0 180.0 92.0 for
6280.0 3040.0 436.0 92.0 low-cost
6784.0 3036.0 384.0 88.0 homes
7236.0 3056.0 156.0 68.0 rec-

5340.0 3180.0 616.0 92.0 ommended
6016.0 3180.0 140.0 120.0 by
6212.0 3184.0 180.0 88.0 the
6444.0 3176.0 440.0 96.0 Lumber
6940.0 3176.0 220.0 96.0 and
7220.0 3172.0 204.0 96.0 Mill-

5332.0 3320.0 304.0 92.0 work
5692.0 3320.0 664.0 92.0 Association
6412.0 3340.0 248.0 72.0 were
6708.0 3340.0 132.0 68.0 on
6900.0 3308.0 408.0 100.0 exhibit
7360.0 3312.0 92.0 96.0 In

5304.0 3448.0 188.0 96.0 the
5564.0 3452.0 516.0 128.0 assembly
6152.0 3480.0 296.0 72.0 room
6508.0 3460.0 104.0 92.0 of
6676.0 3456.0 180.0 92.0 the
6928.0 3452.0 336.0 92.0 Alms,

5784.0 3784.0 1176.0 376.0 DEADLINE

5308.0 4496.0 256.0 212.0 On
5744.0 4496.0 864.0 216.0 Platform
6800.0 4496.0 636.0 216.0 Passes

7604.0 1668.0 876.0 312.0 Great
8592.0 1684.0 796.0 304.0 Stars
9524.0 1684.0 1216.0 320.0 Trained
10856.0 1704.0 844.0 316.0 Voice
11828.0 1716.0 576.0 312.0 For
12540.0 1724.0 1048.0 372.0 Opera;

8020.0 2108.0 776.0 300.0 Rosa
8908.0 2112.0 436.0 304.0 De
9492.0 2112.0 912.0 312.0 Guilio
10544.0 2128.0 844.0 376.0 Sings
11544.0 2140.0 748.0 312.0 With
12420.0 2152.0 1756.0 364.0 Recordings

2064.0 10512.0 1856.0 576.0 sMMH01S

1144.0 12344.0 548.0 312.0 WE
1760.0 12352.0 316.0 132.0 CAN
2156.0 12352.0 320.0 164.0 help
2552.0 12380.0 240.0 140.0 put
2848.0 12404.0 336.0 120.0 your
3252.0 12368.0 508.0 132.0 Fourth
3820.0 12372.0 140.0 132.0 of
4008.0 12376.0 316.0 164.0 July
4384.0 12420.0 336.0 124.0 snap-

1588.0 12544.0 372.0 136.0 shots
2032.0 12592.0 312.0 92.0 over
2424.0 12556.0 320.0 132.0 with
2824.0 12596.0 72.0 92.0 a
2980.0 12564.0 388.0 156.0 band.
3476.0 12572.0 336.0 128.0 (Jive
3892.0 12612.0 160.0 92.0 us
4124.0 12612.0 72.0 92.0 a
4276.0 12580.0 512.0 132.0 chance

1140.0 12764.0 144.0 104.0 to
1348.0 12764.0 540.0 140.0 suggest
1944.0 12748.0 268.0 128.0 and
2284.0 12752.0 472.0 136.0 advise.

1288.0 12992.0 232.0 128.0 We
1580.0 12988.0 320.0 136.0 have
1956.0 12996.0 236.0 128.0 the
2256.0 13024.0 308.0 136.0 type
2616.0 13000.0 136.0 132.0 of
2812.0 13008.0 460.0 132.0 Kodak
3340.0 13012.0 348.0 132.0 Film
3744.0 13016.0 408.0 164.0 you'll
4208.0 13020.0 392.0 156.0 need,
4660.0 13024.0 132.0 136.0 of

1132.0 13188.0 892.0 136.0 course-and
2112.0 13196.0 536.0 132.0 Kodaks
2720.0 13204.0 132.0 132.0 in
2924.0 13208.0 180.0 132.0 all
3176.0 13208.0 448.0 168.0 styles,
3704.0 13236.0 148.0 112.0 at
3916.0 13216.0 172.0 132.0 all
4160.0 13220.0 476.0 164.0 prices.

1284.0 13440.0 292.0 128.0 Our
1652.0 13440.0 668.0 160.0 complete
2396.0 13448.0 652.0 160.0 snapshot
3120.0 13456.0 484.0 132.0 service
3684.0 13456.0 604.0 144.0 Includes
4368.0 13504.0 80.0 96.0 a
4528.0 13468.0 264.0 136.0 frco

1132.0 13672.0 548.0 96.0 camera
1736.0 13636.0 728.0 168.0 check-up,
2524.0 13640.0 104.0 132.0 If
2680.0 13688.0 264.0 124.0 you
3000.0 13648.0 336.0 132.0 need
3392.0 13660.0 176.0 152.0 it;
3620.0 13656.0 516.0 168.0 helpful
4196.0 13668.0 528.0 156.0 picture-

1144.0 13828.0 476.0 160.0 taking
1688.0 13836.0 300.0 160.0 tips,
2056.0 13836.0 108.0 128.0 If
2224.0 13876.0 268.0 124.0 you
2564.0 13868.0 360.0 112.0 want
2992.0 13844.0 444.0 164.0 them;
3504.0 13856.0 280.0 128.0 and
3856.0 13860.0 548.0 156.0 careful,
4476.0 13908.0 240.0 88.0 con-

1136.0 14032.0 676.0 128.0 clentious
1904.0 14032.0 1076.0 168.0 photofinlshlng
3164.0 14048.0 224.0 128.0 the
3488.0 14048.0 332.0 136.0 kind
3932.0 14056.0 300.0 136.0 that
4336.0 14060.0 452.0 160.0 brings

1140.0 14248.0 248.0 112.0 out
1456.0 14228.0 232.0 132.0 the
1740.0 14232.0 284.0 132.0 best
2088.0 14232.0 144.0 128.0 In
2292.0 14276.0 368.0 128.0 every
2720.0 14248.0 408.0 152.0 print.

1916.0 14496.0 120.0 92.0 In
2096.0 14500.0 220.0 92.0 Hue
2372.0 14496.0 160.0 100.0 for
2584.0 14528.0 60.0 72.0 a
2700.0 14532.0 220.0 68.0 new
2984.0 14508.0 412.0 96.0 Kodak?
3492.0 14512.0 196.0 96.0 Sec
3748.0 14516.0 268.0 100.0 what

1912.0 14652.0 144.0 68.0 we
2092.0 14656.0 204.0 68.0 mil
2336.0 14636.0 284.0 92.0 allow
2656.0 14664.0 196.0 88.0 you
2892.0 14668.0 136.0 64.0 on
3064.0 14668.0 252.0 88.0 your
3348.0 14644.0 172.0 92.0 old
3560.0 14676.0 448.0 72.0 camera.

800.0 14920.0 2752.0 544.0 LEASTtlAIIiiV
3600.0 15128.0 1464.0 336.0 STORES,...

1896.0 15544.0 156.0 140.0 27
2132.0 15552.0 444.0 128.0 WEST
2652.0 15552.0 656.0 136.0 FOURTH
3388.0 15556.0 620.0 136.0 STREET

2160.0 15740.0 740.0 164.0 Telephone
2976.0 15748.0 388.0 132.0 MAIn
3440.0 15752.0 304.0 140.0 2093

5308.0 5084.0 304.0 128.0 Willi
5684.0 5080.0 456.0 132.0 Ncillier
6204.0 5084.0 388.0 128.0 Cliiirlf
6604.0 5080.0 272.0 128.0 riles
6956.0 5084.0 228.0 128.0 Xor
7252.0 5088.0 64.0 124.0 II
7336.0 5124.0 48.0 80.0 p-

5428.0 5284.0 508.0 128.0 iiililii'nns
6016.0 5284.0 608.0 160.0 Indiraling
6692.0 5288.0 76.0 128.0 A
6788.0 5328.0 200.0 80.0 err
7008.0 5304.0 104.0 124.0 pi
7140.0 5324.0 244.0 84.0 mice

5480.0 5488.0 148.0 128.0 Of
5776.0 5484.0 696.0 136.0 Di'iiwrrnlic
6620.0 5484.0 628.0 132.0 l'roiosls.

5432.0 5992.0 512.0 112.0 Midnight
6020.0 5992.0 220.0 100.0 lust
6316.0 5996.0 312.0 112.0 night,
6700.0 5996.0 500.0 96.0 deadline
7272.0 5992.0 152.0 96.0 for

5268.0 6132.0 184.0 92.0 the
5556.0 6136.0 444.0 92.0 Charter
6104.0 6160.0 128.0 68.0 or
6332.0 6132.0 656.0 120.0 Republican
7104.0 6140.0 288.0 108.0 party

5288.0 6276.0 112.0 88.0 to
5472.0 6276.0 352.0 112.0 accept
5896.0 6272.0 192.0 92.0 tha
6164.0 6276.0 488.0 112.0 platform
6724.0 6276.0 124.0 96.0 of
6924.0 6276.0 180.0 92.0 the
7176.0 6268.0 196.0 96.0 Pro-

5296.0 6408.0 460.0 112.0 gressive
5876.0 6408.0 672.0 96.0 Democratic
6668.0 6404.0 440.0 120.0 league
7220.0 6408.0 196.0 96.0 and

5260.0 6552.0 440.0 108.0 thereby
5792.0 6552.0 208.0 88.0 win
6112.0 6552.0 184.0 92.0 the
6396.0 6552.0 448.0 108.0 league's
6952.0 6556.0 432.0 108.0 support

5264.0 6696.0 176.0 92.0 for
5496.0 6692.0 128.0 92.0 Its
5672.0 6688.0 432.0 96.0 Council
6160.0 6688.0 320.0 96.0 ticket
6516.0 6688.0 212.0 92.0 this
6768.0 6688.0 228.0 104.0 fall,
7040.0 6688.0 364.0 112.0 passed

5296.0 6828.0 436.0 92.0 without
5796.0 6856.0 132.0 68.0 an
6000.0 6836.0 632.0 104.0 acceptance
6700.0 6832.0 292.0 88.0 from
7060.0 6824.0 352.0 100.0 either.

5388.0 6964.0 464.0 96.0 Political
5960.0 6964.0 552.0 100.0 observers
6608.0 6968.0 408.0 108.0 agreed
7120.0 6968.0 268.0 92.0 after

5268.0 7104.0 184.0 88.0 the
5528.0 7104.0 460.0 116.0 17-plnnk
6076.0 7108.0 492.0 116.0 platform
6640.0 7128.0 228.0 68.0 was
6944.0 7104.0 444.0 116.0 adopted

5268.0 7240.0 136.0 116.0 by
5476.0 7244.0 172.0 92.0 the
5716.0 7244.0 372.0 104.0 league,
6160.0 7248.0 112.0 92.0 nt
6340.0 7272.0 60.0 68.0 a
6460.0 7248.0 464.0 108.0 meeting
7004.0 7240.0 272.0 100.0 Juno
7344.0 7248.0 44.0 92.0 1

5280.0 7388.0 240.0 88.0 that
5632.0 7384.0 68.0 92.0 It
5804.0 7384.0 356.0 92.0 would
6272.0 7384.0 116.0 92.0 be
6488.0 7388.0 116.0 92.0 "a
6712.0 7384.0 512.0 92.0 miracle"
7328.0 7388.0 76.0 92.0 If

5276.0 7520.0 344.0 96.0 either
5736.0 7532.0 316.0 108.0 party
6184.0 7524.0 504.0 112.0 accepted.
6856.0 7520.0 548.0 112.0 However,

5280.0 7660.0 40.0 88.0 I
5476.0 7660.0 104.0 96.0 C.
5664.0 7660.0 632.0 116.0 Rlttmeyer,
6372.0 7664.0 584.0 92.0 Chairman
7048.0 7664.0 112.0 96.0 of
7236.0 7668.0 164.0 88.0 the

5288.0 7796.0 440.0 112.0 league's
5800.0 7796.0 584.0 100.0 Executive
6448.0 7804.0 680.0 108.0 Committee,
7192.0 7804.0 212.0 92.0 said

5288.0 7936.0 204.0 92.0 last
5580.0 7936.0 288.0 112.0 night
5956.0 7944.0 252.0 88.0 that
6296.0 7944.0 112.0 92.0 he
6492.0 7940.0 344.0 104.0 would
6936.0 7944.0 268.0 92.0 have
7284.0 7968.0 124.0 68.0 no

5288.0 8080.0 860.0 92.0 announcement
6240.0 8080.0 100.0 96.0 to
6424.0 8076.0 304.0 96.0 make
6828.0 8104.0 132.0 72.0 as
7056.0 8088.0 104.0 88.0 to
7244.0 8084.0 164.0 92.0 the

5288.0 8216.0 444.0 104.0 league's
5800.0 8216.0 616.0 96.0 Immediate
6480.0 8244.0 384.0 72.0 course
6944.0 8220.0 264.0 96.0 until
5292.0 8228.0 2120.0 236.0 to-day-on

5876.0 8360.0 192.0 88.0 the
6208.0 8356.0 572.0 124.0 possibility
6924.0 8364.0 240.0 92.0 that
7284.0 8388.0 124.0 72.0 an

5292.0 8496.0 624.0 112.0 acceptanco
5996.0 8492.0 336.0 112.0 might
6404.0 8492.0 112.0 92.0 bo
6584.0 8492.0 104.0 96.0 in
6772.0 8492.0 196.0 96.0 tha
7044.0 8496.0 264.0 96.0 mail.

5408.0 8628.0 108.0 92.0 If
5580.0 8652.0 128.0 72.0 no
5776.0 8644.0 640.0 100.0 acceptance
6484.0 8636.0 84.0 88.0 is
6640.0 8636.0 536.0 104.0 received,
7240.0 8640.0 168.0 92.0 the

5292.0 8764.0 360.0 116.0 leuguo
5720.0 8768.0 200.0 92.0 will
5996.0 8772.0 416.0 92.0 Indorse
6476.0 8776.0 244.0 88.0 nine
6792.0 8776.0 620.0 96.0 candidates

5288.0 8908.0 176.0 96.0 for
5528.0 8904.0 452.0 100.0 Council.
6096.0 8912.0 100.0 96.0 It
6264.0 8912.0 416.0 116.0 already
6760.0 8912.0 212.0 96.0 haa
7048.0 8920.0 352.0 92.0 named

5292.0 9048.0 388.0 92.0 several
5768.0 9048.0 532.0 96.0 members
6376.0 9056.0 104.0 96.0 of
6560.0 9080.0 64.0 68.0 a
6708.0 9052.0 696.0 120.0 Nominating

5288.0 9184.0 616.0 92.0 Committee
6016.0 9188.0 112.0 92.0 In
6228.0 9192.0 704.0 112.0 anticipation
7036.0 9200.0 112.0 92.0 of
7240.0 9200.0 164.0 88.0 the

5292.0 9324.0 268.0 92.0 tiiNk.

5408.0 9460.0 208.0 96.0 Tha
5716.0 9464.0 628.0 92.0 candidates
6448.0 9468.0 200.0 96.0 will
6772.0 9472.0 224.0 92.0 not-
7076.0 9496.0 292.0 68.0 neces-

5284.0 9604.0 320.0 108.0 sarily
5692.0 9596.0 116.0 92.0 be
5908.0 9604.0 520.0 92.0 members
6520.0 9612.0 116.0 92.0 of
6736.0 9612.0 196.0 88.0 the
7028.0 9608.0 372.0 112.0 league,

5288.0 9736.0 584.0 112.0 Rlttmeyer
5940.0 9744.0 236.0 92.0 aald
6256.0 9744.0 180.0 92.0 lust
6508.0 9748.0 348.0 108.0 night.
6964.0 9744.0 440.0 112.0 Instead,

5288.0 9876.0 180.0 92.0 the
5540.0 9876.0 356.0 108.0 league
5980.0 9884.0 88.0 84.0 is
6152.0 9880.0 292.0 116.0 likely
6516.0 9892.0 108.0 84.0 to
6704.0 9888.0 436.0 92.0 Indorse
7208.0 9916.0 192.0 92.0 any

5284.0 10012.0 608.0 92.0 candidate!
6012.0 10020.0 236.0 92.0 who
6348.0 10044.0 448.0 92.0 espouse
6916.0 10032.0 136.0 92.0 its
7160.0 10028.0 196.0 116.0 plat-

5284.0 10148.0 300.0 96.0 form.
5404.0 10288.0 208.0 92.0 The
5684.0 10288.0 756.0 112.0 Progresnlves'
6512.0 10300.0 376.0 96.0 leader
6956.0 10328.0 208.0 72.0 was
7228.0 10312.0 168.0 88.0 not

5284.0 10428.0 432.0 116.0 entirely
5804.0 10432.0 388.0 96.0 devoid
6276.0 10444.0 104.0 92.0 of
6464.0 10436.0 276.0 116.0 hope
6828.0 10440.0 124.0 96.0 of
7036.0 10472.0 124.0 68.0 an
7248.0 10472.0 116.0 68.0 ac-

5276.0 10572.0 492.0 100.0 ceptance
5840.0 10572.0 360.0 108.0 today.
6328.0 10572.0 608.0 116.0 Rlttmeyer
7004.0 10580.0 212.0 96.0 said
7292.0 10588.0 120.0 88.0 he

5292.0 10700.0 204.0 100.0 had
5612.0 10700.0 324.0 96.0 heard
6072.0 10712.0 696.0 88.0 round-about
6900.0 10716.0 224.0 92.0 that
7240.0 10720.0 172.0 92.0 the

5276.0 10840.0 440.0 92.0 Charter
5812.0 10844.0 516.0 112.0 platform
6420.0 10872.0 216.0 68.0 was
6748.0 10868.0 188.0 88.0 not
7040.0 10880.0 108.0 64.0 so
7240.0 10860.0 164.0 92.0 far

5272.0 10976.0 276.0 96.0 from
5664.0 10980.0 180.0 88.0 the
5976.0 10984.0 468.0 108.0 league's.
6596.0 10988.0 240.0 96.0 The
6964.0 10992.0 432.0 96.0 Charter

5272.0 11112.0 628.0 96.0 Committee
6020.0 11144.0 216.0 72.0 was
6344.0 11128.0 168.0 88.0 the
6624.0 11132.0 268.0 108.0 only
7004.0 11156.0 184.0 64.0 one
7292.0 11140.0 108.0 88.0 to

5276.0 11252.0 284.0 120.0 reply
5612.0 11256.0 104.0 92.0 to
5772.0 11256.0 188.0 92.0 the
6028.0 11260.0 392.0 116.0 proffer
6472.0 11264.0 116.0 96.0 of
6648.0 11268.0 748.0 100.0 indorsement.

5276.0 11388.0 100.0 96.0 H
5472.0 11396.0 524.0 116.0 promised
6096.0 11400.0 108.0 92.0 to
6292.0 11404.0 224.0 108.0 give
6612.0 11408.0 192.0 88.0 the
6912.0 11412.0 484.0 108.0 platform

5272.0 11532.0 820.0 100.0 consideration.

5392.0 11668.0 396.0 116.0 Among
5860.0 11680.0 192.0 84.0 the
6128.0 11676.0 100.0 92.0 17
6292.0 11680.0 376.0 116.0 plankh
6744.0 11684.0 96.0 92.0 la
6908.0 11712.0 192.0 64.0 one
7164.0 11692.0 188.0 88.0 call-

5276.0 11800.0 176.0 116.0 ing
5560.0 11812.0 156.0 92.0 for
5828.0 11812.0 412.0 96.0 drastic
6344.0 11844.0 184.0 84.0 gas
6644.0 11824.0 228.0 88.0 and
6988.0 11828.0 408.0 92.0 elcctrl?

5272.0 11948.0 620.0 108.0 reductions,
5996.0 11956.0 248.0 92.0 wilh
6332.0 11988.0 60.0 64.0 a
6480.0 11960.0 592.0 112.0 municipal
7156.0 11992.0 188.0 84.0 gen-

5272.0 12084.0 408.0 108.0 erating
5772.0 12088.0 308.0 112.0 plant
6176.0 12120.0 108.0 68.0 as
6372.0 12124.0 56.0 64.0 a
6520.0 12096.0 596.0 112.0 yardatlrk,
7204.0 12128.0 192.0 68.0 one

5272.0 12224.0 568.0 108.0 promising
5920.0 12252.0 140.0 68.0 an
6136.0 12232.0 304.0 92.0 effort
6516.0 12236.0 180.0 88.0 for
6772.0 12240.0 328.0 116.0 sharp
7164.0 12256.0 228.0 80.0 cuta

5272.0 12364.0 100.0 88.0 in
5472.0 12360.0 556.0 112.0 telephone,
6128.0 12380.0 292.0 96.0 rates,
6520.0 12396.0 208.0 68.0 one
6840.0 12384.0 552.0 108.0 proposing

5272.0 12504.0 108.0 84.0 to
5536.0 12504.0 264.0 84.0 raise
5976.0 12504.0 448.0 96.0 between
6588.0 12512.0 460.0 100.0 $100,000
7188.0 12524.0 200.0 92.0 and

5280.0 12632.0 420.0 108.0 $300,000
5796.0 12640.0 132.0 116.0 by
6024.0 12644.0 496.0 120.0 charging
6616.0 12656.0 252.0 88.0 rent
6964.0 12660.0 156.0 88.0 for
7204.0 12664.0 144.0 108.0 pri-

5284.0 12776.0 232.0 88.0 vate
5616.0 12800.0 180.0 68.0 use
5908.0 12784.0 120.0 92.0 of
6136.0 12784.0 320.0 112.0 public
6568.0 12804.0 540.0 104.0 property,
7204.0 12820.0 192.0 68.0 one

5276.0 12912.0 472.0 116.0 favoring
5832.0 12916.0 316.0 96.0 home
6224.0 12924.0 236.0 104.0 rule,
6536.0 12952.0 212.0 72.0 one
6836.0 12940.0 556.0 108.0 proposing

5276.0 13076.0 68.0 64.0 a
5456.0 13052.0 204.0 128.0 city
5780.0 13060.0 344.0 92.0 credit
6244.0 13068.0 388.0 104.0 system
6768.0 13068.0 116.0 92.0 to
7000.0 13072.0 404.0 116.0 replace

5276.0 13184.0 280.0 96.0 "loan
5640.0 13192.0 492.0 112.0 sharks,"
6212.0 13204.0 192.0 92.0 and
6488.0 13228.0 204.0 64.0 ono
6780.0 13220.0 576.0 100.0 guarantee-

5276.0 13328.0 176.0 108.0 ing
5504.0 13328.0 172.0 92.0 tha
5736.0 13332.0 308.0 108.0 right
6104.0 13340.0 100.0 88.0 to
6260.0 13336.0 280.0 96.0 work
6612.0 13344.0 724.0 112.0 ataralrwag

5276.0 13468.0 204.0 92.0 and
5592.0 13472.0 588.0 112.0 proposing
6280.0 13476.0 672.0 100.0 subslatence
5280.0 13484.0 2124.0 216.0 homo-Mteads.

5276.0 13900.0 672.0 128.0 0HI0ANS'
6020.0 13908.0 508.0 124.0 CLAIMS
6596.0 13916.0 804.0 132.0 APPROVED,

5396.0 14100.0 732.0 112.0 Washington,
6292.0 14108.0 272.0 104.0 .limn
6752.0 14116.0 128.0 88.0 30
7004.0 14116.0 260.0 96.0 (AP)

5280.0 14236.0 540.0 96.0 President
5968.0 14244.0 536.0 96.0 Roosevelt
6656.0 14252.0 376.0 104.0 signed
7160.0 14256.0 236.0 92.0 bills

5276.0 14372.0 300.0 96.0 lodav
5652.0 14380.0 108.0 84.0 to
5836.0 14380.0 316.0 84.0 nettle,
6220.0 14380.0 368.0 92.0 claims
6668.0 14392.0 472.0 108.0 growing
7212.0 14400.0 188.0 84.0 out
7524.0 14368.0 472.0 112.0 Jammed.
8076.0 14368.0 224.0 100.0 The
8376.0 14404.0 404.0 64.0 success
8856.0 14384.0 120.0 92.0 of
9052.0 14392.0 172.0 88.0 the
9296.0 14392.0 336.0 108.0 prima

7724.0 2672.0 168.0 120.0 ny
7956.0 2680.0 600.0 96.0 IIKHMAiV
8612.0 2684.0 92.0 100.0 J,
8768.0 2688.0 760.0 100.0 MKHNFKLI)

7692.0 2840.0 440.0 120.0 Though
8236.0 2848.0 628.0 100.0 Galli-Curcl
8964.0 2860.0 220.0 92.0 and
9300.0 2868.0 388.0 92.0 Caruso

7576.0 3012.0 220.0 96.0 and
7908.0 3036.0 196.0 100.0 any
8204.0 3020.0 456.0 96.0 number
8756.0 3024.0 104.0 96.0 of
8960.0 3028.0 320.0 116.0 great
9384.0 3056.0 304.0 92.0 opera

7572.0 3188.0 300.0 92.0 stars
7976.0 3188.0 420.0 96.0 weren't
8504.0 3216.0 336.0 72.0 awara
8936.0 3200.0 116.0 96.0 of
9160.0 3196.0 188.0 96.0 the
9452.0 3204.0 228.0 104.0 fact,

7568.0 3348.0 264.0 112.0 they
7924.0 3380.0 252.0 88.0 sang
8276.0 3356.0 104.0 96.0 In
8488.0 3356.0 248.0 96.0 duet
8824.0 3364.0 248.0 96.0 with
9180.0 3368.0 292.0 96.0 Rosa
9564.0 3364.0 120.0 100.0 Di

7568.0 3520.0 392.0 108.0 Glullo.

7692.0 3692.0 156.0 100.0 Of
7896.0 3692.0 368.0 100.0 Italian
8324.0 3708.0 596.0 108.0 parentage,
8972.0 3700.0 420.0 116.0 though
9440.0 3700.0 240.0 104.0 born

7568.0 3860.0 112.0 92.0 in
7756.0 3860.0 500.0 120.0 America,
8332.0 3868.0 84.0 96.0 It
8488.0 3868.0 88.0 96.0 Is
8644.0 3876.0 404.0 96.0 natural
9128.0 3876.0 244.0 96.0 that
9444.0 3880.0 240.0 96.0 Miss

7564.0 4028.0 136.0 92.0 Di
7812.0 4032.0 340.0 96.0 Giulla
8244.0 4036.0 212.0 96.0 had
8560.0 4060.0 344.0 72.0 access
9000.0 4044.0 120.0 96.0 to
9224.0 4048.0 460.0 112.0 operatic

7564.0 4204.0 380.0 96.0 music.
8056.0 4204.0 572.0 100.0 Inasmuch
8696.0 4232.0 112.0 72.0 as
8872.0 4208.0 600.0 120.0 Piedmont,
9532.0 4216.0 148.0 96.0 W.

7560.0 4364.0 232.0 116.0 Va.,
7872.0 4368.0 88.0 96.0 Is
8032.0 4404.0 64.0 72.0 a
8172.0 4376.0 176.0 96.0 far
8428.0 4380.0 384.0 92.0 station
8888.0 4376.0 296.0 100.0 from
9272.0 4384.0 408.0 112.0 regular

7544.0 4540.0 480.0 108.0 operatic
8124.0 4544.0 756.0 116.0 performance,
8984.0 4548.0 192.0 96.0 the
9288.0 4548.0 344.0 124.0 phono

7552.0 4708.0 384.0 116.0 graph,
8024.0 4712.0 252.0 96.0 with
8376.0 4716.0 140.0 96.0 its
8608.0 4716.0 612.0 112.0 recording!
9308.0 4724.0 116.0 92.0 of
9508.0 4728.0 168.0 88.0 the

7552.0 4880.0 324.0 104.0 great
7944.0 4880.0 276.0 96.0 arias
8296.0 4888.0 124.0 96.0 of
8496.0 4884.0 172.0 100.0 the
8736.0 4884.0 384.0 100.0 Italian
9204.0 4892.0 468.0 108.0 masters,

7536.0 5064.0 296.0 92.0 sung
7916.0 5052.0 124.0 112.0 by
8116.0 5048.0 180.0 96.0 the
8384.0 5060.0 392.0 84.0 master
8852.0 5056.0 364.0 92.0 voices
9300.0 5060.0 116.0 92.0 of
9492.0 5064.0 168.0 96.0 the

7548.0 5208.0 256.0 116.0 day,
7884.0 5220.0 448.0 108.0 brought
8420.0 5220.0 176.0 92.0 the
8676.0 5220.0 596.0 112.0 longed-for
9352.0 5236.0 320.0 88.0 music

7552.0 5348.0 244.0 92.0 Into
7868.0 5356.0 168.0 96.0 the
8108.0 5356.0 128.0 96.0 DI
8312.0 5360.0 352.0 92.0 Glullo
8736.0 5360.0 332.0 100.0 home.

7680.0 5488.0 148.0 96.0 8o
7912.0 5496.0 164.0 88.0 the
8168.0 5492.0 320.0 96.0 Gllda
8572.0 5500.0 108.0 92.0 of
8760.0 5500.0 172.0 92.0 the
9028.0 5500.0 220.0 96.0 Zoo
9344.0 5500.0 328.0 124.0 Opera

7548.0 5624.0 632.0 120.0 Company's
8264.0 5632.0 888.0 112.0 "Rlgoletto"
9240.0 5668.0 244.0 92.0 may
9556.0 5648.0 116.0 92.0 be

7548.0 5768.0 376.0 96.0 traced
7992.0 5776.0 100.0 88.0 to
8156.0 5776.0 308.0 92.0 those
8532.0 5776.0 248.0 112.0 days
8840.0 5784.0 316.0 92.0 when
9232.0 5780.0 252.0 112.0 Mlsg
9544.0 5788.0 124.0 92.0 Di

7544.0 5908.0 364.0 92.0 Giulio
7988.0 5912.0 476.0 108.0 listened,
8548.0 5920.0 236.0 88.0 thin
8860.0 5920.0 372.0 108.0 Joined
9324.0 5928.0 100.0 92.0 In
9504.0 5928.0 164.0 96.0 the

7528.0 6068.0 288.0 88.0 song
7856.0 6052.0 620.0 108.0 emanating
8528.0 6056.0 256.0 92.0 from
8836.0 6052.0 176.0 96.0 the
9072.0 6056.0 208.0 100.0 box
9336.0 6064.0 96.0 92.0 in
9484.0 6068.0 168.0 88.0 the

7544.0 6180.0 344.0 124.0 living
7960.0 6208.0 312.0 72.0 room.
8416.0 6192.0 216.0 92.0 The
8704.0 6212.0 316.0 92.0 opera
9104.0 6204.0 264.0 100.0 star,
9444.0 6204.0 220.0 88.0 who

7544.0 6324.0 380.0 92.0 makes
7992.0 6324.0 184.0 100.0 her
8240.0 6328.0 592.0 96.0 Cincinnati
8904.0 6332.0 344.0 100.0 debut
9320.0 6340.0 108.0 92.0 at
9492.0 6340.0 172.0 92.0 the

7540.0 6456.0 224.0 100.0 Zoo
7852.0 6468.0 432.0 108.0 tonight,
8380.0 6472.0 292.0 88.0 looks
8756.0 6468.0 264.0 96.0 back
9124.0 6496.0 284.0 92.0 upon
9488.0 6480.0 168.0 92.0 the

7540.0 6604.0 512.0 116.0 coaching
8112.0 6608.0 480.0 92.0 received
8652.0 6608.0 116.0 116.0 by
8820.0 6632.0 236.0 92.0 way
9116.0 6612.0 116.0 96.0 of
9288.0 6616.0 172.0 100.0 the
9516.0 6640.0 100.0 72.0 re-

7536.0 6740.0 500.0 112.0 cordings
8108.0 6768.0 120.0 68.0 as
8312.0 6744.0 192.0 96.0 her
8580.0 6748.0 256.0 92.0 start
8912.0 6752.0 112.0 92.0 In
9116.0 6756.0 360.0 96.0 music.

7660.0 6876.0 424.0 120.0 Despite
8160.0 6884.0 184.0 92.0 the
8424.0 6892.0 396.0 92.0 natural
8896.0 6900.0 588.0 84.0 sweetness
9548.0 6900.0 108.0 88.0 of

7536.0 7012.0 192.0 92.0 the
7784.0 7020.0 272.0 108.0 girl's
8112.0 7020.0 332.0 108.0 voice,
8500.0 7028.0 180.0 92.0 her
8728.0 7024.0 436.0 100.0 evident
9220.0 7028.0 224.0 100.0 love
9496.0 7032.0 160.0 104.0 for

7540.0 7152.0 200.0 92.0 her
7796.0 7160.0 344.0 92.0 future
8200.0 7164.0 332.0 100.0 work,
8584.0 7164.0 192.0 92.0 and
8836.0 7164.0 196.0 96.0 her
9088.0 7168.0 560.0 104.0 Incidental

7532.0 7292.0 432.0 116.0 ulnglng
8028.0 7300.0 96.0 88.0 In
8196.0 7300.0 432.0 104.0 church,
8696.0 7304.0 380.0 96.0 formal
9156.0 7316.0 288.0 88.0 vocal
9516.0 7312.0 96.0 88.0 In-

7532.0 7436.0 516.0 96.0 struction
8116.0 7440.0 344.0 92.0 didn't
8516.0 7464.0 280.0 64.0 come
8856.0 7444.0 280.0 92.0 until
9204.0 7448.0 184.0 96.0 she
9448.0 7476.0 208.0 68.0 was

7536.0 7572.0 120.0 88.0 18
7756.0 7596.0 292.0 92.0 years
8144.0 7576.0 204.0 92.0 old.
8512.0 7580.0 272.0 92.0 Then
8884.0 7584.0 196.0 92.0 she
9188.0 7608.0 216.0 76.0 was
9492.0 7592.0 156.0 88.0 old

7532.0 7720.0 420.0 100.0 enough
8024.0 7720.0 104.0 88.0 to
8204.0 7740.0 316.0 88.0 carry
8588.0 7716.0 176.0 96.0 her
8832.0 7720.0 820.0 100.0 determination

7536.0 7852.0 116.0 84.0 to
7712.0 7852.0 640.0 108.0 fulfillment,
8412.0 7856.0 204.0 92.0 and
8672.0 7868.0 292.0 100.0 spent
9040.0 7864.0 196.0 92.0 her
9296.0 7888.0 360.0 88.0 money

7536.0 7988.0 180.0 96.0 for
7804.0 7988.0 384.0 92.0 lessons
8276.0 7996.0 260.0 88.0 with
8624.0 7996.0 248.0 92.0 such
8964.0 7996.0 492.0 100.0 teachers
9540.0 8024.0 116.0 72.0 as

7536.0 8124.0 524.0 116.0 Brooklyn
8144.0 8132.0 524.0 96.0 afforded.

7664.0 8264.0 496.0 96.0 Removal
8264.0 8268.0 112.0 92.0 of
8472.0 8272.0 172.0 88.0 the
8732.0 8268.0 384.0 120.0 family
9212.0 8276.0 112.0 92.0 to
9408.0 8276.0 244.0 96.0 New

7540.0 8392.0 296.0 104.0 York
7896.0 8404.0 196.0 92.0 and
8156.0 8428.0 68.0 64.0 a
8284.0 8404.0 184.0 112.0 Job
8524.0 8416.0 104.0 80.0 at
8688.0 8416.0 628.0 92.0 secretarial
9376.0 8420.0 276.0 88.0 work

7536.0 8536.0 312.0 92.0 made
7916.0 8540.0 168.0 92.0 the
8152.0 8536.0 640.0 120.0 blossoming
8852.0 8568.0 384.0 72.0 career
9300.0 8552.0 352.0 92.0 easier.

7660.0 8672.0 148.0 92.0 As
7876.0 8672.0 100.0 92.0 In
8044.0 8700.0 120.0 68.0 so
8244.0 8700.0 316.0 92.0 many
8632.0 8680.0 540.0 96.0 Instances
9244.0 8708.0 68.0 68.0 a
9376.0 8688.0 272.0 112.0 piece

7532.0 8808.0 128.0 92.0 of
7748.0 8804.0 184.0 104.0 bad
8024.0 8808.0 432.0 100.0 fortune
8544.0 8812.0 148.0 96.0 led
8776.0 8816.0 108.0 92.0 to
8972.0 8820.0 192.0 92.0 the
9256.0 8820.0 392.0 96.0 desired

7524.0 8944.0 292.0 96.0 road.
7960.0 8944.0 452.0 112.0 Though
8504.0 8952.0 176.0 92.0 her
8764.0 8952.0 320.0 96.0 heart
9180.0 8980.0 212.0 68.0 was
9476.0 8964.0 160.0 88.0 set

7532.0 9100.0 144.0 72.0 on
7736.0 9100.0 64.0 72.0 a
7852.0 9084.0 696.0 112.0 professional
8604.0 9112.0 356.0 72.0 career
9024.0 9116.0 124.0 72.0 as
9208.0 9120.0 64.0 68.0 a
9332.0 9100.0 316.0 88.0 ihubIc

7532.0 9216.0 344.0 108.0 artist,
7972.0 9216.0 260.0 92.0 Miss
8332.0 9224.0 128.0 88.0 Di
8548.0 9220.0 336.0 96.0 Giulio
8984.0 9224.0 248.0 96.0 held
9324.0 9256.0 124.0 68.0 on
9544.0 9236.0 108.0 88.0 to

7532.0 9348.0 200.0 92.0 her
7800.0 9356.0 444.0 108.0 position
8328.0 9360.0 248.0 92.0 with
8644.0 9384.0 60.0 72.0 a
8768.0 9360.0 304.0 108.0 large
9152.0 9368.0 264.0 96.0 firm.
9488.0 9368.0 116.0 92.0 In-

7532.0 9484.0 332.0 96.0 duced
7956.0 9496.0 104.0 80.0 to
8148.0 9492.0 244.0 104.0 give
8484.0 9524.0 60.0 72.0 a
8628.0 9500.0 456.0 108.0 concert,
9184.0 9500.0 248.0 92.0 Miss
9520.0 9504.0 124.0 92.0 Di

7520.0 9624.0 420.0 92.0 Gulullo
8024.0 9628.0 420.0 108.0 obliged
8508.0 9692.0 24.0 36.0 .
8588.0 9692.0 24.0 40.0 .
8664.0 9696.0 20.0 32.0 .
8744.0 9632.0 212.0 96.0 and
9092.0 9636.0 540.0 96.0 Inasmuch

7532.0 9784.0 124.0 68.0 as
7772.0 9760.0 164.0 88.0 the
8052.0 9760.0 328.0 92.0 house
8496.0 9792.0 204.0 68.0 was
8812.0 9768.0 420.0 116.0 packed
9348.0 9780.0 240.0 88.0 with

7540.0 9892.0 420.0 112.0 friends,
8072.0 9900.0 524.0 108.0 relatives,
8700.0 9908.0 640.0 104.0 coworkers,
9444.0 9912.0 200.0 92.0 and

7536.0 10028.0 352.0 96.0 others
8036.0 10036.0 420.0 96.0 enticed
8608.0 10040.0 464.0 112.0 through
9232.0 10048.0 416.0 92.0 devious

7536.0 10188.0 360.0 68.0 means
7964.0 10168.0 108.0 88.0 to
8152.0 10168.0 312.0 96.0 listen
8540.0 10176.0 100.0 88.0 to
8708.0 10180.0 172.0 92.0 the
8956.0 10204.0 364.0 88.0 young
9388.0 10184.0 256.0 108.0 lady,

7532.0 10300.0 184.0 88.0 the
7812.0 10304.0 320.0 88.0 affair
8236.0 10328.0 220.0 72.0 was
8556.0 10316.0 776.0 116.0 tremendously
9432.0 10340.0 172.0 72.0 suc-

7536.0 10436.0 408.0 92.0 cessful.
7596.0 10576.0 132.0 88.0 So
7764.0 10580.0 608.0 104.0 successful,
8420.0 10576.0 372.0 112.0 Indeed,
8840.0 10588.0 244.0 92.0 that
9140.0 10592.0 176.0 88.0 the
9356.0 10612.0 228.0 72.0 man-

7524.0 10732.0 252.0 84.0 ager
7844.0 10712.0 104.0 92.0 of
8024.0 10712.0 180.0 92.0 the
8280.0 10740.0 440.0 76.0 concern
8792.0 10724.0 172.0 88.0 for
9048.0 10724.0 332.0 96.0 which
9456.0 10732.0 172.0 84.0 the

7520.0 10848.0 476.0 112.0 beaming
8072.0 10872.0 360.0 92.0 young
8476.0 10856.0 224.0 112.0 lady
8736.0 10860.0 436.0 92.0 worked
9216.0 10864.0 412.0 92.0 decided

7532.0 10980.0 236.0 92.0 that
7828.0 10980.0 156.0 92.0 his
8048.0 10988.0 336.0 92.0 office
8448.0 10992.0 352.0 88.0 wasn't
8872.0 10992.0 300.0 112.0 large
9240.0 11000.0 400.0 108.0 enough

7532.0 11112.0 172.0 92.0 for
7764.0 11120.0 240.0 92.0 such
8076.0 11124.0 344.0 92.0 talent
8484.0 11124.0 192.0 96.0 and
8748.0 11132.0 124.0 92.0 he
8948.0 11132.0 440.0 92.0 notified
9456.0 11136.0 188.0 92.0 her

7528.0 11248.0 120.0 92.0 of
7712.0 11248.0 172.0 92.0 her
7948.0 11252.0 208.0 92.0 loss
8228.0 11260.0 116.0 88.0 of
8412.0 11264.0 460.0 108.0 position.

7652.0 11384.0 240.0 92.0 This
7972.0 11392.0 500.0 112.0 Incident,
8548.0 11396.0 544.0 116.0 following
9172.0 11404.0 172.0 96.0 the
9412.0 11428.0 184.0 68.0 suc-

7528.0 11540.0 228.0 72.0 cess
7840.0 11524.0 104.0 92.0 of
8028.0 11528.0 184.0 88.0 the
8304.0 11536.0 436.0 104.0 concert,
8828.0 11536.0 248.0 112.0 plus
9168.0 11540.0 168.0 96.0 the
9424.0 11540.0 212.0 96.0 fact

7528.0 11656.0 228.0 92.0 that
7848.0 11684.0 128.0 68.0 an
8076.0 11664.0 484.0 96.0 audition
8652.0 11668.0 128.0 112.0 by
8876.0 11672.0 292.0 108.0 C.lgll
9268.0 11676.0 364.0 92.0 turned

7524.0 11796.0 184.0 84.0 out
7780.0 11800.0 672.0 116.0 exceedingly
8528.0 11804.0 240.0 108.0 well,
8852.0 11808.0 376.0 96.0 rallied
9300.0 11836.0 60.0 68.0 a
9432.0 11812.0 164.0 92.0 for-

7528.0 11928.0 320.0 112.0 merly
7940.0 11932.0 472.0 96.0 hesitant
8512.0 11940.0 352.0 112.0 family
8964.0 11952.0 396.0 88.0 around
9456.0 11952.0 180.0 88.0 the

7528.0 12064.0 568.0 120.0 promising
8196.0 12072.0 476.0 96.0 member.
8832.0 12080.0 236.0 88.0 And
9176.0 12088.0 104.0 84.0 to
9372.0 12084.0 260.0 116.0 Italy

7516.0 12204.0 176.0 84.0 the
7788.0 12204.0 400.0 112.0 Family
8292.0 12212.0 124.0 88.0 Di
8508.0 12212.0 424.0 92.0 Glullo's
9036.0 12216.0 280.0 92.0 Rosa
9400.0 12236.0 216.0 72.0 Was

7524.0 12336.0 452.0 112.0 whipped,
8056.0 12344.0 264.0 96.0 with
8396.0 12344.0 336.0 96.0 Mania
8808.0 12352.0 332.0 108.0 along
9220.0 12360.0 96.0 84.0 to
9388.0 12356.0 244.0 96.0 visit

7528.0 12472.0 476.0 100.0 relative!
8088.0 12476.0 216.0 96.0 and
8388.0 12484.0 104.0 84.0 to
8572.0 12484.0 348.0 88.0 Insure,
9012.0 12488.0 176.0 88.0 the
9276.0 12488.0 356.0 116.0 family

7528.0 12608.0 224.0 92.0 that
7820.0 12608.0 276.0 96.0 Rosa
8172.0 12616.0 332.0 92.0 would
8568.0 12620.0 268.0 92.0 stick
8908.0 12628.0 116.0 84.0 to
9096.0 12624.0 180.0 92.0 her
9336.0 12628.0 256.0 88.0 ardu-

7524.0 12764.0 188.0 68.0 ous
7784.0 12748.0 232.0 92.0 task
8108.0 12760.0 112.0 80.0 (a
8308.0 12752.0 448.0 92.0 needless
8836.0 12764.0 612.0 100.0 precaution
9528.0 12760.0 104.0 96.0 in

7524.0 12880.0 248.0 92.0 Miss
7844.0 12884.0 124.0 92.0 1)1
8048.0 12884.0 440.0 96.0 Giullo's
8560.0 12892.0 384.0 96.0 case!).

7644.0 13016.0 292.0 92.0 After
8040.0 13044.0 56.0 64.0 a
8220.0 13020.0 416.0 116.0 lengthy
8736.0 13032.0 252.0 108.0 stay
9096.0 13032.0 100.0 92.0 In
9300.0 13032.0 332.0 96.0 which

7532.0 13152.0 180.0 88.0 she
7816.0 13152.0 452.0 108.0 studied,
8384.0 13160.0 288.0 92.0 made
8784.0 13164.0 200.0 92.0 her
9096.0 13168.0 308.0 96.0 debut
9512.0 13196.0 124.0 68.0 as

7528.0 13284.0 296.0 96.0 Gllda
7928.0 13288.0 108.0 96.0 In
8152.0 13292.0 180.0 92.0 the
8440.0 13292.0 416.0 100.0 Puccini
8972.0 13296.0 448.0 104.0 Theater
9528.0 13312.0 104.0 88.0 In

7536.0 13416.0 308.0 100.0 Milan
7952.0 13428.0 224.0 92.0 and
8292.0 13452.0 256.0 84.0 gave
8652.0 13436.0 468.0 108.0 recitals,
9232.0 13440.0 404.0 96.0 mother

7528.0 13560.0 200.0 92.0 and
7820.0 13556.0 532.0 112.0 daughter
8444.0 13572.0 492.0 96.0 returned
9036.0 13576.0 112.0 92.0 to
9236.0 13576.0 400.0 112.0 display

7524.0 13692.0 268.0 100.0 what
7856.0 13696.0 204.0 92.0 had
8136.0 13704.0 264.0 92.0 been
8468.0 13704.0 252.0 92.0 done
8792.0 13704.0 112.0 92.0 In
8976.0 13708.0 184.0 92.0 the
9224.0 13732.0 216.0 92.0 way
9504.0 13712.0 120.0 92.0 of

7536.0 13828.0 504.0 116.0 polishing
8132.0 13836.0 180.0 88.0 the
8404.0 13840.0 356.0 108.0 golden
8864.0 13848.0 316.0 84.0 tones
9264.0 13852.0 108.0 92.0 of
9452.0 13852.0 180.0 88.0 the

7528.0 13960.0 124.0 92.0 Di
7704.0 13960.0 336.0 96.0 Glullo
8100.0 13968.0 324.0 112.0 pride.
8480.0 13976.0 324.0 108.0 Again
8868.0 13980.0 184.0 88.0 the
9108.0 13984.0 520.0 112.0 Brooklyn

7528.0 14108.0 404.0 84.0 concert
8004.0 14100.0 220.0 92.0 hall
8296.0 14132.0 208.0 64.0 was
8568.0 14116.0 436.0 108.0 pressed
9080.0 14116.0 212.0 92.0 Into
9356.0 14144.0 236.0 64.0 serv-

7520.0 14236.0 144.0 88.0 ice
7800.0 14236.0 200.0 92.0 and
8156.0 14248.0 312.0 96.0 again
8604.0 14248.0 180.0 92.0 the
8940.0 14252.0 320.0 92.0 house
9396.0 14276.0 220.0 68.0 was

5276.0 14520.0 104.0 76.0 or
5492.0 14520.0 200.0 84.0 two
5816.0 14520.0 532.0 88.0 accidents
6464.0 14520.0 104.0 88.0 in
6696.0 14524.0 308.0 92.0 Ohio.
7168.0 14532.0 228.0 84.0 Ono

5280.0 14664.0 464.0 68.0 measure
5848.0 14648.0 500.0 92.0 allocated
6444.0 14652.0 344.0 100.0 (5.000
6888.0 14664.0 256.0 88.0 from
7232.0 14668.0 120.0 84.0 CI

5348.0 14776.0 228.0 92.0 illan
5648.0 14776.0 760.0 100.0 Conservation
6480.0 14792.0 356.0 108.0 Corps
6912.0 14796.0 296.0 96.0 funds
7280.0 14804.0 116.0 88.0 to

5276.0 14908.0 344.0 92.0 Klhert
5736.0 14916.0 404.0 92.0 Arnold
6240.0 14916.0 376.0 112.0 Jarrel,
6744.0 14928.0 400.0 108.0 Injured
7256.0 14932.0 140.0 112.0 by

5276.0 15072.0 56.0 68.0 a
5428.0 15064.0 40.0 72.0 l
5516.0 15064.0 160.0 72.0 ml
5788.0 15064.0 756.0 88.0 Conservation
6656.0 15064.0 336.0 112.0 Corps
7084.0 15068.0 308.0 92.0 truck

5280.0 15204.0 240.0 68.0 near
5632.0 15192.0 636.0 112.0 Friendship
6384.0 15192.0 384.0 100.0 March
6908.0 15196.0 120.0 104.0 16,
7140.0 15200.0 224.0 96.0 1934

5268.0 15316.0 212.0 88.0 The
5584.0 15320.0 320.0 92.0 other
6016.0 15332.0 740.0 104.0 appropriate!
6868.0 15332.0 304.0 104.0 $2,500
7276.0 15344.0 124.0 84.0 to

5268.0 15456.0 268.0 104.0 Lucy
5624.0 15456.0 288.0 88.0 Jane
6008.0 15456.0 264.0 116.0 Ayer
6360.0 15464.0 172.0 92.0 for
6636.0 15464.0 444.0 112.0 Injuries
7164.0 15476.0 184.0 88.0 suf

5272.0 15584.0 280.0 96.0 fered
5640.0 15588.0 104.0 92.0 In
5840.0 15616.0 144.0 68.0 an
6068.0 15596.0 464.0 92.0 accident
6636.0 15604.0 532.0 112.0 Involving
7248.0 15632.0 148.0 68.0 an

5260.0 15744.0 288.0 88.0 army
5632.0 15736.0 320.0 84.0 truck
6048.0 15748.0 240.0 72.0 near
6368.0 15736.0 692.0 96.0 Dodsonvllle
7140.0 15740.0 248.0 116.0 Sep-

5264.0 15872.0 72.0 72.0 n
5376.0 15872.0 280.0 72.0 inner
5728.0 15872.0 148.0 88.0 24,
5968.0 15872.0 236.0 84.0 l'.Ki.l.

1504.0 22328.0 316.0 64.0 vr'vv
1920.0 22332.0 80.0 68.0 (-r'
2056.0 22372.0 16.0 20.0 ,
2072.0 22332.0 88.0 60.0 ;r
2412.0 22352.0 60.0 44.0 'i
2564.0 22360.0 24.0 32.0 1
2624.0 22336.0 24.0 44.0 '

1892.0 23552.0 592.0 292.0 FOR
2688.0 23564.0 1652.0 300.0 PERSONAL
4532.0 23584.0 2328.0 308.0 INDEPENDENCE

1888.0 24292.0 76.0 80.0 .
2100.0 24296.0 68.0 80.0 .
2296.0 24300.0 60.0 76.0 .
2492.0 24088.0 832.0 296.0 Jaoe
3516.0 24068.0 772.0 436.0 tjowi
4456.0 24072.0 684.0 332.0 Own
5520.0 24084.0 1336.0 460.0 el&pluuiz

1896.0 24712.0 468.0 456.0 BE
2400.0 24720.0 268.0 160.0 free
2720.0 24772.0 152.0 108.0 to
2920.0 24780.0 216.0 104.0 use
3188.0 24784.0 80.0 96.0 a
3324.0 24736.0 720.0 200.0 telephone
4096.0 24740.0 168.0 156.0 of
4300.0 24800.0 324.0 144.0 your
4672.0 24804.0 384.0 132.0 own,
5116.0 24812.0 248.0 144.0 any
5416.0 24764.0 396.0 184.0 time,
5868.0 24768.0 240.0 196.0 day
6164.0 24824.0 172.0 100.0 or
6384.0 24784.0 464.0 188.0 night.

2296.0 25020.0 128.0 148.0 It
2480.0 25016.0 552.0 156.0 releases
3080.0 25076.0 280.0 144.0 you
3424.0 25028.0 348.0 152.0 from
3840.0 25036.0 244.0 148.0 the
4136.0 25040.0 1100.0 160.0 embarrassment
5288.0 25056.0 140.0 148.0 of
5492.0 25064.0 696.0 200.0 annoying
6236.0 25116.0 80.0 96.0 a
6380.0 25068.0 416.0 200.0 neigh-

1904.0 25304.0 300.0 180.0 bor,
2268.0 25304.0 348.0 156.0 from
2696.0 25312.0 232.0 152.0 the
2992.0 25312.0 1044.0 164.0 inconvenience
4104.0 25332.0 164.0 144.0 of
4332.0 25332.0 416.0 200.0 going
4816.0 25384.0 156.0 104.0 to
5040.0 25396.0 68.0 96.0 a
5184.0 25392.0 256.0 152.0 pay
5516.0 25356.0 552.0 180.0 station,
6140.0 25356.0 284.0 156.0 and
6504.0 25360.0 344.0 152.0 from

1908.0 25592.0 240.0 156.0 the
2208.0 25592.0 664.0 208.0 drudgery
2928.0 25608.0 136.0 148.0 of
3136.0 25608.0 240.0 152.0 the
3440.0 25612.0 684.0 152.0 countless
4192.0 25624.0 520.0 148.0 errands
4784.0 25684.0 276.0 136.0 you
5132.0 25692.0 304.0 92.0 now
5504.0 25692.0 304.0 100.0 run.

1904.0 26020.0 132.0 152.0 It
2112.0 26068.0 352.0 104.0 costs
2536.0 26028.0 336.0 192.0 only
2936.0 26072.0 76.0 100.0 a
3080.0 26024.0 280.0 152.0 few
3432.0 26084.0 364.0 100.0 cents
3872.0 26092.0 80.0 96.0 a
4032.0 26040.0 268.0 200.0 day
4376.0 26088.0 140.0 104.0 to
4592.0 26052.0 492.0 152.0 realize
5160.0 26068.0 624.0 188.0 personal
5868.0 26068.0 976.0 208.0 independence

1908.0 26312.0 608.0 196.0 through
2596.0 26316.0 280.0 148.0 this
2936.0 26320.0 624.0 196.0 priceless
3624.0 26332.0 552.0 152.0 service.
4244.0 26332.0 424.0 152.0 Order
4732.0 26396.0 348.0 140.0 your
5144.0 26352.0 716.0 192.0 telephone
5924.0 26364.0 472.0 196.0 today.

7524.0 14504.0 332.0 96.0 donna
7960.0 14532.0 272.0 84.0 gave
8340.0 14512.0 564.0 100.0 indication
9012.0 14524.0 116.0 88.0 to
9224.0 14524.0 168.0 96.0 the
9492.0 14524.0 136.0 96.0 DI

7524.0 14636.0 384.0 96.0 Glulios
7992.0 14644.0 240.0 92.0 that
8320.0 14652.0 260.0 88.0 their
8660.0 14652.0 300.0 92.0 Rosa
9048.0 14652.0 196.0 96.0 had
9324.0 14664.0 304.0 108.0 spent

7528.0 14792.0 240.0 72.0 time
7832.0 14792.0 200.0 76.0 and
8112.0 14800.0 376.0 100.0 money
8548.0 14792.0 364.0 108.0 wisely
8980.0 14796.0 208.0 92.0 and
9256.0 14796.0 248.0 92.0 well.

7632.0 14916.0 284.0 92.0 Since
7984.0 14920.0 220.0 96.0 this
8268.0 14936.0 408.0 92.0 concert
8748.0 14928.0 272.0 96.0 Miss
9088.0 14932.0 128.0 96.0 DI
9276.0 14932.0 340.0 96.0 Glullo

7520.0 15052.0 180.0 92.0 has
7772.0 15056.0 196.0 96.0 had
8048.0 15056.0 424.0 104.0 further
8540.0 15068.0 512.0 112.0 training,
9132.0 15072.0 172.0 92.0 but
9372.0 15076.0 112.0 88.0 of
9556.0 15104.0 60.0 64.0 a

7524.0 15192.0 484.0 112.0 practical
8072.0 15204.0 400.0 88.0 nature.
8532.0 15200.0 208.0 96.0 The
8804.0 15216.0 432.0 84.0 concert
9292.0 15216.0 324.0 108.0 stage,

12824.0 3848.0 216.0 328.0 k

14660.0 1904.0 180.0 96.0 Cod
14956.0 1908.0 124.0 84.0 Ms

14776.0 2032.0 240.0 92.0 4671

17744.0 1880.0 60.0 88.0 4
17868.0 1872.0 292.0 96.0 PROO

15576.0 1992.0 264.0 376.0 A

15312.0 2368.0 288.0 304.0 J
15784.0 2368.0 184.0 296.0 v

15984.0 2384.0 576.0 272.0 ow

15320.0 3192.0 1984.0 288.0 VAILABLE

14708.0 3784.0 296.0 164.0 The
15052.0 3800.0 564.0 204.0 Cognac
15656.0 3776.0 376.0 164.0 with
16076.0 3776.0 244.0 160.0 the
16364.0 3772.0 788.0 160.0 distinctive

14708.0 4108.0 444.0 156.0 flavor
15276.0 4100.0 328.0 164.0 that
15724.0 4160.0 432.0 100.0 comes
16268.0 4096.0 352.0 160.0 from
16740.0 4108.0 412.0 204.0 using

14888.0 4424.0 340.0 212.0 only
15308.0 4420.0 244.0 164.0 the
15632.0 4420.0 552.0 160.0 costlier
16260.0 4408.0 708.0 168.0 brandies.

15556.0 4696.0 108.0 108.0 $4
15696.0 4704.0 120.0 88.0 01
15864.0 4704.0 136.0 84.0 Hw
16048.0 4696.0 260.0 92.0 bowl.

14520.0 4896.0 2808.0 392.0 COURVOISIER

14804.0 5420.0 148.0 100.0 All
14984.0 5424.0 484.0 92.0 Ctmrwisitr
15500.0 5420.0 296.0 96.0 Gnac
15836.0 5412.0 212.0 100.0 hats
16092.0 5408.0 120.0 100.0 till
16264.0 5408.0 452.0 132.0 RttfitmJ
16756.0 5408.0 280.0 96.0 Phrtu

14568.0 5656.0 600.0 124.0 "THE
15376.0 5648.0 900.0 132.0 BRANDY
16460.0 5648.0 276.0 120.0 OF
16924.0 5636.0 1416.0 136.0 NAPOLEON"

17584.0 4436.0 752.0 204.0 JbuRvoisiiJ

16048.0 5864.0 184.0 60.0 BID.
16272.0 5856.0 160.0 68.0 O.i.
16472.0 5856.0 180.0 60.0 TIT.
16688.0 5852.0 180.0 68.0 Oft.

15352.0 6120.0 616.0 136.0 Exclusive
16032.0 6116.0 812.0 140.0 Distributors
16884.0 6116.0 224.0 184.0 for
17172.0 6104.0 376.0 144.0 Ohio:

14560.0 6372.0 444.0 128.0 THE
15120.0 6368.0 996.0 124.0 HOWARD
16232.0 6364.0 920.0 128.0 BERNON
17264.0 6352.0 1076.0 136.0 COMPANY

15160.0 6600.0 384.0 100.0 tOOt
15616.0 6600.0 600.0 100.0 r.hrsttrr
16272.0 6604.0 636.0 124.0 Avrnur,
16972.0 6592.0 760.0 108.0 Cleveland

11184.0 9660.0 444.0 128.0 ROSA
11732.0 9664.0 164.0 128.0 DI
11992.0 9668.0 568.0 128.0 GIULIO

9752.0 9892.0 496.0 96.0 theaters,
10392.0 9920.0 256.0 72.0 even
10756.0 9904.0 308.0 104.0 night
11200.0 9904.0 296.0 92.0 clubs
11636.0 9904.0 272.0 92.0 have
12024.0 9908.0 240.0 112.0 ably
12328.0 9908.0 384.0 96.0 hidden
12780.0 9912.0 100.0 92.0 in
12952.0 9944.0 64.0 68.0 a
13080.0 9916.0 288.0 100.0 sack,
13424.0 9940.0 220.0 64.0 was
13708.0 9908.0 436.0 120.0 exposed

9752.0 10024.0 252.0 100.0 been
10084.0 10052.0 388.0 72.0 scenes
10548.0 10036.0 112.0 88.0 of
10728.0 10040.0 360.0 92.0 action
11180.0 10044.0 160.0 88.0 for
11424.0 10044.0 192.0 92.0 her
11696.0 10044.0 208.0 92.0 and
11956.0 10000.0 12.0 136.0 !
12028.0 10048.0 308.0 92.0 while
12416.0 10052.0 536.0 104.0 Rigolctto
13028.0 10076.0 268.0 88.0 sang
13364.0 10060.0 112.0 92.0 of
13548.0 10056.0 164.0 92.0 his
13788.0 10076.0 320.0 84.0 venge-

9748.0 10168.0 188.0 88.0 sha
10008.0 10168.0 192.0 92.0 has
10288.0 10168.0 268.0 92.0 built
10620.0 10200.0 64.0 64.0 a
10752.0 10176.0 272.0 92.0 solid
11100.0 10180.0 616.0 108.0 reputation
11792.0 10204.0 116.0 64.0 as
12020.0 10212.0 268.0 64.0 ance
12372.0 10212.0 128.0 64.0 on
12584.0 10188.0 168.0 92.0 the
12836.0 10192.0 344.0 92.0 Duke.

12128.0 10316.0 488.0 116.0 Cooking
12708.0 10324.0 84.0 88.0 is
12896.0 10324.0 264.0 92.0 Miss
13256.0 10320.0 120.0 100.0 DI
13468.0 10324.0 436.0 96.0 Gitilio's
14000.0 10324.0 108.0 92.0 fa-

12012.0 10464.0 340.0 92.0 vorite
12492.0 10464.0 332.0 116.0 hobby
12976.0 10472.0 208.0 88.0 nnd
13324.0 10472.0 528.0 108.0 spaghetti
13984.0 10484.0 160.0 76.0 (an

12012.0 10616.0 296.0 72.0 more
12420.0 10604.0 252.0 92.0 than
12780.0 10624.0 200.0 68.0 one
13096.0 10604.0 744.0 92.0 Cincinnatian
13952.0 10628.0 192.0 64.0 can

12008.0 10732.0 388.0 92.0 attest)
12516.0 10736.0 180.0 92.0 her
12800.0 10744.0 280.0 88.0 most
13184.0 10744.0 584.0 92.0 successful
13884.0 10740.0 260.0 92.0 dish.

12020.0 10864.0 212.0 92.0 She
12328.0 10868.0 264.0 96.0 likes
12680.0 10876.0 104.0 84.0 to
12876.0 10876.0 300.0 92.0 relax
13260.0 10872.0 96.0 96.0 in
13456.0 10876.0 404.0 92.0 motion
13944.0 10880.0 164.0 112.0 pic-

12016.0 11008.0 328.0 104.0 tures,
12404.0 11008.0 564.0 120.0 especially
13020.0 11016.0 300.0 88.0 those
13372.0 11016.0 252.0 88.0 with
13684.0 11020.0 464.0 104.0 operatic

12012.0 11168.0 612.0 88.0 sequences,
12704.0 11152.0 212.0 88.0 and
13004.0 11152.0 312.0 88.0 reads
13392.0 11152.0 208.0 88.0 and
13688.0 11156.0 212.0 88.0 still
13980.0 11176.0 128.0 64.0 en-

12012.0 11280.0 236.0 116.0 Joys
12384.0 11288.0 176.0 92.0 the
12688.0 11288.0 296.0 92.0 thrill
13120.0 11292.0 112.0 92.0 of
13356.0 11288.0 436.0 112.0 visiting
13920.0 11312.0 228.0 68.0 new

12012.0 11420.0 388.0 108.0 places.

12120.0 11564.0 772.0 96.0 Conversation
12984.0 11568.0 500.0 96.0 discloses
13568.0 11568.0 240.0 92.0 that
13888.0 11568.0 252.0 92.0 Miss

12004.0 11700.0 124.0 92.0 DI
12188.0 11704.0 356.0 88.0 Giulio
12600.0 11704.0 84.0 88.0 is
12740.0 11708.0 172.0 92.0 for
12972.0 11728.0 400.0 68.0 women
13432.0 11708.0 100.0 88.0 in
13596.0 11712.0 184.0 88.0 the
13836.0 11708.0 304.0 88.0 home

11996.0 11840.0 212.0 88.0 and
12324.0 11836.0 104.0 88.0 in
12540.0 11860.0 348.0 88.0 opera.
13036.0 11844.0 124.0 88.0 In
13292.0 11844.0 296.0 88.0 short
13736.0 11864.0 396.0 68.0 women

11996.0 11968.0 384.0 100.0 should
12460.0 11976.0 348.0 88.0 follow
12892.0 11976.0 420.0 92.0 artistic
13392.0 11984.0 496.0 104.0 pursuits.

12116.0 12108.0 152.0 92.0 To
12356.0 12112.0 500.0 88.0 conclude
12944.0 12140.0 136.0 64.0 on
13168.0 12140.0 312.0 84.0 opeia
13560.0 12180.0 24.0 28.0 .
13668.0 12180.0 20.0 28.0 .
13780.0 12184.0 20.0 28.0 ,
13888.0 12120.0 248.0 88.0 Miss

12012.0 12240.0 120.0 96.0 Di
12228.0 12244.0 352.0 92.0 Giulio
12668.0 12256.0 80.0 88.0 Is
12840.0 12248.0 176.0 92.0 for
13104.0 12248.0 436.0 112.0 English
13632.0 12248.0 504.0 108.0 librettos,

11992.0 12384.0 188.0 88.0 but
12248.0 12384.0 248.0 116.0 only
12572.0 12392.0 292.0 88.0 when
12940.0 12396.0 264.0 84.0 such
13276.0 12392.0 480.0 88.0 librettos
13828.0 12392.0 308.0 96.0 make

11992.0 12540.0 344.0 68.0 SCIIHC.

9748.0 10320.0 132.0 72.0 an
9960.0 10308.0 348.0 88.0 artist.
10436.0 10304.0 204.0 96.0 But
10712.0 10332.0 328.0 88.0 opera
11124.0 10312.0 188.0 92.0 has
11392.0 10316.0 184.0 96.0 the
11660.0 10316.0 232.0 92.0 first

9744.0 10436.0 196.0 92.0 call
10004.0 10464.0 124.0 68.0 on
10204.0 10444.0 200.0 92.0 her
10472.0 10444.0 456.0 96.0 services
10992.0 10452.0 208.0 92.0 and
11268.0 10452.0 460.0 92.0 because
11796.0 10456.0 112.0 88.0 of

9752.0 10576.0 184.0 92.0 her
10036.0 10576.0 552.0 96.0 extensive
10696.0 10584.0 400.0 92.0 travels
11204.0 10596.0 412.0 88.0 around
11732.0 10592.0 172.0 88.0 the

9744.0 10712.0 472.0 112.0 country,
10292.0 10716.0 192.0 88.0 she
10556.0 10720.0 184.0 92.0 has
10804.0 10720.0 216.0 96.0 had
11080.0 10724.0 384.0 108.0 golden
11528.0 10748.0 340.0 92.0 oppor-

9748.0 10848.0 336.0 112.0 tunity
10176.0 10852.0 120.0 88.0 to
10412.0 10852.0 232.0 112.0 sing
10744.0 10856.0 100.0 92.0 in
10968.0 10876.0 316.0 92.0 many
11384.0 10860.0 476.0 112.0 perform-

9744.0 11000.0 336.0 76.0 ances.
10204.0 10988.0 232.0 92.0 Her
10520.0 10992.0 508.0 108.0 standing
11108.0 11000.0 100.0 88.0 in
11292.0 11000.0 184.0 88.0 tha
11564.0 11000.0 336.0 92.0 music

9744.0 11120.0 316.0 96.0 world
10136.0 11116.0 96.0 100.0 Is
10308.0 11128.0 260.0 92.0 such
10644.0 11132.0 236.0 88.0 that
10960.0 11132.0 192.0 92.0 she
11220.0 11136.0 300.0 108.0 sings
11596.0 11160.0 260.0 88.0 regu-

9744.0 11244.0 260.0 116.0 larly
10092.0 11252.0 268.0 92.0 with
10464.0 11256.0 172.0 92.0 the
10736.0 11256.0 720.0 116.0 Hippodrome
11552.0 11268.0 356.0 112.0 Opera

9736.0 11412.0 356.0 88.0 group,
10176.0 11416.0 212.0 68.0 one
10472.0 11400.0 108.0 88.0 of
10656.0 11404.0 176.0 88.0 the
10912.0 11416.0 524.0 100.0 youngest
11516.0 11412.0 380.0 88.0 artists

9744.0 11552.0 128.0 68.0 on
9952.0 11532.0 176.0 88.0 the
10220.0 11540.0 376.0 84.0 roster.
10708.0 11540.0 204.0 88.0 She
11000.0 11540.0 192.0 92.0 has
11272.0 11568.0 280.0 92.0 sung
11644.0 11548.0 252.0 88.0 with

9740.0 11652.0 280.0 112.0 large
10152.0 11684.0 340.0 88.0 opera
10624.0 11676.0 616.0 100.0 companies
11384.0 11672.0 104.0 88.0 in
11636.0 11672.0 228.0 96.0 Cali-

9740.0 11792.0 368.0 104.0 fornia,
10200.0 11800.0 496.0 108.0 Chicago,
10780.0 11804.0 216.0 92.0 and
11076.0 11812.0 448.0 92.0 Detroit.

9856.0 11936.0 304.0 96.0 Gllda
10280.0 11940.0 216.0 92.0 still
10628.0 11944.0 84.0 88.0 is
10832.0 11948.0 260.0 88.0 Miss
11204.0 11952.0 128.0 88.0 Di
11448.0 11948.0 444.0 96.0 Glulio's

9740.0 12064.0 300.0 116.0 lucky
10136.0 12080.0 252.0 104.0 part
10464.0 12076.0 200.0 88.0 and
10752.0 12080.0 192.0 88.0 alio
11040.0 12084.0 84.0 84.0 is
11216.0 12084.0 356.0 108.0 happy
11664.0 12080.0 228.0 96.0 that

9740.0 12208.0 76.0 96.0 it
9896.0 12232.0 212.0 68.0 was
10200.0 12216.0 456.0 92.0 selected
10744.0 12220.0 168.0 88.0 for
11000.0 12220.0 184.0 92.0 her
11272.0 12224.0 612.0 92.0 Cincinnati

9736.0 12344.0 548.0 104.0 premiere.
10408.0 12348.0 200.0 92.0 Rut
10664.0 12352.0 312.0 88.0 other
11036.0 12356.0 248.0 88.0 than
11348.0 12356.0 184.0 88.0 the
11592.0 12360.0 268.0 104.0 "Rig-

9736.0 12472.0 372.0 92.0 olelto"
10172.0 12476.0 252.0 104.0 role,
10484.0 12484.0 176.0 88.0 she
10720.0 12484.0 88.0 88.0 is
10864.0 12484.0 344.0 116.0 happy
11260.0 12516.0 124.0 64.0 as
11448.0 12492.0 448.0 92.0 Micaela

9736.0 12616.0 96.0 88.0 In
9920.0 12616.0 612.0 104.0 "Carmen,"
10620.0 12620.0 292.0 96.0 Mimi
11012.0 12656.0 116.0 60.0 or
11220.0 12628.0 476.0 96.0 Musetta
11784.0 12628.0 100.0 88.0 in

9744.0 12748.0 200.0 96.0 "La
10068.0 12748.0 564.0 108.0 Boheme,"
10748.0 12756.0 380.0 96.0 Nedda
11244.0 12768.0 104.0 88.0 in
11476.0 12764.0 368.0 108.0 "Pagll-

9732.0 12888.0 304.0 100.0 acci,"
10116.0 12892.0 400.0 96.0 Amina
10588.0 12896.0 96.0 92.0 in
10776.0 12896.0 216.0 100.0 "Ii
11068.0 12904.0 816.0 104.0 Sonnambulo,"

9740.0 13016.0 312.0 96.0 Lucia
10148.0 13024.0 116.0 92.0 In
10360.0 13024.0 376.0 96.0 "Lucia
10832.0 13032.0 136.0 92.0 DI
11064.0 13032.0 832.0 96.0 Lammermoor'

9740.0 13160.0 396.0 92.0 Norlna
10204.0 13160.0 108.0 92.0 in
10376.0 13156.0 288.0 100.0 "Don
10732.0 13164.0 616.0 116.0 Pasquale,"
11412.0 13180.0 220.0 88.0 and
11696.0 13176.0 164.0 92.0 Ro-

9732.0 13304.0 224.0 92.0 sina
10020.0 13300.0 108.0 96.0 In
10204.0 13304.0 188.0 92.0 the
10456.0 13304.0 464.0 100.0 "Barber
10988.0 13316.0 116.0 88.0 of
11168.0 13312.0 480.0 96.0 Seville."

9856.0 13432.0 348.0 116.0 Gllda,
10280.0 13460.0 124.0 72.0 as
10480.0 13444.0 252.0 104.0 said,
10812.0 13444.0 92.0 92.0 Is
10980.0 13444.0 188.0 96.0 her
11236.0 13452.0 288.0 88.0 most
11608.0 13448.0 272.0 92.0 liked

9728.0 13568.0 236.0 112.0 role,
10052.0 13580.0 180.0 92.0 for
10320.0 13584.0 684.0 88.0 sentimental
11104.0 13608.0 488.0 92.0 reasons;
11696.0 13592.0 184.0 88.0 her

9740.0 13712.0 448.0 92.0 favoilte
10252.0 13716.0 232.0 92.0 aria
10544.0 13720.0 84.0 88.0 is
10692.0 13724.0 228.0 88.0 One
10984.0 13724.0 252.0 92.0 Fine
11300.0 13728.0 240.0 116.0 Day
11604.0 13732.0 276.0 92.0 from

9740.0 13848.0 720.0 116.0 "Butterfly;"
10552.0 13856.0 188.0 88.0 she
10844.0 13852.0 452.0 96.0 believes
11408.0 13864.0 476.0 92.0 Musetta

9736.0 13988.0 96.0 92.0 In
9932.0 13988.0 592.0 92.0 "Boheme"
10628.0 13996.0 84.0 88.0 Is
10816.0 14020.0 68.0 72.0 a
10980.0 14000.0 568.0 96.0 thankless
11668.0 14000.0 208.0 92.0 role

9728.0 14128.0 400.0 108.0 despite
10188.0 14128.0 148.0 88.0 lt9
10400.0 14132.0 656.0 108.0 importance
11116.0 14144.0 104.0 84.0 In
11276.0 14140.0 188.0 92.0 the
11528.0 14160.0 344.0 92.0 opera.

9728.0 14272.0 208.0 84.0 Her
10000.0 14272.0 500.0 104.0 happiest
10560.0 14272.0 620.0 108.0 experience
11244.0 14304.0 136.0 64.0 on
11448.0 14304.0 68.0 68.0 a
11576.0 14284.0 296.0 104.0 stage

12384.0 12848.0 336.0 116.0 NEW
12800.0 12852.0 348.0 116.0 BASS
13224.0 12852.0 540.0 128.0 HEARD.

12100.0 13044.0 228.0 100.0 The
12392.0 13048.0 380.0 92.0 second
12824.0 13052.0 736.0 112.0 performance
13600.0 13060.0 112.0 88.0 of
13752.0 13060.0 396.0 96.0 Verdi's

11984.0 13212.0 396.0 92.0 "Aida"
12464.0 13216.0 200.0 92.0 last
12756.0 13220.0 312.0 108.0 night
13152.0 13220.0 344.0 92.0 defied
13580.0 13228.0 564.0 92.0 continued

11984.0 13380.0 332.0 116.0 chilly
12404.0 13380.0 472.0 96.0 weather
12976.0 13380.0 136.0 116.0 by
13196.0 13384.0 488.0 116.0 drawing
13772.0 13412.0 132.0 72.0 an
13996.0 13396.0 112.0 88.0 at-

11984.0 13544.0 532.0 96.0 tendance
12568.0 13544.0 348.0 96.0 which
12976.0 13552.0 560.0 108.0 compared
13592.0 13556.0 556.0 116.0 favorably

11984.0 13708.0 264.0 92.0 with
12364.0 13712.0 180.0 92.0 the
12652.0 13720.0 380.0 92.0 record
13152.0 13728.0 452.0 100.0 opening
13720.0 13720.0 112.0 92.0 of
13944.0 13720.0 200.0 92.0 last

11980.0 13844.0 444.0 116.0 Sunday
12500.0 13844.0 332.0 112.0 night.
12972.0 13848.0 280.0 92.0 Nino
13328.0 13852.0 508.0 108.0 Carbone,
13916.0 13880.0 232.0 68.0 new

11984.0 13980.0 320.0 92.0 basso
12412.0 13984.0 276.0 92.0 from
12796.0 13984.0 188.0 92.0 the
13100.0 13984.0 296.0 96.0 Paris
13504.0 13988.0 380.0 112.0 Opera,
13992.0 14016.0 112.0 68.0 re-

11980.0 14116.0 372.0 112.0 placed
12432.0 14120.0 476.0 88.0 Norman
12984.0 14116.0 408.0 96.0 Cordon
13468.0 14120.0 112.0 92.0 in
13652.0 14128.0 176.0 88.0 the
13904.0 14132.0 236.0 108.0 part

11976.0 14252.0 116.0 88.0 of
12180.0 14252.0 452.0 92.0 Ramfis.
12772.0 14256.0 212.0 88.0 His
13068.0 14256.0 316.0 104.0 voice,
13464.0 14256.0 404.0 104.0 though
13960.0 14272.0 180.0 80.0 not

9728.0 14404.0 508.0 88.0 occurred
10332.0 14408.0 112.0 92.0 at
10520.0 14404.0 184.0 96.0 her
10784.0 14408.0 252.0 88.0 first
11124.0 14416.0 484.0 104.0 concert;
11696.0 14388.0 392.0 120.0 heriof
12196.0 14388.0 824.0 112.0 extraordinary
13116.0 14412.0 372.0 92.0 power,
13592.0 14420.0 220.0 68.0 was
13908.0 14400.0 228.0 88.0 well

9728.0 14544.0 308.0 88.0 worst
10132.0 14544.0 312.0 84.0 when
10528.0 14544.0 184.0 92.0 she
10812.0 14544.0 180.0 92.0 fell
11080.0 14548.0 308.0 92.0 twice
11480.0 14552.0 112.0 92.0 In
11680.0 14580.0 192.0 64.0 one

9732.0 14668.0 308.0 100.0 week,
10116.0 14672.0 444.0 108.0 making
10624.0 14680.0 308.0 104.0 stage
10996.0 14688.0 616.0 108.0 entrances;
11696.0 14692.0 180.0 92.0 her

9724.0 14796.0 360.0 96.0 oddest
10188.0 14808.0 468.0 88.0 moment
10748.0 14812.0 428.0 92.0 arrived
11272.0 14812.0 320.0 96.0 when
11684.0 14820.0 188.0 92.0 she

9724.0 14944.0 436.0 112.0 slopped
10260.0 14948.0 180.0 92.0 the
10520.0 14952.0 292.0 88.0 show
10892.0 14976.0 120.0 68.0 as
11104.0 14956.0 500.0 108.0 Micaela;
11696.0 14968.0 176.0 88.0 the

9724.0 15076.0 472.0 96.0 funniest
10292.0 15084.0 380.0 112.0 during
10768.0 15116.0 64.0 68.0 a
10924.0 15092.0 752.0 108.0 performance
11764.0 15104.0 112.0 92.0 of

9732.0 15208.0 664.0 112.0 "Rlgoletto"
10476.0 15220.0 204.0 92.0 and
10772.0 15220.0 196.0 96.0 her
11052.0 15224.0 264.0 108.0 face,
11404.0 15252.0 468.0 88.0 presum-

11980.0 14524.0 476.0 92.0 rounded
12556.0 14524.0 208.0 92.0 and
12876.0 14528.0 124.0 88.0 of
13096.0 14528.0 508.0 92.0 excellent
13708.0 14532.0 428.0 112.0 quality,

11928.0 14648.0 8.0 124.0 I
11972.0 14656.0 444.0 116.0 lending
12500.0 14660.0 312.0 92.0 much
12900.0 14664.0 116.0 88.0 to
13096.0 14688.0 136.0 64.0 an
13320.0 14664.0 812.0 112.0 Interpretation

11972.0 14796.0 352.0 88.0 which
12404.0 14796.0 416.0 88.0 showed
12904.0 14820.0 64.0 64.0 a
13052.0 14796.0 464.0 108.0 polished
13596.0 14804.0 532.0 104.0 maturity.

14560.0 7472.0 832.0 300.0 Your
15592.0 7456.0 1364.0 356.0 Savings
17300.0 7748.0 40.0 52.0 .

15448.0 7964.0 608.0 300.0 and

14812.0 8468.0 836.0 300.0 Your
15852.0 8452.0 888.0 308.0 Bank

15520.0 8936.0 220.0 132.0 We
15800.0 8936.0 424.0 128.0 should
16292.0 8936.0 236.0 128.0 like
16592.0 8964.0 128.0 100.0 to
16780.0 8928.0 508.0 132.0 number
17344.0 8920.0 360.0 140.0 YOU
17752.0 8972.0 136.0 80.0 as
17944.0 8972.0 228.0 80.0 one
18236.0 8916.0 132.0 136.0 of

15348.0 9160.0 212.0 80.0 our
15652.0 9108.0 412.0 156.0 family
16152.0 9108.0 136.0 128.0 of
16380.0 9104.0 752.0 156.0 Depositors.
17276.0 9100.0 380.0 152.0 Large
17752.0 9144.0 140.0 76.0 or
17984.0 9092.0 380.0 140.0 small,

15336.0 9332.0 300.0 104.0 your
15704.0 9308.0 504.0 100.0 account
16276.0 9288.0 100.0 116.0 is
16448.0 9276.0 576.0 128.0 welcome
17096.0 9272.0 248.0 132.0 and
17420.0 9324.0 176.0 76.0 we
17672.0 9320.0 220.0 76.0 can
17968.0 9316.0 408.0 80.0 assure

15336.0 9504.0 232.0 104.0 you
15632.0 9480.0 516.0 128.0 prompt,
16224.0 9448.0 560.0 156.0 friendly,
16856.0 9476.0 640.0 100.0 courteous
17548.0 9448.0 644.0 120.0 attention.

15508.0 9824.0 288.0 128.0 This
15844.0 9824.0 332.0 128.0 Bank
16232.0 9832.0 92.0 120.0 is
16372.0 9824.0 580.0 152.0 centrally
17004.0 9816.0 532.0 144.0 located;
17592.0 9824.0 92.0 120.0 is
17732.0 9864.0 588.0 80.0 conserva-

15340.0 10000.0 360.0 148.0 tively
15792.0 9992.0 660.0 156.0 managed;
16556.0 9996.0 212.0 128.0 has
16856.0 10048.0 68.0 72.0 a
17024.0 9988.0 428.0 132.0 record
17548.0 9992.0 128.0 124.0 of
17776.0 9984.0 592.0 132.0 Nineteen

15340.0 10168.0 368.0 128.0 Years
15772.0 10172.0 124.0 124.0 of
15956.0 10168.0 480.0 128.0 Service
16500.0 10164.0 240.0 132.0 and
16804.0 10164.0 468.0 152.0 Safety;
17344.0 10172.0 92.0 116.0 is
17496.0 10216.0 64.0 76.0 a
17624.0 10156.0 552.0 132.0 member
18240.0 10164.0 132.0 124.0 of

15340.0 10344.0 188.0 124.0 the
15628.0 10336.0 484.0 132.0 Federal
16216.0 10340.0 512.0 148.0 Deposit
16828.0 10336.0 632.0 128.0 Insurance
17548.0 10332.0 820.0 152.0 Corporation

15336.0 10508.0 236.0 128.0 and
15676.0 10564.0 292.0 104.0 pays
16064.0 10508.0 200.0 128.0 the
16368.0 10508.0 464.0 156.0 highest
16928.0 10540.0 256.0 96.0 rate
17284.0 10508.0 132.0 124.0 of
17516.0 10516.0 484.0 116.0 interest
18100.0 10556.0 216.0 104.0 per-

15332.0 10680.0 420.0 128.0 mitted
15816.0 10684.0 160.0 152.0 by
16036.0 10684.0 196.0 124.0 the
16300.0 10680.0 732.0 152.0 regulations
17092.0 10680.0 132.0 128.0 of
17292.0 10676.0 196.0 128.0 the
17552.0 10672.0 508.0 132.0 Federal
18128.0 10672.0 184.0 132.0 De-

15328.0 10864.0 312.0 144.0 posit
15716.0 10852.0 624.0 128.0 Insurance
16420.0 10852.0 848.0 156.0 Corporation.

16104.0 11960.0 404.0 128.0 PAID
16576.0 11964.0 216.0 128.0 ON
16860.0 11964.0 704.0 132.0 SAVINGS

15500.0 12300.0 328.0 124.0 Your
15908.0 12300.0 588.0 152.0 deposits,
16596.0 12300.0 368.0 128.0 which
17060.0 12352.0 200.0 76.0 are
17356.0 12300.0 476.0 128.0 insured
17948.0 12304.0 232.0 124.0 100

15316.0 12524.0 152.0 100.0 up
15532.0 12500.0 124.0 96.0 to
15720.0 12468.0 468.0 144.0 $5,000
16252.0 12468.0 336.0 144.0 each,
16652.0 12524.0 196.0 72.0 are
16912.0 12472.0 292.0 128.0 used
17268.0 12480.0 116.0 120.0 in
17444.0 12472.0 492.0 156.0 making
17996.0 12472.0 344.0 132.0 small

15324.0 12640.0 336.0 124.0 loans
15764.0 12648.0 184.0 124.0 for
16048.0 12648.0 800.0 120.0 constructive
16952.0 12692.0 592.0 104.0 purposes
17648.0 12676.0 124.0 96.0 to
17880.0 12648.0 468.0 152.0 worthy

15320.0 12812.0 400.0 124.0 fellow
15784.0 12820.0 508.0 120.0 citizens.

15388.0 13112.0 364.0 132.0 Make
15812.0 13112.0 284.0 128.0 This
16160.0 13108.0 352.0 132.0 Bank
16576.0 13112.0 456.0 136.0 YOUR
17096.0 13112.0 344.0 132.0 Bank

14784.0 13720.0 1496.0 512.0 (M0MIS
16376.0 13856.0 864.0 352.0 PIAH
17408.0 13888.0 896.0 352.0 BANK

14428.0 14348.0 572.0 128.0 117KaM
15068.0 14348.0 344.0 124.0 Sixth
15480.0 14348.0 176.0 128.0 St.
15720.0 14352.0 40.0 144.0 (
15796.0 14352.0 572.0 124.0 Between
16412.0 14356.0 500.0 124.0 Walnut
16956.0 14356.0 244.0 124.0 and
17276.0 14352.0 472.0 152.0 Main).
17820.0 14356.0 232.0 128.0 MA
18092.0 14360.0 80.0 124.0 2
18208.0 14356.0 244.0 128.0 100

8008.0 15624.0 1112.0 384.0 APOLOGY

7508.0 16332.0 500.0 220.0 Made
8144.0 16348.0 248.0 260.0 By
8504.0 16344.0 524.0 268.0 Navy
9156.0 16348.0 468.0 220.0 Chief

4376.0 26792.0 312.0 124.0 THE
4772.0 26804.0 980.0 132.0 CINCINNATI
5824.0 26820.0 100.0 120.0 &
5988.0 26828.0 844.0 136.0 SUBURBAN

4384.0 27052.0 400.0 128.0 BELL
4888.0 27056.0 996.0 144.0 TELEPHONE
5980.0 27080.0 852.0 144.0 COMPANY

4372.0 27312.0 528.0 104.0 CtmmmuU
4948.0 27316.0 144.0 128.0 Of
5096.0 27356.0 104.0 68.0 it:
5252.0 27328.0 164.0 104.0 US
5468.0 27324.0 116.0 108.0 E.
5632.0 27332.0 316.0 104.0 Fourth
6004.0 27340.0 160.0 124.0 St.,
6220.0 27344.0 312.0 108.0 CHerr
6636.0 27364.0 204.0 96.0 9900

7508.0 16924.0 136.0 124.0 To
7728.0 16928.0 376.0 128.0 Soict
8204.0 16928.0 192.0 132.0 For
8480.0 16932.0 472.0 136.0 Itcmark
9052.0 16944.0 556.0 160.0 Ifcferrinp;

7636.0 17132.0 136.0 124.0 To
7940.0 17128.0 520.0 128.0 Russians
8612.0 17144.0 140.0 124.0 As
8920.0 17140.0 500.0 132.0 Virlinilh

7808.0 17332.0 392.0 124.0 Slaves
8260.0 17336.0 140.0 124.0 Of
8448.0 17336.0 808.0 144.0 Orcani.aliuii.

7600.0 17832.0 728.0 116.0 Washington,
8492.0 17840.0 280.0 96.0 June
8956.0 17844.0 116.0 88.0 30
9192.0 17848.0 268.0 96.0 (AP)

7488.0 17996.0 544.0 120.0 Secretary
8108.0 18004.0 396.0 100.0 Cordell
8600.0 18008.0 264.0 100.0 Hull
8976.0 18024.0 608.0 92.0 announced

7488.0 18168.0 296.0 116.0 today
7928.0 18172.0 140.0 92.0 he
8208.0 18176.0 200.0 92.0 had
8484.0 18184.0 540.0 112.0 conveyed
9160.0 18192.0 104.0 84.0 to
9404.0 18188.0 180.0 92.0 the

7484.0 18336.0 332.0 96.0 Soviet
7908.0 18340.0 704.0 96.0 Government
8704.0 18368.0 140.0 72.0 an
8932.0 18352.0 432.0 116.0 apology
9448.0 18352.0 136.0 112.0 by

7484.0 18504.0 452.0 92.0 Admiral
8088.0 18508.0 440.0 96.0 William
8660.0 18512.0 128.0 92.0 D.
8932.0 18512.0 340.0 120.0 Iahy
9416.0 18520.0 168.0 92.0 for

7484.0 18672.0 512.0 112.0 referring
8092.0 18680.0 448.0 112.0 recently
8636.0 18680.0 116.0 92.0 to
8852.0 18688.0 180.0 88.0 the
9120.0 18684.0 452.0 96.0 Russian

7480.0 18836.0 344.0 116.0 people,
7920.0 18860.0 128.0 68.0 as
8140.0 18844.0 536.0 116.0 "virtually
8772.0 18852.0 344.0 92.0 slaves
9200.0 18856.0 104.0 92.0 of
9396.0 18856.0 180.0 92.0 the

7464.0 19004.0 392.0 92.0 central
7932.0 19008.0 816.0 108.0 organiiatlon."

7588.0 19172.0 204.0 92.0 The
7884.0 19176.0 304.0 92.0 State
8276.0 19180.0 700.0 116.0 Department
9072.0 19188.0 500.0 96.0 disclosed

7480.0 19340.0 160.0 92.0 the
7708.0 19344.0 356.0 96.0 Soviet
8132.0 19344.0 504.0 120.0 Embassy
8704.0 19356.0 316.0 92.0 made
9088.0 19360.0 484.0 92.0 Informal

7480.0 19512.0 880.0 112.0 representations
8428.0 19520.0 424.0 104.0 against
8928.0 19520.0 420.0 120.0 Leahy's
9420.0 19552.0 112.0 68.0 re-

7472.0 19672.0 376.0 112.0 marks,
7916.0 19680.0 348.0 96.0 which
8324.0 19708.0 256.0 72.0 were
8644.0 19696.0 560.0 88.0 contained
9268.0 19696.0 96.0 92.0 in
9432.0 19720.0 132.0 68.0 an

7472.0 19844.0 424.0 92.0 address
8012.0 19856.0 496.0 104.0 prepared
8616.0 19860.0 184.0 88.0 for
8908.0 19856.0 448.0 116.0 delivery
9464.0 19864.0 108.0 88.0 to

7472.0 20008.0 164.0 96.0 the
7752.0 20012.0 340.0 120.0 Army
8220.0 20012.0 568.0 104.0 Industrial
8912.0 20024.0 396.0 116.0 College
9432.0 20052.0 132.0 76.0 on

7464.0 20168.0 264.0 100.0 June
7804.0 20176.0 140.0 96.0 22.

7572.0 20332.0 380.0 124.0 Ieahy,
8032.0 20348.0 228.0 96.0 who
8332.0 20348.0 76.0 96.0 Is
8480.0 20352.0 176.0 92.0 the
8728.0 20356.0 296.0 96.0 chief
9088.0 20360.0 104.0 92.0 of
9256.0 20368.0 316.0 88.0 naval

7476.0 20516.0 628.0 112.0 operations,
8212.0 20528.0 576.0 108.0 responded
8900.0 20536.0 112.0 88.0 to
9108.0 20556.0 60.0 68.0 a
9272.0 20532.0 296.0 96.0 State

7468.0 20672.0 688.0 116.0 Department
8228.0 20688.0 400.0 116.0 Inquiry
8688.0 20700.0 632.0 112.0 concerning
9380.0 20704.0 184.0 92.0 the

7472.0 20848.0 448.0 96.0 incident
7996.0 20860.0 256.0 88.0 with
8324.0 20884.0 56.0 68.0 a
8448.0 20856.0 324.0 100.0 letter
8848.0 20864.0 104.0 92.0 in
9028.0 20868.0 320.0 92.0 which
9428.0 20868.0 132.0 96.0 he

7472.0 21032.0 204.0 72.0 was
7784.0 21016.0 236.0 96.0 said
8136.0 21028.0 108.0 88.0 to
8348.0 21024.0 260.0 92.0 have
8728.0 21040.0 544.0 104.0 expressed
9392.0 21036.0 164.0 92.0 his

7468.0 21184.0 448.0 92.0 "sincere
8020.0 21184.0 392.0 120.0 regret"
8560.0 21196.0 252.0 88.0 that
8968.0 21200.0 152.0 96.0 his
9216.0 21208.0 344.0 88.0 words

7460.0 21372.0 256.0 64.0 were
7796.0 21348.0 332.0 100.0 taken
8208.0 21380.0 116.0 68.0 as
8396.0 21380.0 56.0 68.0 a
8528.0 21364.0 556.0 96.0 reflection
9164.0 21388.0 124.0 72.0 on
9372.0 21372.0 184.0 92.0 the

7456.0 21516.0 448.0 96.0 Russian
7992.0 21528.0 352.0 112.0 people
8420.0 21552.0 112.0 68.0 or
8608.0 21528.0 188.0 96.0 the
8880.0 21536.0 324.0 96.0 Soviet
9284.0 21536.0 232.0 92.0 Gov

7456.0 21696.0 496.0 84.0 ernment.

7556.0 21852.0 552.0 116.0 Secretary
8172.0 21856.0 224.0 96.0 Hull
8456.0 21860.0 216.0 96.0 told
8744.0 21868.0 164.0 88.0 his
8968.0 21892.0 276.0 92.0 press
9304.0 21896.0 192.0 72.0 con

7456.0 22004.0 400.0 100.0 ference
7940.0 22020.0 456.0 96.0 Admiral
8472.0 22024.0 372.0 120.0 Leahy
8920.0 22044.0 452.0 92.0 averted
9460.0 22040.0 72.0 96.0 H

7444.0 22196.0 200.0 80.0 vas
7736.0 22184.0 184.0 88.0 not
8020.0 22188.0 156.0 92.0 his
8264.0 22192.0 516.0 92.0 intention
8880.0 22200.0 100.0 88.0 to
9060.0 22224.0 172.0 72.0 use
9324.0 22228.0 212.0 92.0 any

7452.0 22332.0 512.0 116.0 language
8040.0 22352.0 564.0 100.0 calculated
8688.0 22364.0 108.0 84.0 to
8876.0 22368.0 340.0 92.0 offend
9296.0 22372.0 236.0 96.0 that

7452.0 22508.0 460.0 116.0 country.

7560.0 22664.0 208.0 104.0 The
7884.0 22676.0 300.0 92.0 Stato
8288.0 22680.0 688.0 116.0 Department
9080.0 22700.0 96.0 88.0 in
9284.0 22700.0 248.0 96.0 turn

7448.0 22828.0 676.0 108.0 transmitted
8220.0 22840.0 436.0 120.0 Leahy's
8764.0 22852.0 288.0 96.0 letter
9148.0 22864.0 104.0 88.0 to
9352.0 22868.0 184.0 92.0 the

7444.0 22992.0 340.0 100.0 Soviet
7880.0 22996.0 512.0 124.0 Embassy
8484.0 23036.0 120.0 72.0 as
8708.0 23036.0 140.0 76.0 an
8936.0 23044.0 392.0 76.0 answer
9420.0 23028.0 112.0 96.0 to

7444.0 23164.0 128.0 92.0 Its
7644.0 23172.0 916.0 108.0 representations.

7548.0 23328.0 392.0 120.0 Leahy,
8028.0 23332.0 104.0 96.0 In
8212.0 23336.0 152.0 96.0 his
8444.0 23340.0 480.0 120.0 address,
9004.0 23348.0 528.0 104.0 described

7468.0 23492.0 556.0 100.0 industrial
8092.0 23504.0 756.0 108.0 preparedness
8908.0 23520.0 260.0 104.0 bteps
9228.0 23520.0 328.0 92.0 taken

7408.0 25488.0 816.0 272.0 WAKE
8312.0 25496.0 368.0 272.0 UP
8736.0 25504.0 792.0 280.0 YOUR

7448.0 25888.0 768.0 264.0 LIVER
8360.0 25896.0 544.0 264.0 BILE
9000.0 26096.0 56.0 64.0 .
9168.0 26104.0 56.0 64.0 .
9328.0 26104.0 56.0 72.0 .

7608.0 26228.0 380.0 104.0 Witlwit
8032.0 26232.0 696.0 108.0 CiWl-Asi
8772.0 26240.0 168.0 104.0 Yo.
8984.0 26244.0 52.0 100.0 ll
9076.0 26244.0 240.0 124.0 Jump

7604.0 26364.0 172.0 100.0 Oat
7804.0 26368.0 88.0 96.0 of
7924.0 26368.0 164.0 100.0 Bed
8120.0 26376.0 72.0 92.0 in
8220.0 26368.0 128.0 104.0 tin
8380.0 26368.0 384.0 128.0 Moraiaf
8800.0 26376.0 264.0 100.0 Riria'
9088.0 26396.0 80.0 80.0 to
9192.0 26384.0 124.0 96.0 Co

7528.0 26520.0 180.0 84.0 The
7756.0 26528.0 220.0 76.0 Hw
8016.0 26528.0 276.0 84.0 ghould
8344.0 26552.0 228.0 72.0 pour
8616.0 26544.0 156.0 72.0 out
8816.0 26544.0 160.0 72.0 two
9020.0 26540.0 276.0 84.0 pound
9388.0 26544.0 96.0 80.0 of

7432.0 26640.0 248.0 76.0 liquid
7724.0 26640.0 168.0 64.0 hilc
7928.0 26644.0 180.0 64.0 into
8136.0 26656.0 196.0 64.0 your
8372.0 26640.0 268.0 72.0 bnwol
8728.0 26644.0 240.0 80.0 dully.
9004.0 26640.0 72.0 76.0 If
9112.0 26644.0 172.0 72.0 this
9324.0 26648.0 160.0 72.0 hilo

7432.0 26724.0 24.0 76.0 i
7520.0 26740.0 144.0 68.0 not
7692.0 26728.0 352.0 88.0 flowing
8072.0 26736.0 32.0 72.0 f
8116.0 26736.0 228.0 80.0 rw'iy,
8372.0 26756.0 220.0 64.0 j-our
8620.0 26740.0 196.0 76.0 food
8840.0 26740.0 304.0 76.0 doesn't
9168.0 26744.0 304.0 80.0 ilieru

7428.0 26824.0 68.0 80.0 It
7548.0 26840.0 180.0 76.0 jU(.t
7776.0 26832.0 260.0 84.0 Hooey
8128.0 26836.0 76.0 72.0 in
8256.0 26832.0 140.0 80.0 thf
8444.0 26836.0 348.0 80.0 howd.
8840.0 26844.0 112.0 68.0 tin
9044.0 26840.0 220.0 76.0 Mont
9364.0 26868.0 112.0 60.0 up

7424.0 26948.0 208.0 68.0 your
7700.0 26932.0 416.0 80.0 Mimrh.
8180.0 26932.0 156.0 80.0 You
8412.0 26948.0 156.0 72.0 srt
8640.0 26940.0 552.0 88.0 connlieoti'd.
9264.0 26940.0 220.0 80.0 Your

7420.0 27032.0 260.0 76.0 whole
7720.0 27044.0 320.0 72.0 Byntom
8088.0 27032.0 64.0 80.0 la
8192.0 27036.0 404.0 88.0 poiwmod
8708.0 27040.0 104.0 80.0 nd
8856.0 27064.0 144.0 64.0 you
9040.0 27036.0 164.0 84.0 feel
9244.0 27064.0 228.0 68.0 oour,

7416.0 27132.0 248.0 84.0 sunk,
7708.0 27132.0 176.0 80.0 and
7928.0 27136.0 140.0 76.0 the
8104.0 27140.0 244.0 76.0 world
8388.0 27136.0 244.0 80.0 looki
8676.0 27144.0 256.0 84.0 punk.

7520.0 27228.0 424.0 80.0 Illative
8048.0 27260.0 144.0 52.0 ore
8240.0 27240.0 196.0 84.0 only
8504.0 27244.0 536.0 80.0 mokothiftji.
9108.0 27240.0 72.0 84.0 A
9236.0 27268.0 216.0 56.0 inert

7412.0 27324.0 260.0 84.0 tiowel
7708.0 27348.0 480.0 68.0 movement
8220.0 27336.0 340.0 80.0 doenn't
8596.0 27352.0 144.0 72.0 iret
8780.0 27356.0 88.0 68.0 ot
8904.0 27348.0 132.0 76.0 the
9068.0 27368.0 280.0 56.0 rouiM.
9392.0 27348.0 80.0 80.0 It

7412.0 27436.0 240.0 68.0 Ukeo
7712.0 27436.0 248.0 76.0 thone
8012.0 27436.0 200.0 84.0 good
8268.0 27440.0 132.0 76.0 old
8460.0 27444.0 344.0 76.0 Carter'
8912.0 27444.0 244.0 80.0 l.ittle
9220.0 27448.0 252.0 80.0 l.iver

7416.0 27528.0 196.0 80.0 I'lllo
7652.0 27540.0 92.0 68.0 to
7784.0 27544.0 140.0 72.0 rot
7968.0 27536.0 224.0 76.0 th.w
8224.0 27544.0 164.0 68.0 two
8428.0 27544.0 296.0 80.0 pound
8808.0 27544.0 92.0 76.0 of
8936.0 27548.0 144.0 72.0 bile
9120.0 27544.0 348.0 92.0 flowinc

7420.0 27628.0 256.0 92.0 freely
7704.0 27636.0 612.0 88.0 ondmnkeyou
8356.0 27636.0 164.0 80.0 fori
8560.0 27644.0 556.0 84.0 "upnduv'
9160.0 27644.0 260.0 84.0 Hrm-

7412.0 27724.0 180.0 84.0 Inw.
7736.0 27736.0 208.0 80.0 ntle.
7976.0 27748.0 132.0 72.0 yet
8200.0 27740.0 268.0 72.0 matin
8576.0 27740.0 84.0 76.0 In
8696.0 27748.0 340.0 80.0 making
9076.0 27744.0 160.0 76.0 bile
9280.0 27748.0 188.0 76.0 flow

7408.0 27828.0 292.0 88.0 freely.
7752.0 27832.0 168.0 76.0 Ak
7968.0 27836.0 128.0 72.0 for
8128.0 27840.0 376.0 72.0 Carter'a
8548.0 27840.0 264.0 80.0 Little
8848.0 27844.0 236.0 80.0 l.iver
9124.0 27844.0 196.0 80.0 1'iUj
9360.0 27852.0 108.0 84.0 hy

7412.0 27948.0 272.0 64.0 same.
7728.0 27932.0 504.0 88.0 8tubborn.lv
8268.0 27940.0 300.0 88.0 refuse
8608.0 27944.0 412.0 96.0 anything
9056.0 27944.0 192.0 84.0 olao.
9288.0 27952.0 180.0 92.0 25o,

9724.0 15648.0 132.0 112.0 by
9908.0 15648.0 436.0 116.0 foreign
10396.0 15660.0 780.0 112.0 governments,
11232.0 15664.0 220.0 96.0 and
11512.0 15668.0 364.0 120.0 added,

9728.0 15808.0 580.0 124.0 according
10416.0 15820.0 104.0 92.0 to
10628.0 15820.0 420.0 100.0 official
11152.0 15832.0 228.0 92.0 text
11492.0 15832.0 120.0 96.0 of
11712.0 15832.0 164.0 100.0 his

9732.0 15976.0 536.0 100.0 remarks;

9840.0 16136.0 468.0 104.0 "Russia
10436.0 16148.0 188.0 96.0 has
10756.0 16156.0 412.0 104.0 carried
11300.0 16160.0 188.0 100.0 the
11620.0 16168.0 216.0 112.0 regi-

9728.0 16308.0 600.0 92.0 mentation
10412.0 16320.0 112.0 88.0 of
10604.0 16316.0 480.0 96.0 national
11172.0 16324.0 356.0 100.0 forces
11616.0 16352.0 256.0 72.0 even

9724.0 16440.0 452.0 116.0 further,
10288.0 16452.0 636.0 116.0 controlling
11032.0 16460.0 184.0 88.0 not
11328.0 16460.0 256.0 112.0 only
11692.0 16464.0 172.0 92.0 the

9724.0 16580.0 376.0 104.0 output
10212.0 16588.0 116.0 92.0 of
10432.0 16584.0 516.0 120.0 Industry,
11056.0 16588.0 184.0 92.0 but
11348.0 16596.0 236.0 88.0 also
11692.0 16604.0 176.0 88.0 the

9724.0 16708.0 272.0 116.0 dully
10076.0 16712.0 188.0 92.0 life
10332.0 16724.0 112.0 92.0 of
10512.0 16720.0 188.0 88.0 her
10772.0 16720.0 360.0 112.0 people
11208.0 16732.0 112.0 84.0 to
11388.0 16736.0 268.0 88.0 such
11728.0 16756.0 136.0 72.0 an

9716.0 16848.0 352.0 88.0 extent
10152.0 16848.0 240.0 92.0 that
10468.0 16852.0 248.0 112.0 they
10792.0 16880.0 400.0 88.0 appear
11268.0 16860.0 112.0 92.0 to
11464.0 16864.0 124.0 88.0 be
11664.0 16868.0 156.0 88.0 vir-

9720.0 16980.0 328.0 108.0 tually
10120.0 16988.0 348.0 88.0 slaves
10536.0 17000.0 112.0 88.0 of
10720.0 16992.0 180.0 88.0 the
10972.0 16996.0 408.0 88.0 central
11456.0 17004.0 404.0 104.0 organi-

9720.0 17128.0 372.0 76.0 lauon.

9704.0 17404.0 808.0 288.0 Sorority
10612.0 17416.0 244.0 220.0 To
10948.0 17420.0 596.0 228.0 Ballot

10004.0 17744.0 288.0 228.0 On
10364.0 17748.0 804.0 232.0 Officers
11256.0 17756.0 604.0 288.0 Today

9828.0 18276.0 496.0 96.0 Election
10404.0 18284.0 200.0 92.0 and
10688.0 18284.0 664.0 100.0 installation
11436.0 18296.0 116.0 92.0 of
11628.0 18296.0 192.0 96.0 offi-

9716.0 18468.0 224.0 68.0 cers
10060.0 18452.0 220.0 92.0 will
10392.0 18456.0 420.0 92.0 feature
10928.0 18456.0 176.0 96.0 the
11220.0 18464.0 640.0 116.0 concluding

9712.0 18620.0 472.0 92.0 sessions
10244.0 18624.0 312.0 112.0 today
10612.0 18624.0 120.0 92.0 of
10792.0 18628.0 176.0 92.0 the
11024.0 18628.0 504.0 120.0 four-day
11584.0 18632.0 236.0 96.0 bien-

9712.0 18784.0 204.0 96.0 nial
10012.0 18796.0 640.0 92.0 convention
10748.0 18804.0 120.0 92.0 of
10952.0 18796.0 316.0 96.0 Delta
11356.0 18804.0 500.0 96.0 Omicron

9712.0 18956.0 512.0 116.0 Sorority,
10356.0 18964.0 472.0 92.0 national
10964.0 18968.0 332.0 92.0 music
11436.0 18972.0 420.0 116.0 society,

9712.0 19128.0 104.0 88.0 at
9884.0 19128.0 188.0 88.0 the
10144.0 19128.0 312.0 96.0 Hotel
10524.0 19132.0 664.0 96.0 Motherland
11264.0 19140.0 356.0 100.0 Plaza.

9808.0 19292.0 88.0 96.0 A
9968.0 19300.0 384.0 96.0 dinner
10420.0 19304.0 196.0 92.0 last
10696.0 19304.0 300.0 116.0 night
11068.0 19312.0 112.0 88.0 at
11248.0 19312.0 348.0 96.0 which
11668.0 19316.0 176.0 96.0 Dr.

9704.0 19460.0 276.0 96.0 John
10048.0 19468.0 120.0 92.0 A.
10228.0 19468.0 556.0 112.0 Hoffman,
10848.0 19476.0 260.0 92.0 dean
11176.0 19476.0 116.0 92.0 of
11352.0 19480.0 180.0 92.0 the
11596.0 19480.0 212.0 96.0 Con-

9708.0 19640.0 560.0 108.0 servatory
10384.0 19640.0 112.0 92.0 of
10628.0 19644.0 380.0 108.0 Music,
11144.0 19644.0 468.0 100.0 Edward
11736.0 19656.0 116.0 92.0 G.

9708.0 19800.0 340.0 108.0 Mead,
10144.0 19808.0 460.0 96.0 member
10692.0 19812.0 112.0 92.0 of
10892.0 19816.0 172.0 88.0 the
11152.0 19820.0 376.0 92.0 Miami
11616.0 19820.0 192.0 96.0 Uni-

9688.0 19976.0 400.0 112.0 versity
10184.0 19980.0 428.0 112.0 faculty,
10704.0 19980.0 436.0 112.0 Oxford,
11232.0 19988.0 308.0 104.0 Ohio,
11628.0 19992.0 200.0 92.0 and

9692.0 20112.0 472.0 96.0 Howard
10244.0 20116.0 660.0 96.0 Wentworth
10980.0 20124.0 308.0 104.0 Hess,
11376.0 20132.0 464.0 92.0 member

9692.0 20256.0 108.0 92.0 of
9908.0 20256.0 188.0 92.0 the
10208.0 20256.0 408.0 112.0 College
10728.0 20260.0 116.0 92.0 of
10956.0 20264.0 340.0 92.0 Music
11408.0 20268.0 428.0 116.0 faculty,

9700.0 20412.0 272.0 68.0 were
10052.0 20396.0 532.0 108.0 speakers,
10672.0 20424.0 220.0 72.0 was
10972.0 20400.0 176.0 96.0 the
11236.0 20404.0 416.0 96.0 feature
11732.0 20412.0 108.0 88.0 of

9684.0 20528.0 656.0 116.0 yesterdny's
10424.0 20560.0 528.0 88.0 program.

9816.0 20668.0 588.0 116.0 Following
10540.0 20680.0 180.0 84.0 the
10860.0 20680.0 380.0 92.0 dinner
11372.0 20712.0 64.0 64.0 a
11576.0 20688.0 256.0 112.0 play,

9688.0 20800.0 280.0 100.0 'The
10052.0 20808.0 236.0 96.0 Life
10364.0 20812.0 112.0 96.0 of
10552.0 20812.0 464.0 100.0 Edward
11100.0 20820.0 728.0 116.0 MacDowell,"

9688.0 20968.0 216.0 64.0 was
10004.0 20952.0 584.0 112.0 presented.
10724.0 20956.0 244.0 96.0 Mrs.
11088.0 20956.0 324.0 96.0 Clara
11536.0 20964.0 288.0 96.0 Keck

9688.0 21088.0 684.0 92.0 Heflebower
10460.0 21092.0 516.0 112.0 presided.
11136.0 21100.0 424.0 112.0 Among
11660.0 21108.0 172.0 88.0 the

9688.0 21232.0 368.0 100.0 guests
10168.0 21248.0 264.0 72.0 were
10536.0 21236.0 212.0 88.0 two
10856.0 21236.0 400.0 96.0 former
11360.0 21244.0 464.0 92.0 national

9684.0 21364.0 480.0 96.0 officers.
10256.0 21364.0 252.0 96.0 Miss
10600.0 21368.0 440.0 96.0 Rernlce
11136.0 21376.0 388.0 96.0 Brown
11616.0 21388.0 208.0 88.0 and

9688.0 21500.0 240.0 96.0 Mrs.
10012.0 21504.0 388.0 92.0 Erdine
10476.0 21508.0 480.0 96.0 McClure
11024.0 21520.0 480.0 108.0 Francis,
11572.0 21520.0 248.0 96.0 both

9680.0 21640.0 112.0 88.0 of
9852.0 21636.0 600.0 104.0 Columbus.

9788.0 21776.0 268.0 96.0 Miss
10124.0 21784.0 316.0 96.0 Orma
10504.0 21788.0 412.0 104.0 Weber,
10976.0 21792.0 532.0 96.0 Danville,
11568.0 21784.0 192.0 92.0 Ind

9660.0 21920.0 336.0 88.0 music
10080.0 21920.0 416.0 92.0 adviser
10580.0 21924.0 116.0 88.0 of
10780.0 21928.0 176.0 88.0 the
11036.0 21924.0 500.0 104.0 sorority,
11620.0 21924.0 204.0 88.0 will

9660.0 22052.0 332.0 92.0 direct
10072.0 22080.0 64.0 68.0 a
10204.0 22064.0 436.0 88.0 musical
10716.0 22060.0 528.0 96.0 luncheon
11316.0 22060.0 352.0 108.0 today.
11736.0 22060.0 84.0 92.0 A

9668.0 22196.0 168.0 88.0 tea
9912.0 22192.0 220.0 92.0 will
10204.0 22200.0 120.0 92.0 be
10388.0 22200.0 328.0 108.0 given
10784.0 22196.0 212.0 92.0 this
11068.0 22200.0 580.0 88.0 afternoon
11720.0 22204.0 100.0 84.0 at

9668.0 22332.0 172.0 88.0 the
9912.0 22332.0 424.0 108.0 College
10404.0 22332.0 116.0 88.0 of
10592.0 22328.0 340.0 92.0 Music
11004.0 22332.0 136.0 108.0 by
11208.0 22328.0 220.0 92.0 Eta
11492.0 22328.0 296.0 116.0 Chap

9664.0 22476.0 192.0 96.0 ter,
9932.0 22472.0 120.0 88.0 of
10124.0 22472.0 344.0 92.0 which
10544.0 22464.0 268.0 92.0 Miss
10880.0 22468.0 324.0 92.0 Hilda
11276.0 22472.0 388.0 92.0 Weseli
11740.0 22472.0 84.0 92.0 Is

9660.0 22608.0 604.0 92.0 President.

9776.0 22740.0 440.0 124.0 Among
10292.0 22740.0 304.0 92.0 those
10680.0 22740.0 568.0 116.0 attending
11328.0 22744.0 184.0 92.0 the
11592.0 22768.0 192.0 72.0 con-

9660.0 22880.0 472.0 124.0 vention
10212.0 22900.0 176.0 76.0 are
10488.0 22880.0 348.0 96.0 Helen
10936.0 22880.0 320.0 108.0 Pech,
11364.0 22880.0 464.0 120.0 Chicago

9664.0 23024.0 308.0 80.0 radio
10024.0 23036.0 360.0 88.0 singer
10428.0 23024.0 216.0 88.0 and
10704.0 23040.0 336.0 76.0 music
11092.0 23024.0 472.0 104.0 teacher,
11612.0 23028.0 208.0 88.0 and

9668.0 23152.0 316.0 112.0 Mary
10140.0 23152.0 552.0 108.0 Williams,
10848.0 23152.0 604.0 112.0 Arlington,
11612.0 23160.0 212.0 108.0 Va.,

9668.0 23312.0 336.0 88.0 opera
10100.0 23292.0 208.0 96.0 and
10400.0 23292.0 308.0 92.0 radio
10804.0 23296.0 388.0 108.0 singer,
11296.0 23296.0 240.0 92.0 who
11632.0 23300.0 196.0 92.0 has

9668.0 23428.0 432.0 96.0 studied
10180.0 23436.0 108.0 88.0 at
10368.0 23436.0 188.0 88.0 the
10640.0 23432.0 524.0 92.0 Eastman
11252.0 23436.0 376.0 96.0 School
11712.0 23440.0 116.0 92.0 of

9672.0 23564.0 384.0 104.0 Music,
10128.0 23568.0 612.0 108.0 Rochester,
10808.0 23568.0 124.0 96.0 N.
11000.0 23568.0 120.0 92.0 Y.
11252.0 23576.0 268.0 92.0 Miss
11584.0 23576.0 200.0 92.0 Wil

9668.0 23700.0 320.0 96.0 liams
10044.0 23708.0 296.0 112.0 plans
10392.0 23716.0 108.0 88.0 to
10556.0 23708.0 408.0 96.0 remain
11024.0 23708.0 108.0 92.0 in
11184.0 23708.0 608.0 100.0 Cincinnati

9768.0 24024.0 936.0 160.0 ASSOCIATES
10792.0 24032.0 336.0 148.0 GIVE
11220.0 24032.0 480.0 156.0 DANCE

9656.0 24356.0 140.0 100.0 In
9884.0 24352.0 396.0 100.0 Honor
10356.0 24360.0 136.0 96.0 Of
10580.0 24356.0 532.0 120.0 Retiring
11200.0 24360.0 460.0 112.0 OfficiiJ-

9740.0 24556.0 180.0 100.0 W.
9992.0 24556.0 116.0 100.0 B.
10172.0 24560.0 580.0 124.0 Northrup
10808.0 24564.0 148.0 96.0 To
11008.0 24564.0 368.0 96.0 Leave
11432.0 24564.0 284.0 132.0 City.

9776.0 24760.0 476.0 104.0 William
10312.0 24772.0 108.0 88.0 B.
10460.0 24768.0 584.0 116.0 Northrup.
11100.0 24776.0 448.0 112.0 retiring
11588.0 24780.0 188.0 92.0 Sec

9664.0 24904.0 1000.0 112.0 retary-Treasurer
10756.0 24912.0 116.0 92.0 of
10968.0 24912.0 232.0 92.0 Box
11300.0 24912.0 116.0 96.0 13
11512.0 24920.0 272.0 92.0 Asso-

9660.0 25044.0 384.0 100.0 ciates,
10112.0 25052.0 736.0 100.0 organization
10916.0 25052.0 120.0 88.0 of
11108.0 25052.0 700.0 108.0 professional

9660.0 25180.0 224.0 92.0 and
9952.0 25176.0 480.0 104.0 business
10500.0 25208.0 244.0 76.0 men
10816.0 25184.0 584.0 96.0 Interested
11468.0 25192.0 100.0 96.0 in
11632.0 25196.0 180.0 92.0 the

9660.0 25316.0 452.0 92.0 welfare
10216.0 25320.0 112.0 92.0 of
10428.0 25324.0 188.0 92.0 the
10732.0 25324.0 236.0 92.0 Fire
11076.0 25324.0 736.0 116.0 Department,

9652.0 25476.0 236.0 72.0 was
9952.0 25460.0 456.0 92.0 honored
10476.0 25464.0 216.0 88.0 last
10756.0 25460.0 308.0 112.0 night
11128.0 25472.0 120.0 84.0 at
11308.0 25492.0 64.0 68.0 a
11436.0 25468.0 372.0 96.0 dinner

9660.0 25596.0 120.0 92.0 at
9860.0 25592.0 192.0 92.0 the
10128.0 25596.0 308.0 96.0 Hotel
10516.0 25596.0 428.0 96.0 Gibson.
11088.0 25600.0 552.0 120.0 Northrup
11720.0 25612.0 92.0 88.0 Is

9656.0 25732.0 116.0 88.0 to
9820.0 25732.0 304.0 92.0 leave
10172.0 25760.0 248.0 64.0 soon
10476.0 25740.0 112.0 88.0 to
10640.0 25740.0 340.0 88.0 reside
11036.0 25736.0 104.0 96.0 In
11200.0 25740.0 440.0 100.0 Detroit,

9768.0 25864.0 144.0 96.0 H.
9996.0 25868.0 300.0 96.0 Chris
10372.0 25876.0 552.0 100.0 Williams,
11008.0 25880.0 248.0 92.0 who
11340.0 25888.0 460.0 112.0 recently

9660.0 26028.0 232.0 72.0 was
9948.0 26012.0 304.0 88.0 made
10308.0 26012.0 536.0 92.0 Assistant
10908.0 26016.0 244.0 96.0 Fire
11208.0 26020.0 336.0 100.0 Chief,
11600.0 26028.0 204.0 88.0 and

9648.0 26136.0 332.0 104.0 Louis
10048.0 26144.0 432.0 108.0 Purcell.
10544.0 26156.0 472.0 108.0 recently
11076.0 26160.0 548.0 108.0 promoted
11688.0 26168.0 112.0 88.0 to

9660.0 26280.0 256.0 92.0 Fire
9992.0 26284.0 488.0 108.0 Marshal,
10552.0 26292.0 228.0 92.0 also
10844.0 26312.0 276.0 68.0 were
11196.0 26296.0 456.0 96.0 honored
11696.0 26308.0 108.0 84.0 at

9644.0 26420.0 188.0 92.0 the
9952.0 26420.0 396.0 96.0 dinner.
10532.0 26428.0 344.0 112.0 Ralph
11000.0 26428.0 120.0 96.0 E.
11244.0 26432.0 544.0 108.0 Morrison,

9640.0 26556.0 332.0 92.0 Chief
10072.0 26560.0 112.0 92.0 of
10280.0 26564.0 220.0 88.0 Box
10612.0 26564.0 112.0 92.0 13
10828.0 26568.0 640.0 104.0 Associates,
11568.0 26600.0 184.0 88.0 pre-

9640.0 26696.0 340.0 92.0 sided.
10120.0 26704.0 112.0 88.0 Al
10312.0 26704.0 132.0 88.0 M.
10532.0 26700.0 308.0 108.0 Boex,
10916.0 26708.0 860.0 100.0 Entcrt-iinment

9652.0 26832.0 640.0 100.0 Committee
10412.0 26836.0 828.0 116.0 Chairman,
11360.0 26876.0 212.0 64.0 was
11696.0 26856.0 100.0 88.0 in

9652.0 26972.0 404.0 108.0 charge
10124.0 26980.0 108.0 92.0 of
10296.0 26996.0 844.0 92.0 arrangements.

9768.0 27112.0 424.0 120.0 Among;
10268.0 27116.0 176.0 96.0 the
10528.0 27136.0 356.0 96.0 guests
10964.0 27148.0 280.0 72.0 were
11324.0 27128.0 428.0 96.0 Council-

9632.0 27272.0 256.0 76.0 men
9988.0 27252.0 328.0 96.0 Willis
10416.0 27256.0 124.0 96.0 D.
10640.0 27260.0 528.0 96.0 Gradison
11272.0 27268.0 204.0 92.0 and
11580.0 27272.0 160.0 88.0 An-

9644.0 27388.0 348.0 112.0 thony
10072.0 27392.0 104.0 96.0 B.
10260.0 27396.0 460.0 112.0 Dunlap.
10792.0 27404.0 460.0 108.0 Captain
11344.0 27404.0 448.0 96.0 Edward

9604.0 27524.0 92.0 92.0 J.
9772.0 27528.0 292.0 92.0 Adcr
10128.0 27532.0 108.0 88.0 of
10304.0 27536.0 180.0 84.0 the
10552.0 27536.0 444.0 108.0 Salvage
11056.0 27544.0 372.0 112.0 Corps.
11496.0 27548.0 236.0 88.0 Slar-

9628.0 27664.0 244.0 88.0 shal
9964.0 27664.0 308.0 96.0 Louis
10356.0 27668.0 996.0 116.0 Schraffenberger,
11436.0 27676.0 344.0 116.0 Judge

9632.0 27800.0 432.0 92.0 Samuel
10168.0 27808.0 152.0 92.0 W.
10432.0 27808.0 256.0 100.0 Bell,
10792.0 27812.0 208.0 92.0 and
11120.0 27816.0 248.0 88.0 Fire
11472.0 27820.0 308.0 96.0 Chief

9636.0 27932.0 444.0 124.0 Barney
10144.0 27940.0 92.0 96.0 J.
10308.0 27944.0 516.0 100.0 Houston,

11972.0 14796.0 352.0 88.0 which
12404.0 14796.0 416.0 88.0 showed
12904.0 14820.0 64.0 64.0 a
13052.0 14796.0 464.0 108.0 polished
13596.0 14804.0 532.0 104.0 maturity.
14176.0 14792.0 16.0 88.0 I
14888.0 14792.0 3728.0 68.0 -mt

12088.0 18224.0 432.0 376.0 Li
12904.0 18576.0 96.0 32.0 .
14944.0 18488.0 376.0 112.0 ......
16704.0 18288.0 1224.0 312.0 'V?.cov

12876.0 22476.0 108.0 116.0 A
13192.0 22568.0 40.0 24.0 .
13984.0 22464.0 160.0 128.0 m
15540.0 22568.0 36.0 24.0 .
16268.0 22464.0 456.0 128.0 -vov."
16828.0 22464.0 396.0 128.0 ojlesw
17372.0 22464.0 536.0 128.0 i.tV"
18036.0 22472.0 260.0 120.0 ,ni

12368.0 23280.0 1168.0 408.0 ALI
15280.0 23664.0 64.0 24.0 .

12528.0 26252.0 96.0 84.0 V
13184.0 26352.0 60.0 72.0 tt
14268.0 26256.0 332.0 192.0 f"fV
15012.0 26332.0 428.0 128.0 -rSI'
15656.0 26300.0 188.0 100.0 l"
16172.0 26308.0 88.0 100.0 0
17576.0 26292.0 156.0 168.0 tf
17840.0 26252.0 180.0 208.0 V

14536.0 27272.0 1800.0 472.0 ivt0"
16472.0 27272.0 768.0 456.0 7"""
