19220 28792
884.0 896.0 440.0 208.0 The
1548.0 900.0 1172.0 300.0 Newspaper

852.0 1304.0 392.0 204.0 For
1392.0 1296.0 1364.0 216.0 Kentuckiang

3104.0 1184.0 1856.0 672.0 THE
5360.0 1184.0 5184.0 688.0 CINCINNATI
10800.0 1200.0 4800.0 704.0 ENQUIRER

16116.0 1172.0 840.0 184.0 WEATHER
17184.0 1164.0 780.0 240.0 Kentucky

16160.0 1444.0 252.0 100.0 Fair
16496.0 1444.0 232.0 100.0 And
16812.0 1444.0 604.0 104.0 Continued
17504.0 1444.0 400.0 104.0 Warm.

612.0 2116.0 424.0 160.0 VOL.
1236.0 2116.0 600.0 160.0 XCVII.
2028.0 2120.0 316.0 168.0 NO.
2528.0 2132.0 236.0 156.0 91
2976.0 2124.0 600.0 160.0 DAILY

3956.0 2132.0 368.0 76.0 P.ntoml
4540.0 2128.0 584.0 84.0 wond-rUnn
5180.0 2132.0 316.0 68.0 matter

3956.0 2228.0 208.0 76.0 run!
4240.0 2232.0 324.0 84.0 Ofllr.
4644.0 2232.0 520.0 80.0 Cincinnati,
5248.0 2228.0 240.0 68.0 (Mini.

6764.0 2124.0 1308.0 164.0 THURSDAY
8256.0 2116.0 1188.0 184.0 MORNING,
9624.0 2120.0 596.0 160.0 JULY
10408.0 2136.0 164.0 176.0 8,
10776.0 2128.0 556.0 160.0 1937

12360.0 2136.0 240.0 156.0 2G
12700.0 2128.0 644.0 168.0 PAGES

14072.0 2144.0 692.0 108.0 TIIRPV
14976.0 2148.0 644.0 104.0 fL'NllV
16124.0 2156.0 468.0 72.0 H.miiio
16788.0 2152.0 412.0 88.0 roty
17544.0 2164.0 28.0 68.0 i
17624.0 2144.0 264.0 80.0 me
17944.0 2148.0 304.0 80.0 cent

14096.0 2216.0 668.0 88.0 lIIIVrjEl
14976.0 2216.0 648.0 96.0 lyfilllO
16020.0 2256.0 312.0 68.0 mhrH
16420.0 2256.0 168.0 72.0 mm4
16680.0 2248.0 324.0 76.0 Hfwlm
17096.0 2216.0 476.0 132.0 (ohMIm)
17700.0 2244.0 700.0 84.0 KI.NKWHKIII

792.0 2640.0 552.0 456.0 TAX
1448.0 2632.0 760.0 456.0 YIELD

416.0 3484.0 756.0 272.0 Shows
1360.0 3488.0 412.0 320.0 Big
1972.0 3480.0 596.0 264.0 Gain.

420.0 4200.0 760.0 216.0 Revenue
1272.0 4196.0 992.0 220.0 Collections
2340.0 4196.0 228.0 264.0 Up

576.0 4532.0 1068.0 272.0 $9,320,356,
1732.0 4544.0 660.0 252.0 Report.

404.0 5132.0 892.0 224.0 Decrease
1396.0 5132.0 180.0 208.0 Is
1672.0 5116.0 908.0 224.0 Revealed

560.0 5476.0 208.0 216.0 In
836.0 5476.0 528.0 212.0 State
1436.0 5456.0 980.0 220.0 Warrants

392.0 6080.0 352.0 216.0 'Anil
792.0 6092.0 484.0 200.0 Boost
1336.0 6084.0 184.0 200.0 Of
1560.0 6068.0 1008.0 264.0 $5,754,822

708.0 6424.0 168.0 204.0 In
956.0 6420.0 428.0 208.0 Cash
1468.0 6412.0 792.0 208.0 Balances

412.0 7008.0 200.0 164.0 To
672.0 7004.0 512.0 172.0 State's
1244.0 7000.0 456.0 164.0 Credit
1892.0 6988.0 348.0 160.0 Auto
2296.0 6988.0 284.0 196.0 Tag

476.0 7248.0 644.0 196.0 Receipts
1252.0 7240.0 240.0 164.0 Off
1608.0 7232.0 360.0 184.0 $500
2020.0 7228.0 252.0 160.0 GOO

632.0 7484.0 644.0 168.0 Gasoline
1352.0 7480.0 360.0 192.0 Levy
1788.0 7472.0 568.0 196.0 Biggest

828.0 7732.0 648.0 160.0 Revenue
1552.0 7716.0 588.0 164.0 Yielder.

524.0 8232.0 624.0 108.0 Frankfort,
1264.0 8224.0 232.0 116.0 Ky.,
1604.0 8224.0 260.0 104.0 July
392.0 8208.0 2172.0 308.0 7-AP-Kcntucky's

1132.0 8416.0 456.0 76.0 revenue
1632.0 8380.0 620.0 104.0 collections
2292.0 8396.0 272.0 68.0 were

408.0 8572.0 676.0 116.0 $9,326,356.86
1164.0 8588.0 292.0 72.0 more
1532.0 8556.0 396.0 108.0 during
2004.0 8552.0 176.0 88.0 the
2256.0 8540.0 308.0 96.0 fiscal

400.0 8768.0 260.0 100.0 year
736.0 8748.0 236.0 92.0 that
1052.0 8732.0 348.0 100.0 ended
1472.0 8732.0 208.0 92.0 last
1756.0 8724.0 284.0 96.0 June
2112.0 8716.0 116.0 92.0 30
2300.0 8716.0 260.0 88.0 than

400.0 8920.0 388.0 112.0 during
860.0 8916.0 184.0 88.0 the
1128.0 8900.0 572.0 120.0 preceding
1784.0 8888.0 312.0 96.0 fiscal
2172.0 8876.0 388.0 124.0 period,

400.0 9088.0 372.0 100.0 James
868.0 9080.0 160.0 92.0 W.
1128.0 9072.0 432.0 104.0 Martin,
1664.0 9064.0 508.0 112.0 Revenue
2264.0 9052.0 260.0 92.0 Com-

404.0 9256.0 592.0 96.0 missioner,
1064.0 9232.0 524.0 104.0 disclosed
1656.0 9232.0 332.0 108.0 today
2048.0 9224.0 100.0 92.0 in
2216.0 9248.0 60.0 68.0 a
2344.0 9240.0 180.0 92.0 pre-

400.0 9424.0 500.0 112.0 liminary
976.0 9416.0 368.0 112.0 report
1416.0 9412.0 104.0 84.0 to
1596.0 9404.0 556.0 88.0 Governor
2224.0 9388.0 296.0 96.0 Chan-

400.0 9596.0 260.0 92.0 dler.
344.0 9792.0 16.0 68.0 I
528.0 9764.0 136.0 92.0 At
728.0 9760.0 172.0 92.0 the
968.0 9776.0 304.0 68.0 same
1340.0 9748.0 280.0 96.0 time,
1684.0 9740.0 288.0 92.0 John
2040.0 9732.0 112.0 96.0 E.
2220.0 9728.0 296.0 92.0 Buck-

404.0 9928.0 464.0 120.0 ingham,
964.0 9924.0 308.0 92.0 State
1360.0 9916.0 624.0 100.0 Treasurer,
2076.0 9900.0 484.0 116.0 repotted

404.0 10124.0 72.0 72.0 a
584.0 10100.0 496.0 88.0 decrease
1192.0 10084.0 116.0 92.0 of
1416.0 10072.0 684.0 116.0 $6,367,712.45
2212.0 10072.0 104.0 88.0 in
2424.0 10064.0 136.0 92.0 all

404.0 10276.0 280.0 92.0 atatc
764.0 10268.0 544.0 84.0 warrants
1384.0 10248.0 208.0 96.0 and
1672.0 10272.0 144.0 68.0 an
1900.0 10244.0 472.0 88.0 increase
2452.0 10236.0 112.0 88.0 of

408.0 10428.0 680.0 120.0 $5,751,822.43
1152.0 10432.0 104.0 88.0 in
1324.0 10424.0 256.0 92.0 cash
1652.0 10416.0 496.0 92.0 balances
2216.0 10416.0 108.0 84.0 to
2384.0 10408.0 176.0 88.0 the

404.0 10608.0 372.0 100.0 state's
832.0 10600.0 344.0 96.0 credit
1244.0 10592.0 384.0 112.0 during
1692.0 10588.0 184.0 92.0 the
1944.0 10580.0 300.0 96.0 fiscal
2312.0 10600.0 252.0 96.0 year

404.0 10780.0 240.0 92.0 that
704.0 10768.0 408.0 100.0 started
1184.0 10764.0 252.0 112.0 July
1496.0 10760.0 76.0 108.0 1,
1640.0 10756.0 260.0 100.0 1935,
1964.0 10752.0 204.0 92.0 and
2224.0 10744.0 336.0 96.0 ended

404.0 10948.0 280.0 96.0 June
768.0 10944.0 144.0 108.0 30,
1004.0 10936.0 268.0 104.0 1337,
1364.0 10936.0 168.0 88.0 for
1616.0 10952.0 68.0 68.0 a
1780.0 10932.0 184.0 84.0 net
2056.0 10916.0 504.0 96.0 financial

408.0 11116.0 244.0 120.0 gain
752.0 11112.0 112.0 92.0 of
960.0 11100.0 564.0 116.0 $12,531.88.
1676.0 11096.0 232.0 92.0 The
2004.0 11096.0 256.0 84.0 cash
2352.0 11084.0 172.0 92.0 bal-

400.0 11312.0 324.0 72.0 ances
788.0 11276.0 496.0 104.0 included
1352.0 11264.0 848.0 120.0 approximately
2264.0 11256.0 256.0 108.0 $750,-

400.0 11456.0 188.0 100.0 000
652.0 11452.0 100.0 96.0 in
816.0 11444.0 456.0 100.0 Federal
1340.0 11436.0 320.0 100.0 funds
1732.0 11436.0 244.0 92.0 that
2044.0 11452.0 268.0 68.0 were
2384.0 11432.0 176.0 84.0 not

400.0 11652.0 144.0 76.0 on
612.0 11620.0 276.0 100.0 hand
952.0 11620.0 216.0 92.0 last
1228.0 11632.0 280.0 96.0 year.

516.0 11792.0 300.0 96.0 Total
896.0 11804.0 468.0 76.0 revenue
1444.0 11772.0 620.0 96.0 collections
2144.0 11768.0 168.0 88.0 for
2392.0 11760.0 176.0 96.0 the

388.0 11956.0 216.0 100.0 last
700.0 11956.0 304.0 96.0 fiscal
1100.0 11972.0 264.0 96.0 year
1456.0 11936.0 584.0 104.0 amounted
2128.0 11940.0 108.0 92.0 to
2332.0 11928.0 200.0 108.0 $15,-

384.0 12128.0 564.0 100.0 266.149.48,
1060.0 12112.0 572.0 120.0 compared
1752.0 12108.0 264.0 92.0 with
2124.0 12096.0 404.0 108.0 $35,939,-

388.0 12296.0 320.0 96.0 792.62
788.0 12292.0 180.0 96.0 the
1052.0 12284.0 576.0 120.0 preceding
1712.0 12304.0 292.0 88.0 year,
2088.0 12272.0 480.0 96.0 Martin's

388.0 12472.0 364.0 108.0 report
812.0 12460.0 468.0 96.0 showed.

888.0 12628.0 352.0 96.0 GAIN
1324.0 12624.0 124.0 92.0 IS
1524.0 12616.0 544.0 96.0 SHOWN.

540.0 12804.0 196.0 88.0 For
772.0 12800.0 312.0 96.0 June,
1128.0 12788.0 264.0 108.0 1937,
1428.0 12780.0 620.0 100.0 collections
2088.0 12780.0 436.0 88.0 amount-

380.0 12944.0 136.0 88.0 ed
616.0 12952.0 104.0 80.0 to
820.0 12924.0 716.0 112.0 $3,644,562.27,
1632.0 12916.0 576.0 116.0 compared
2308.0 12912.0 252.0 92.0 with

384.0 13072.0 684.0 112.0 $4,407,197.80
1152.0 13072.0 104.0 92.0 In
1344.0 13068.0 272.0 108.0 May,
1696.0 13056.0 268.0 96.0 1937.
2072.0 13056.0 216.0 92.0 The
2372.0 13052.0 152.0 108.0 fig-

384.0 13236.0 248.0 72.0 ures
732.0 13208.0 416.0 96.0 include
1252.0 13200.0 244.0 112.0 only
1580.0 13204.0 192.0 80.0 tax
1868.0 13196.0 212.0 92.0 and
2180.0 13184.0 384.0 96.0 license

384.0 13352.0 460.0 112.0 receipts
904.0 13344.0 216.0 96.0 and
1184.0 13344.0 136.0 92.0 do
1380.0 13340.0 184.0 92.0 not
1628.0 13332.0 420.0 92.0 include
2112.0 13344.0 448.0 76.0 revenue

384.0 13492.0 288.0 96.0 from
732.0 13484.0 304.0 96.0 other
1100.0 13496.0 460.0 76.0 sources.

512.0 13628.0 212.0 88.0 The
800.0 13616.0 480.0 120.0 gasoline
1352.0 13616.0 180.0 88.0 tax
1600.0 13632.0 228.0 68.0 was
1900.0 13604.0 180.0 92.0 the
2148.0 13600.0 408.0 108.0 biggest

380.0 13780.0 456.0 80.0 revenue
944.0 13752.0 408.0 116.0 yielder
1444.0 13752.0 112.0 88.0 of
1656.0 13744.0 188.0 92.0 the
1952.0 13736.0 200.0 92.0 last
2256.0 13732.0 304.0 96.0 fiscal

376.0 13920.0 292.0 96.0 year,
760.0 13892.0 512.0 112.0 bringing
1372.0 13888.0 104.0 88.0 in
1572.0 13872.0 776.0 112.0 $12,088,637.16,
2444.0 13888.0 120.0 68.0 or

384.0 14056.0 292.0 72.0 mora
748.0 14032.0 264.0 96.0 than
1092.0 14016.0 620.0 100.0 one-fourth
1788.0 14016.0 116.0 92.0 of
1976.0 14012.0 176.0 92.0 the
2224.0 14004.0 340.0 100.0 entire

376.0 14172.0 288.0 92.0 elate
756.0 14164.0 448.0 104.0 Income,
1300.0 14152.0 580.0 112.0 compared
1972.0 14144.0 252.0 92.0 with
2324.0 14136.0 200.0 112.0 $10,-

380.0 14300.0 560.0 108.0 658,049.76,
1000.0 14324.0 124.0 68.0 or
1192.0 14292.0 200.0 96.0 29.4
1448.0 14312.0 188.0 88.0 per
1700.0 14284.0 256.0 96.0 cent
2012.0 14288.0 112.0 88.0 of
2172.0 14268.0 180.0 104.0 the
2388.0 14296.0 132.0 68.0 en-

384.0 14448.0 204.0 92.0 tire
652.0 14456.0 456.0 76.0 revenue
1176.0 14436.0 168.0 88.0 for
1404.0 14428.0 176.0 92.0 the
1644.0 14416.0 576.0 120.0 preceding
2276.0 14432.0 284.0 96.0 year.

524.0 14580.0 440.0 88.0 Sources
1052.0 14580.0 120.0 88.0 of
1264.0 14584.0 460.0 72.0 revenue
1812.0 14556.0 240.0 96.0 that
2136.0 14544.0 424.0 104.0 showed

396.0 14720.0 536.0 96.0 Increases
992.0 14716.0 120.0 88.0 of
1176.0 14732.0 292.0 68.0 more
1524.0 14708.0 268.0 84.0 than
1860.0 14692.0 436.0 112.0 $100,000
2352.0 14688.0 208.0 92.0 last

392.0 14880.0 260.0 100.0 year
744.0 14876.0 252.0 68.0 over
1104.0 14852.0 184.0 84.0 the
1388.0 14840.0 580.0 120.0 preceding
2060.0 14856.0 256.0 92.0 year
2412.0 14828.0 108.0 88.0 in-

392.0 14996.0 420.0 92.0 cluded:
984.0 14988.0 356.0 92.0 Motor
1436.0 15004.0 332.0 84.0 usage
1872.0 14984.0 208.0 84.0 tax.
2176.0 14968.0 344.0 100.0 $1,278,-

392.0 15132.0 324.0 100.0 662.87
776.0 15120.0 580.0 116.0 compared
1420.0 15116.0 256.0 96.0 with
1744.0 15108.0 572.0 112.0 $43,678.87;
2384.0 15124.0 136.0 72.0 au-

388.0 15272.0 504.0 96.0 tomobile
1048.0 15260.0 592.0 116.0 operator's
1808.0 15256.0 384.0 92.0 license
2348.0 15248.0 212.0 100.0 tax,

392.0 15408.0 588.0 112.0 $382,222.35
1032.0 15396.0 576.0 116.0 compared
1668.0 15400.0 260.0 88.0 with
1988.0 15384.0 564.0 112.0 $20,713.80;

404.0 15556.0 404.0 112.0 whisky
884.0 15544.0 636.0 116.0 production
1596.0 15540.0 216.0 96.0 tax,
1888.0 15524.0 672.0 112.0 $4,705,500.96

392.0 15688.0 568.0 116.0 compared
1076.0 15688.0 260.0 92.0 with
1444.0 15668.0 728.0 116.0 $3,540,284.74;
2284.0 15664.0 240.0 108.0 ciga-

400.0 15840.0 268.0 88.0 rette
752.0 15836.0 364.0 104.0 stamp
1212.0 15828.0 208.0 92.0 tax,
1512.0 15808.0 684.0 108.0 $1,575,625.85
2284.0 15824.0 232.0 72.0 com-

396.0 15972.0 320.0 120.0 pared
796.0 15968.0 256.0 92.0 with
1136.0 15956.0 636.0 108.0 $292,359.31;
1860.0 15960.0 180.0 84.0 tax
2108.0 15972.0 128.0 64.0 on
2316.0 15944.0 244.0 92.0 beer

396.0 16116.0 304.0 96.0 sales,
808.0 16096.0 692.0 112.0 $1,103,481.12
1612.0 16088.0 576.0 116.0 compared
2304.0 16084.0 252.0 88.0 with

400.0 16248.0 628.0 108.0 $899,995.79;
1136.0 16248.0 184.0 88.0 tax
1412.0 16260.0 128.0 68.0 on
1644.0 16236.0 228.0 92.0 sale
1968.0 16228.0 108.0 88.0 of
2164.0 16224.0 396.0 116.0 spirits,

396.0 16384.0 680.0 112.0 $2,540,951.45
1196.0 16372.0 572.0 116.0 compared
1892.0 16372.0 248.0 88.0 with
2260.0 16364.0 256.0 100.0 $585,-

392.0 16524.0 348.0 104.0 120.80.
680.0 16680.0 996.0 116.0 INHER1TANCK
1736.0 16676.0 280.0 100.0 TAX
2076.0 16672.0 204.0 96.0 VI'.

516.0 16868.0 684.0 92.0 Inheritance
1260.0 16864.0 328.0 92.0 taxes,
1644.0 16840.0 592.0 108.0 $855,057.33
2284.0 16860.0 232.0 68.0 com-

396.0 17012.0 324.0 112.0 pared
804.0 17008.0 256.0 88.0 with
1156.0 16992.0 640.0 104.0 $332,366.61;
1884.0 16980.0 668.0 116.0 corporation

384.0 17152.0 388.0 92.0 license
824.0 17152.0 212.0 88.0 tax,
1092.0 17132.0 528.0 108.0 $74,299.71
1676.0 17120.0 572.0 120.0 compared
2304.0 17120.0 252.0 88.0 with

396.0 17284.0 632.0 108.0 $262,016.08;
1104.0 17288.0 180.0 80.0 tax
1352.0 17296.0 128.0 68.0 on
1556.0 17268.0 548.0 92.0 franchise
2172.0 17256.0 388.0 116.0 paying

388.0 17424.0 776.0 112.0 corporations,
1240.0 17408.0 688.0 108.0 $1,377,439.50
1992.0 17396.0 564.0 116.0 compared

392.0 17572.0 256.0 88.0 with
776.0 17552.0 728.0 112.0 $1,237,005.25;
1644.0 17568.0 248.0 68.0 race
2020.0 17540.0 304.0 92.0 track
2448.0 17536.0 68.0 88.0 li-

388.0 17728.0 372.0 72.0 censes
864.0 17700.0 212.0 88.0 and
1188.0 17684.0 680.0 104.0 admissions,
1976.0 17672.0 584.0 116.0 $431,967.43

392.0 17840.0 572.0 112.0 compared
1056.0 17836.0 264.0 88.0 with
1408.0 17820.0 580.0 108.0 $69,441.40;
2084.0 17828.0 280.0 84.0 store
2452.0 17820.0 60.0 92.0 li-

384.0 18008.0 320.0 68.0 cense
760.0 17984.0 204.0 96.0 tax,
1024.0 17964.0 592.0 116.0 $262,140.33
1672.0 17960.0 572.0 112.0 compared
2300.0 17952.0 256.0 104.0 with

396.0 18120.0 420.0 104.0 $75,490;
924.0 18120.0 576.0 84.0 insurance
1596.0 18104.0 312.0 92.0 taxes
2000.0 18100.0 208.0 88.0 and
2304.0 18100.0 252.0 100.0 fees,

396.0 18252.0 684.0 108.0 $1,381,468.40
1164.0 18244.0 576.0 112.0 compared
1832.0 18240.0 252.0 88.0 with
2172.0 18232.0 348.0 108.0 $1,285,-

392.0 18400.0 172.0 92.0 781
608.0 18400.0 148.0 100.0 29;
832.0 18392.0 524.0 96.0 alcoholic
1432.0 18388.0 580.0 104.0 beverages
2084.0 18380.0 472.0 100.0 licenses,

396.0 18532.0 584.0 112.0 $672,342.53
1132.0 18520.0 572.0 120.0 compared
1856.0 18520.0 256.0 96.0 with
2256.0 18512.0 260.0 108.0 $517,-

392.0 18680.0 348.0 100.0 617.41.
504.0 18820.0 492.0 92.0 Revenue
1128.0 18812.0 276.0 88.0 from
1528.0 18828.0 240.0 68.0 new
1896.0 18800.0 292.0 92.0 taxes
2308.0 18792.0 236.0 92.0 that

368.0 18976.0 280.0 76.0 vcre
720.0 18960.0 180.0 88.0 not
976.0 18956.0 108.0 88.0 in
1160.0 18952.0 332.0 88.0 effect
1564.0 18944.0 396.0 112.0 during
2028.0 18936.0 176.0 88.0 the
2276.0 18932.0 232.0 88.0 1935-

368.0 19100.0 240.0 96.0 1936
664.0 19096.0 304.0 96.0 fiscal
1028.0 19112.0 264.0 88.0 year
1348.0 19080.0 492.0 96.0 included
1904.0 19076.0 216.0 92.0 soft
2172.0 19068.0 376.0 92.0 drinks

372.0 19236.0 216.0 96.0 and
736.0 19232.0 392.0 108.0 sirups,
1288.0 19216.0 724.0 108.0 $1,279,844.54;
2172.0 19204.0 376.0 112.0 candy,

376.0 19376.0 280.0 100.0 nuts,
720.0 19368.0 208.0 96.0 and
1000.0 19368.0 488.0 104.0 chewing
1556.0 19384.0 288.0 84.0 gum,
1912.0 19344.0 628.0 112.0 $198,717.47;

372.0 19516.0 164.0 96.0 Jcc
660.0 19532.0 388.0 76.0 cream,
1184.0 19496.0 640.0 112.0 $248,180.67;
1960.0 19488.0 588.0 96.0 cosmetics,

372.0 19648.0 572.0 112.0 $84,529.77;
1052.0 19640.0 768.0 96.0 amusements,
1912.0 19620.0 628.0 108.0 $496,759.32;

372.0 19788.0 492.0 120.0 personal
940.0 19788.0 504.0 100.0 incomes,
1520.0 19768.0 724.0 116.0 $1,807,528.65;
2328.0 19788.0 180.0 68.0 cor-

372.0 19932.0 484.0 116.0 poration
932.0 19928.0 508.0 100.0 incomes,
1512.0 19908.0 724.0 112.0 $1,826,674.74;
2312.0 19900.0 192.0 92.0 util-

372.0 20076.0 160.0 112.0 ity
600.0 20096.0 292.0 88.0 gross
960.0 20064.0 488.0 108.0 receipts,
1516.0 20044.0 620.0 116.0 $938,723.32.

504.0 20208.0 328.0 92.0 There
916.0 20224.0 228.0 72.0 was
1228.0 20224.0 64.0 64.0 a
1372.0 20196.0 260.0 112.0 drop
1716.0 20192.0 120.0 88.0 of
1916.0 20208.0 284.0 68.0 more
2284.0 20180.0 260.0 92.0 than

372.0 20348.0 444.0 104.0 $500,000
884.0 20348.0 104.0 88.0 in
1064.0 20332.0 652.0 104.0 automobile
1792.0 20332.0 388.0 92.0 license
2248.0 20328.0 300.0 84.0 taxes

368.0 20488.0 220.0 100.0 and
672.0 20488.0 104.0 92.0 of
860.0 20504.0 300.0 72.0 more
1244.0 20480.0 260.0 88.0 than
1592.0 20464.0 532.0 112.0 $6,000,000
2208.0 20460.0 104.0 92.0 in
2400.0 20484.0 152.0 68.0 re-

392.0 20656.0 28.0 36.0 "
692.0 20712.0 604.0 100.0 Continued
1368.0 20716.0 160.0 88.0 On
1604.0 20708.0 284.0 88.0 Next
1960.0 20700.0 308.0 108.0 Page.

688.0 21144.0 1560.0 384.0 COMPLETION

404.0 21884.0 196.0 216.0 Of
684.0 21872.0 904.0 268.0 Highway
1680.0 21864.0 184.0 208.0 Is
1952.0 21848.0 612.0 264.0 Urged

408.0 22480.0 168.0 156.0 Ry
724.0 22460.0 572.0 172.0 Catnpliell
1444.0 22460.0 440.0 148.0 County
2024.0 22436.0 360.0 156.0 JikIrp

480.0 22672.0 512.0 156.0 RoRprs's
1064.0 22660.0 576.0 136.0 Attention
1720.0 22652.0 108.0 124.0 Is
1896.0 22648.0 364.0 140.0 Called
2332.0 22644.0 152.0 124.0 To

344.0 22824.0 8.0 140.0 :
648.0 22876.0 408.0 160.0 Outlay
1132.0 22888.0 204.0 124.0 For
1408.0 22852.0 916.0 172.0 Kight-Of-Way.

528.0 23384.0 664.0 112.0 Completion
1268.0 23376.0 112.0 92.0 of
1448.0 23372.0 312.0 104.0 Mary
1832.0 23352.0 328.0 116.0 Inglis
2232.0 23344.0 284.0 112.0 High-

404.0 23572.0 236.0 92.0 way
700.0 23572.0 220.0 68.0 was
980.0 23540.0 344.0 116.0 urged
1384.0 23524.0 576.0 128.0 yesterday
2020.0 23520.0 132.0 108.0 by
2212.0 23508.0 348.0 112.0 Judge

400.0 23712.0 464.0 104.0 William
1012.0 23704.0 112.0 96.0 C.
1272.0 23700.0 344.0 92.0 Buten
1768.0 23688.0 112.0 92.0 of
2020.0 23672.0 540.0 112.0 Campbell

404.0 23876.0 416.0 112.0 County
896.0 23864.0 368.0 108.0 Court,
1336.0 23856.0 540.0 112.0 Newport,
1948.0 23844.0 104.0 92.0 in
2120.0 23868.0 64.0 64.0 a
2252.0 23836.0 312.0 92.0 letter

404.0 24040.0 120.0 92.0 to
624.0 24036.0 112.0 96.0 O.
836.0 24032.0 140.0 92.0 M.
1084.0 24028.0 440.0 112.0 Rogers,
1632.0 24016.0 304.0 96.0 State
2040.0 24004.0 520.0 112.0 Highway

404.0 24192.0 872.0 112.0 Commissioner,
1364.0 24180.0 628.0 112.0 Covington.

532.0 24364.0 340.0 112.0 Judge
996.0 24356.0 356.0 92.0 Buten
1472.0 24340.0 436.0 124.0 pointed
2028.0 24332.0 180.0 96.0 out
2328.0 24324.0 236.0 92.0 that

412.0 24544.0 292.0 76.0 more
808.0 24524.0 272.0 92.0 than
1196.0 24512.0 380.0 112.0 $40,000
1684.0 24532.0 228.0 68.0 was
2016.0 24496.0 304.0 112.0 spent
2432.0 24484.0 132.0 116.0 by

404.0 24680.0 548.0 120.0 Campbell
1032.0 24676.0 424.0 112.0 County
1528.0 24676.0 172.0 88.0 for
1772.0 24668.0 184.0 92.0 the
424.0 24648.0 2140.0 308.0 rights-of-way

744.0 24848.0 168.0 88.0 for
1004.0 24848.0 192.0 88.0 the
1288.0 24840.0 536.0 112.0 highway.
1920.0 24828.0 404.0 108.0 Calling
2416.0 24820.0 108.0 88.0 at-

412.0 25008.0 408.0 92.0 tention
896.0 25008.0 236.0 92.0 also
1204.0 25008.0 112.0 88.0 to
1388.0 25004.0 180.0 88.0 the
1644.0 24988.0 732.0 104.0 construction
2456.0 24980.0 116.0 92.0 of

412.0 25172.0 216.0 88.0 two
756.0 25164.0 436.0 116.0 bridges
1328.0 25188.0 132.0 68.0 on
1604.0 25164.0 308.0 92.0 State
2048.0 25152.0 520.0 112.0 Highway

416.0 25328.0 200.0 104.0 No.
696.0 25328.0 112.0 92.0 10
896.0 25352.0 300.0 68.0 more
1288.0 25328.0 256.0 88.0 than
1640.0 25352.0 64.0 68.0 a
1792.0 25340.0 260.0 92.0 year
2132.0 25336.0 228.0 88.0 ago,
2448.0 25308.0 136.0 92.0 he

412.0 25500.0 516.0 92.0 observed
1032.0 25500.0 244.0 88.0 that
1372.0 25520.0 136.0 68.0 no
1604.0 25516.0 312.0 72.0 move
2020.0 25492.0 188.0 88.0 has
2308.0 25480.0 260.0 96.0 been

420.0 25664.0 304.0 96.0 made
828.0 25664.0 112.0 84.0 to
1036.0 25656.0 292.0 96.0 build
1424.0 25656.0 668.0 112.0 approaches
2188.0 25652.0 108.0 88.0 to
2392.0 25648.0 180.0 88.0 the

416.0 25824.0 456.0 108.0 bridges.

544.0 25984.0 216.0 100.0 The
860.0 25984.0 356.0 112.0 Judge
1324.0 25980.0 672.0 96.0 commented
2108.0 25976.0 464.0 96.0 likewise

416.0 26180.0 140.0 68.0 on
644.0 26152.0 172.0 92.0 the
900.0 26152.0 320.0 112.0 delay
1304.0 26148.0 100.0 92.0 in
1492.0 26152.0 476.0 108.0 treating
2048.0 26140.0 528.0 112.0 Hcringer

424.0 26316.0 260.0 100.0 Tike
784.0 26312.0 260.0 88.0 with
1144.0 26308.0 540.0 116.0 black-top
1780.0 26312.0 420.0 92.0 surface
2300.0 26304.0 272.0 92.0 from

424.0 26476.0 348.0 100.0 Peach
860.0 26476.0 356.0 92.0 Grove
1300.0 26472.0 108.0 92.0 to
1492.0 26472.0 404.0 100.0 Giants
1980.0 26468.0 280.0 96.0 Lick.

552.0 26644.0 116.0 88.0 In
728.0 26640.0 412.0 108.0 closing
1204.0 26640.0 160.0 88.0 his
1424.0 26632.0 344.0 112.0 letter,
1832.0 26636.0 336.0 108.0 Judge
2232.0 26632.0 344.0 92.0 Buten

428.0 26800.0 556.0 120.0 requested
1068.0 26796.0 840.0 96.0 Commissioner
1988.0 26796.0 404.0 112.0 Rogers
2472.0 26800.0 112.0 88.0 to

440.0 26996.0 184.0 64.0 use
736.0 26968.0 164.0 92.0 his
1020.0 26956.0 232.0 96.0 best
1376.0 26960.0 392.0 92.0 efforts
1884.0 26960.0 108.0 92.0 to
2104.0 26964.0 172.0 112.0 get
2400.0 26956.0 136.0 96.0 Im-

428.0 27132.0 460.0 100.0 mediate
1028.0 27128.0 352.0 92.0 action
1524.0 27148.0 136.0 64.0 on
1808.0 27120.0 300.0 116.0 Mary
2252.0 27124.0 332.0 108.0 Inglis

432.0 27300.0 524.0 104.0 Highway
1080.0 27288.0 212.0 92.0 and
1412.0 27280.0 176.0 96.0 the
1712.0 27288.0 636.0 112.0 completion
2472.0 27288.0 116.0 88.0 of

432.0 27464.0 304.0 96.0 ether
800.0 27456.0 480.0 120.0 projects
1352.0 27452.0 96.0 92.0 in
1520.0 27452.0 552.0 112.0 Campbell
2140.0 27452.0 448.0 116.0 County.

2688.0 2648.0 1664.0 456.0 Hermann
4576.0 2640.0 816.0 456.0 Files
5616.0 2648.0 336.0 448.0 In
6184.0 2640.0 1280.0 464.0 Clerk's
7688.0 2648.0 992.0 544.0 Race,

3048.0 3264.0 1496.0 568.0 Heading
4784.0 3264.0 2208.0 464.0 Three-Score
7240.0 3264.0 1728.0 568.0 Aspirants

3488.0 3896.0 1744.0 560.0 Declaring
5472.0 3904.0 616.0 448.0 For
6328.0 3904.0 1304.0 560.0 August
7880.0 3904.0 1488.0 560.0 Primary

2804.0 4716.0 368.0 116.0 Mayor
3280.0 4708.0 408.0 124.0 Joseph
3804.0 4712.0 124.0 96.0 G.
4044.0 4716.0 560.0 92.0 Hermann
4716.0 4712.0 116.0 96.0 of

2676.0 4884.0 512.0 112.0 Newport
3292.0 4884.0 168.0 92.0 led
3580.0 4912.0 64.0 68.0 a
3756.0 4884.0 396.0 120.0 parade
4268.0 4884.0 116.0 92.0 of
4492.0 4884.0 292.0 92.0 three-

2672.0 5076.0 312.0 72.0 score
3104.0 5052.0 544.0 92.0 Northern
3776.0 5052.0 580.0 116.0 Kentucky
4480.0 5048.0 304.0 96.0 candi-

2676.0 5220.0 316.0 92.0 dates
3096.0 5220.0 216.0 96.0 into
3420.0 5220.0 440.0 96.0 Kenton
3964.0 5224.0 212.0 92.0 and
4288.0 5216.0 536.0 116.0 Campbell

2672.0 5384.0 428.0 120.0 County
3164.0 5384.0 400.0 100.0 Clerks'
3636.0 5388.0 388.0 96.0 offices
4088.0 5388.0 564.0 116.0 yesterday
4716.0 5388.0 108.0 92.0 to

2680.0 5556.0 188.0 92.0 file
2956.0 5556.0 268.0 96.0 their
3308.0 5556.0 680.0 112.0 nominating
4076.0 5556.0 504.0 116.0 petitions
4664.0 5556.0 120.0 92.0 be-

2676.0 5728.0 236.0 92.0 fore
3008.0 5728.0 172.0 92.0 the
3268.0 5728.0 492.0 92.0 deadline
3848.0 5728.0 116.0 92.0 at
4056.0 5724.0 532.0 116.0 midnight
4680.0 5728.0 108.0 88.0 to-

2676.0 5892.0 320.0 112.0 night
3068.0 5896.0 160.0 92.0 for
3300.0 5904.0 316.0 108.0 entry
3696.0 5896.0 104.0 92.0 In
3876.0 5900.0 176.0 88.0 the
4132.0 5896.0 412.0 112.0 August
4624.0 5892.0 160.0 116.0 pri-

2676.0 6088.0 316.0 88.0 mary
3052.0 6068.0 648.0 112.0 campaigns.

2804.0 6232.0 368.0 116.0 Mayor
3228.0 6236.0 560.0 92.0 Hermann
3856.0 6232.0 248.0 92.0 filed
4172.0 6260.0 120.0 64.0 as
4352.0 6260.0 64.0 68.0 a
4476.0 6228.0 304.0 96.0 candi-

2672.0 6404.0 256.0 92.0 date
2984.0 6408.0 160.0 92.0 for
3192.0 6408.0 176.0 92.0 the
3420.0 6400.0 688.0 96.0 Democratic
4168.0 6400.0 656.0 96.0 nomination

2676.0 6572.0 176.0 92.0 for
2976.0 6572.0 532.0 116.0 Campbell
3640.0 6572.0 420.0 112.0 County
4184.0 6568.0 348.0 104.0 Clerk,
4660.0 6568.0 164.0 88.0 for

2680.0 6740.0 352.0 96.0 which
3124.0 6748.0 120.0 88.0 he
3336.0 6740.0 332.0 116.0 likely
3760.0 6740.0 208.0 88.0 will
4064.0 6740.0 272.0 88.0 have
4432.0 6760.0 132.0 68.0 no
4656.0 6760.0 132.0 84.0 op-

2680.0 6912.0 488.0 120.0 position.
3316.0 6912.0 204.0 92.0 His
3620.0 6908.0 664.0 92.0 declaration
4384.0 6912.0 108.0 88.0 of
4588.0 6928.0 196.0 68.0 can-

2668.0 7084.0 392.0 108.0 didacy
3160.0 7104.0 212.0 64.0 was
3484.0 7072.0 380.0 116.0 signed
3976.0 7072.0 136.0 116.0 by
4220.0 7072.0 392.0 96.0 Claude
4720.0 7072.0 116.0 92.0 G.

2676.0 7252.0 392.0 108.0 Bonar,
3152.0 7244.0 584.0 96.0 Chairman
3824.0 7240.0 112.0 92.0 of
4024.0 7240.0 176.0 92.0 the
4284.0 7236.0 540.0 116.0 Campbell

2676.0 7416.0 424.0 112.0 County
3200.0 7412.0 684.0 100.0 Democratic
3992.0 7404.0 432.0 100.0 Central
4532.0 7408.0 252.0 92.0 Com-

2676.0 7584.0 376.0 92.0 mittee
3156.0 7580.0 200.0 96.0 and
3468.0 7576.0 688.0 96.0 Democratic
4264.0 7572.0 560.0 96.0 candidate

2676.0 7756.0 176.0 88.0 for
2948.0 7752.0 404.0 108.0 County
3448.0 7748.0 320.0 96.0 Clerk
3864.0 7748.0 244.0 92.0 four
4196.0 7768.0 312.0 92.0 years
4596.0 7768.0 224.0 88.0 ago,

2672.0 7916.0 224.0 96.0 and
2992.0 7916.0 460.0 92.0 William
3544.0 7912.0 100.0 100.0 J.
3740.0 7912.0 488.0 116.0 Higgins,
4324.0 7916.0 500.0 112.0 Newport

2672.0 8088.0 252.0 112.0 City
2980.0 8084.0 332.0 96.0 Clerk.

2796.0 8256.0 344.0 112.0 Entry
3204.0 8260.0 116.0 92.0 of
3392.0 8252.0 564.0 92.0 Hermann
4036.0 8248.0 224.0 96.0 Into
4332.0 8252.0 176.0 92.0 the
4584.0 8276.0 236.0 64.0 race

2672.0 8424.0 492.0 92.0 followed
3248.0 8448.0 64.0 64.0 a
3400.0 8416.0 672.0 96.0 last-minute
4160.0 8420.0 464.0 88.0 decision
4712.0 8420.0 108.0 92.0 of

2672.0 8592.0 372.0 92.0 Bonar
3120.0 8596.0 168.0 88.0 not
3376.0 8596.0 116.0 84.0 to
3576.0 8588.0 432.0 92.0 become
4088.0 8616.0 64.0 64.0 a
4232.0 8588.0 584.0 92.0 candidate.

2668.0 8760.0 308.0 96.0 Until
3032.0 8784.0 188.0 72.0 one
3280.0 8768.0 376.0 84.0 month
3720.0 8784.0 204.0 88.0 ago
3984.0 8764.0 356.0 92.0 Bonar
4396.0 8756.0 204.0 92.0 had
4656.0 8784.0 116.0 64.0 ex-

2668.0 8928.0 384.0 112.0 pected
3176.0 8936.0 108.0 88.0 to
3424.0 8928.0 260.0 92.0 seek
3828.0 8928.0 180.0 92.0 the
4148.0 8928.0 664.0 92.0 Democratic

2672.0 9100.0 660.0 92.0 nomination
3432.0 9096.0 172.0 92.0 for
3696.0 9092.0 416.0 116.0 County
4204.0 9096.0 308.0 92.0 Clerk
4604.0 9100.0 208.0 88.0 this

2664.0 9296.0 300.0 88.0 year.
3024.0 9272.0 500.0 88.0 Business
3592.0 9264.0 504.0 96.0 Interests
4156.0 9268.0 384.0 92.0 caused
4600.0 9264.0 212.0 96.0 him

2668.0 9440.0 112.0 92.0 to
2876.0 9436.0 348.0 92.0 decide
3312.0 9436.0 108.0 92.0 to
3504.0 9436.0 328.0 92.0 retire
3920.0 9440.0 280.0 88.0 from
4288.0 9440.0 176.0 84.0 the
4548.0 9456.0 264.0 84.0 race,

2664.0 9636.0 68.0 68.0 a
2808.0 9604.0 456.0 96.0 decision
3340.0 9604.0 128.0 92.0 he
3540.0 9604.0 312.0 92.0 made
3924.0 9604.0 264.0 92.0 final
4260.0 9604.0 552.0 116.0 yesterday

2668.0 9780.0 416.0 112.0 despite
3188.0 9772.0 180.0 96.0 the
3492.0 9772.0 576.0 92.0 insistence
4188.0 9772.0 112.0 92.0 of
4416.0 9772.0 72.0 92.0 fi
4524.0 9772.0 288.0 92.0 lends

2668.0 9948.0 252.0 92.0 that
2988.0 9948.0 120.0 88.0 he
3176.0 9940.0 428.0 92.0 become
3676.0 9968.0 64.0 68.0 a
3808.0 9940.0 596.0 96.0 candidate.

2788.0 10112.0 344.0 92.0 When
3236.0 10112.0 368.0 92.0 Bonar
3716.0 10104.0 532.0 100.0 indicated
4356.0 10104.0 240.0 100.0 that
4700.0 10108.0 128.0 88.0 h5

2668.0 10284.0 312.0 92.0 could
3076.0 10288.0 176.0 84.0 not
3348.0 10280.0 128.0 92.0 be
3572.0 10304.0 64.0 68.0 a
3728.0 10276.0 604.0 104.0 candidate,
4428.0 10272.0 400.0 92.0 friends

2664.0 10448.0 124.0 96.0 of
2864.0 10452.0 544.0 92.0 Hermann
3492.0 10448.0 212.0 92.0 and
3788.0 10444.0 412.0 92.0 friends
4280.0 10448.0 112.0 92.0 of
4480.0 10440.0 348.0 92.0 Bonar

2660.0 10624.0 344.0 92.0 asked
3068.0 10624.0 164.0 88.0 the
3292.0 10620.0 380.0 112.0 Mayor
3732.0 10624.0 108.0 84.0 to
3908.0 10616.0 240.0 88.0 seek
4220.0 10620.0 180.0 88.0 the
4464.0 10616.0 324.0 88.0 Demo-

2660.0 10760.0 348.0 88.0 cratic
3084.0 10752.0 696.0 96.0 nomination.
3864.0 10756.0 548.0 88.0 Hermann
4464.0 10744.0 364.0 116.0 finally

2664.0 10892.0 396.0 104.0 agreed
3116.0 10896.0 104.0 84.0 to
3276.0 10896.0 176.0 104.0 get
3516.0 10892.0 224.0 88.0 into
3796.0 10884.0 180.0 104.0 the
4036.0 10908.0 244.0 68.0 race
4344.0 10880.0 80.0 92.0 if
4476.0 10880.0 352.0 96.0 Bonar

2664.0 11032.0 384.0 108.0 stayed
3152.0 11036.0 204.0 80.0 out.
3532.0 11020.0 500.0 96.0 Decision
4164.0 11044.0 116.0 68.0 ns
4384.0 11024.0 112.0 88.0 to
4596.0 11016.0 232.0 92.0 who

2664.0 11164.0 356.0 92.0 would
3080.0 11164.0 240.0 88.0 seek
3384.0 11164.0 184.0 88.0 the
3636.0 11160.0 664.0 92.0 nomination
4368.0 11176.0 216.0 68.0 was
4648.0 11160.0 176.0 84.0 not

2668.0 11300.0 456.0 92.0 reached
3212.0 11300.0 268.0 92.0 until
3568.0 11300.0 212.0 88.0 late
3864.0 11300.0 596.0 108.0 yesterday.

2796.0 11440.0 112.0 88.0 "I
2968.0 11440.0 172.0 108.0 got
3200.0 11440.0 220.0 84.0 Into
3480.0 11436.0 184.0 92.0 the
3732.0 11456.0 244.0 68.0 race
4036.0 11436.0 116.0 84.0 at
4208.0 11432.0 180.0 88.0 the
4452.0 11432.0 376.0 100.0 urgent

2672.0 11584.0 432.0 100.0 request
3160.0 11572.0 112.0 92.0 of
3332.0 11596.0 172.0 88.0 my
3572.0 11572.0 412.0 100.0 friends
4052.0 11572.0 100.0 88.0 in
4224.0 11568.0 172.0 96.0 the
4468.0 11564.0 324.0 88.0 Demo-

2668.0 11708.0 348.0 96.0 cratic
3120.0 11708.0 396.0 112.0 party,"
3628.0 11704.0 560.0 92.0 Hermann
4296.0 11696.0 228.0 96.0 said
4628.0 11700.0 196.0 96.0 last

3080.0 12144.0 1344.0 376.0 FRANCHISE

2672.0 12900.0 444.0 256.0 For
3212.0 12896.0 424.0 256.0 Gas
3744.0 12884.0 1084.0 268.0 Awarded

2684.0 13620.0 176.0 200.0 In
2960.0 13620.0 364.0 200.0 Fort
3420.0 13612.0 700.0 204.0 Thomas
4448.0 13608.0 376.0 204.0 New

2892.0 13956.0 480.0 200.0 Kates
3448.0 13952.0 224.0 200.0 To
3752.0 13948.0 216.0 204.0 Be
4052.0 13944.0 560.0 204.0 Lower

2668.0 14516.0 2160.0 204.0 ThanCity'sPresentSchedule,

2812.0 14768.0 276.0 156.0 But
3152.0 14764.0 528.0 152.0 Exceed
3756.0 14756.0 928.0 196.0 Neighboring

3064.0 14992.0 728.0 192.0 Kentucky
3912.0 14992.0 516.0 152.0 Points.

2784.0 15496.0 532.0 116.0 Although
3412.0 15496.0 184.0 92.0 the
3692.0 15492.0 232.0 96.0 bids
4012.0 15488.0 580.0 100.0 submitted
4688.0 15488.0 132.0 116.0 by

2656.0 15668.0 184.0 92.0 the
2928.0 15664.0 332.0 96.0 Union
3344.0 15664.0 356.0 112.0 Light,
3792.0 15660.0 284.0 96.0 Heat
4160.0 15660.0 204.0 92.0 and
4456.0 15660.0 364.0 92.0 Power

2652.0 15832.0 576.0 116.0 Company,
3308.0 15836.0 168.0 88.0 for
3556.0 15856.0 64.0 68.0 a
3692.0 15856.0 508.0 88.0 one-year
4272.0 15852.0 188.0 88.0 gas
4540.0 15828.0 236.0 92.0 fran-

2652.0 16004.0 304.0 92.0 chise
3052.0 16000.0 100.0 100.0 in
3248.0 16000.0 264.0 92.0 Fort
3604.0 16000.0 500.0 108.0 Thomas,
4196.0 15992.0 204.0 96.0 call
4500.0 15996.0 168.0 92.0 for
4760.0 16016.0 60.0 68.0 a

2656.0 16172.0 444.0 112.0 slightly
3172.0 16168.0 380.0 112.0 higher
3628.0 16172.0 228.0 88.0 rate
3940.0 16164.0 260.0 96.0 than
4288.0 16164.0 236.0 92.0 that
4600.0 16184.0 180.0 92.0 pre-

2656.0 16336.0 408.0 112.0 vailing
3152.0 16336.0 100.0 92.0 In
3352.0 16336.0 548.0 112.0 Newport,
3996.0 16332.0 524.0 108.0 Bellevue,
4612.0 16324.0 208.0 92.0 and

2656.0 16508.0 464.0 112.0 Dayton,
3208.0 16504.0 260.0 92.0 Fort
3548.0 16500.0 472.0 96.0 Thomas
4100.0 16496.0 436.0 100.0 Council
4620.0 16492.0 204.0 96.0 last

2652.0 16672.0 320.0 116.0 night
3048.0 16672.0 496.0 96.0 awarded
3628.0 16672.0 176.0 88.0 the
3888.0 16672.0 488.0 84.0 contract
4460.0 16668.0 108.0 84.0 to
4648.0 16664.0 176.0 92.0 the

2656.0 16844.0 368.0 112.0 utility
3100.0 16864.0 552.0 88.0 company.

2780.0 17012.0 224.0 92.0 The
3148.0 17008.0 508.0 112.0 majority
3800.0 17004.0 116.0 92.0 of
4060.0 17004.0 180.0 88.0 the
4388.0 16996.0 432.0 96.0 Council

2652.0 17180.0 532.0 96.0 members
3244.0 17180.0 240.0 88.0 who
3548.0 17176.0 312.0 88.0 voted
3932.0 17168.0 100.0 92.0 in
4100.0 17172.0 308.0 88.0 favor
4472.0 17168.0 108.0 92.0 of
4644.0 17164.0 176.0 92.0 the

2660.0 17348.0 540.0 92.0 franchise
3300.0 17340.0 568.0 116.0 explained
3972.0 17340.0 228.0 88.0 that
4300.0 17336.0 180.0 88.0 the
4596.0 17356.0 224.0 68.0 new

2652.0 17516.0 492.0 92.0 contract
3264.0 17512.0 268.0 92.0 calls
3664.0 17508.0 172.0 92.0 for
3960.0 17528.0 64.0 68.0 a
4152.0 17504.0 316.0 88.0 lower
4592.0 17508.0 224.0 84.0 rate

2656.0 17684.0 272.0 92.0 than
3036.0 17680.0 212.0 88.0 that
3372.0 17700.0 236.0 68.0 now
3720.0 17668.0 600.0 120.0 prevailing
4432.0 17672.0 96.0 88.0 in
4644.0 17668.0 172.0 88.0 the

2652.0 17848.0 256.0 112.0 city,
3000.0 17848.0 196.0 88.0 and
3284.0 17844.0 112.0 92.0 to
3492.0 17840.0 360.0 92.0 refuse
3944.0 17840.0 180.0 88.0 the
4216.0 17832.0 172.0 96.0 bid
4480.0 17828.0 332.0 96.0 would

2656.0 18016.0 340.0 92.0 result
3136.0 18012.0 100.0 96.0 in
3388.0 18004.0 544.0 112.0 litigation
4084.0 18000.0 236.0 96.0 that
4484.0 17996.0 328.0 96.0 would

2656.0 18208.0 328.0 68.0 cause
3072.0 18180.0 168.0 88.0 the
3336.0 18180.0 436.0 112.0 present
3868.0 18172.0 380.0 112.0 higher
4344.0 18172.0 280.0 88.0 rates
4720.0 18168.0 100.0 88.0 to

2656.0 18352.0 332.0 112.0 apply
3072.0 18348.0 156.0 92.0 for
3316.0 18344.0 464.0 88.0 another
3864.0 18364.0 260.0 88.0 year
4208.0 18336.0 112.0 92.0 at
4408.0 18332.0 292.0 96.0 least.

2784.0 18520.0 224.0 92.0 The
3104.0 18536.0 224.0 72.0 new
3428.0 18504.0 556.0 96.0 franchise
4088.0 18504.0 208.0 100.0 will
4400.0 18500.0 420.0 92.0 become

2648.0 18684.0 508.0 92.0 effective
3224.0 18680.0 428.0 112.0 August
3728.0 18676.0 80.0 92.0 1.
3944.0 18672.0 224.0 88.0 The
4248.0 18672.0 288.0 88.0 rates
4612.0 18664.0 208.0 92.0 will

2648.0 18856.0 136.0 96.0 be
2876.0 18852.0 112.0 92.0 75
3068.0 18856.0 292.0 88.0 cents
3448.0 18872.0 68.0 68.0 a
3604.0 18840.0 268.0 108.0 1,000
3956.0 18836.0 308.0 96.0 cubic
4352.0 18836.0 216.0 88.0 feet
4656.0 18836.0 164.0 92.0 for

2652.0 19028.0 192.0 88.0 the
2964.0 19024.0 232.0 88.0 first
3308.0 19016.0 300.0 104.0 2,000,
3724.0 19012.0 116.0 88.0 70
3960.0 19012.0 304.0 88.0 cents
4380.0 19032.0 56.0 68.0 a
4560.0 19000.0 264.0 104.0 1,000

2652.0 19188.0 316.0 96.0 cubic
3056.0 19188.0 208.0 92.0 feet
3356.0 19184.0 172.0 92.0 for
3616.0 19184.0 180.0 88.0 the
3892.0 19180.0 244.0 88.0 next
4228.0 19172.0 288.0 104.0 2,000,
4608.0 19168.0 208.0 92.0 and

2652.0 19356.0 628.0 116.0 decreasing
3420.0 19344.0 928.0 120.0 proportionately
4480.0 19360.0 132.0 72.0 on
4756.0 19360.0 60.0 64.0 a

2652.0 19524.0 588.0 112.0 graduated
3372.0 19516.0 288.0 92.0 scale
3788.0 19512.0 168.0 92.0 for
4072.0 19500.0 744.0 116.0 consumption

2656.0 19716.0 152.0 96.0 up
2888.0 19696.0 108.0 92.0 to
3068.0 19688.0 312.0 108.0 10,000
3456.0 19688.0 252.0 88.0 feet.

2796.0 19856.0 220.0 104.0 The
3088.0 19856.0 428.0 116.0 present
3592.0 19860.0 288.0 84.0 rates
3952.0 19868.0 184.0 68.0 are
4204.0 19840.0 116.0 92.0 75
4392.0 19840.0 292.0 92.0 cents
4756.0 19860.0 60.0 68.0 a

2668.0 20028.0 280.0 112.0 1,000
3024.0 20028.0 292.0 96.0 cubic
3408.0 20028.0 220.0 88.0 feet
3720.0 20020.0 164.0 92.0 for
3972.0 20016.0 180.0 92.0 the
4232.0 20012.0 244.0 92.0 first
4560.0 20004.0 260.0 108.0 5,000

2668.0 20200.0 312.0 100.0 cubic
3052.0 20200.0 208.0 92.0 feet
3332.0 20200.0 212.0 92.0 and
3624.0 20188.0 116.0 92.0 70
3812.0 20188.0 300.0 88.0 cents
4192.0 20208.0 56.0 64.0 a
4324.0 20176.0 260.0 108.0 1,000
4652.0 20176.0 168.0 92.0 for

2668.0 20376.0 192.0 88.0 the
2932.0 20372.0 228.0 92.0 next
3228.0 20368.0 292.0 100.0 5,000.

2796.0 20540.0 132.0 100.0 In
3000.0 20540.0 512.0 116.0 opposing
3580.0 20532.0 180.0 92.0 the
3832.0 20524.0 560.0 104.0 awarding
4460.0 20524.0 108.0 88.0 of
4644.0 20516.0 172.0 92.0 the

2672.0 20716.0 216.0 100.0 bid.
2952.0 20708.0 688.0 96.0 Councilman
3712.0 20700.0 108.0 88.0 C.
3888.0 20696.0 232.0 108.0 Roy
4188.0 20692.0 384.0 108.0 Shoup,
4640.0 20684.0 176.0 92.0 the

2668.0 20884.0 256.0 112.0 only
2996.0 20880.0 460.0 92.0 member
3524.0 20872.0 108.0 92.0 to
3704.0 20868.0 240.0 88.0 vote
4012.0 20864.0 104.0 88.0 In
4192.0 20856.0 620.0 116.0 opposition,

2672.0 21044.0 552.0 116.0 explained
3364.0 21044.0 132.0 88.0 he
3640.0 21032.0 440.0 96.0 favored
4220.0 21032.0 180.0 92.0 the
4532.0 21052.0 288.0 64.0 same

2680.0 21200.0 296.0 80.0 rates
3036.0 21188.0 160.0 88.0 for
3260.0 21184.0 260.0 88.0 Fort
3584.0 21176.0 468.0 92.0 Thomas
4108.0 21196.0 124.0 64.0 as
4292.0 21172.0 168.0 88.0 for
4520.0 21168.0 304.0 84.0 other

2672.0 21324.0 536.0 96.0 Northern
3316.0 21312.0 580.0 108.0 Kentucky
3988.0 21308.0 332.0 88.0 cities.
4468.0 21304.0 356.0 108.0 Shoup

2672.0 21460.0 464.0 112.0 charged
3264.0 21456.0 244.0 92.0 that
3640.0 21448.0 520.0 108.0 although
4292.0 21444.0 176.0 88.0 the
4596.0 21460.0 228.0 68.0 new

2680.0 21608.0 292.0 84.0 rates
3060.0 21620.0 168.0 68.0 are
3336.0 21596.0 324.0 88.0 lower
3752.0 21588.0 264.0 92.0 than
4120.0 21584.0 180.0 92.0 the
4404.0 21580.0 416.0 112.0 present

2672.0 21764.0 296.0 80.0 ones,
3068.0 21736.0 168.0 88.0 the
3348.0 21728.0 256.0 92.0 Fort
3708.0 21720.0 468.0 92.0 Thomas
4264.0 21736.0 560.0 72.0 consumer

2676.0 21876.0 216.0 92.0 will
2976.0 21900.0 192.0 88.0 pay
3244.0 21892.0 136.0 68.0 an
3468.0 21884.0 464.0 84.0 average
4004.0 21860.0 112.0 88.0 of
4188.0 21856.0 56.0 92.0 6
4324.0 21880.0 184.0 88.0 per
4584.0 21872.0 236.0 68.0 cent

2676.0 22032.0 300.0 68.0 more
3056.0 22008.0 248.0 92.0 than
3400.0 22004.0 184.0 92.0 the
3672.0 22020.0 192.0 84.0 gas
3952.0 22020.0 304.0 64.0 users
4340.0 21992.0 108.0 88.0 of
4532.0 21988.0 252.0 92.0 New-

2676.0 22152.0 276.0 112.0 port,
3020.0 22144.0 524.0 104.0 Bellevue,
3612.0 22136.0 208.0 96.0 and
3888.0 22132.0 456.0 112.0 Dayton.

2796.0 22280.0 692.0 100.0 Councilman
3596.0 22276.0 228.0 92.0 Fan
3924.0 22268.0 572.0 100.0 Schwartz,
4588.0 22260.0 236.0 88.0 who

2676.0 22424.0 316.0 92.0 voted
3108.0 22424.0 96.0 92.0 in
3324.0 22420.0 312.0 88.0 favor
3756.0 22408.0 112.0 92.0 of
3980.0 22408.0 184.0 92.0 the
4280.0 22400.0 540.0 96.0 franchise

2680.0 22556.0 396.0 112.0 award,
3240.0 22552.0 572.0 112.0 explained
4000.0 22544.0 244.0 92.0 that
4432.0 22536.0 392.0 92.0 refusal

2684.0 22696.0 344.0 96.0 would
3120.0 22692.0 336.0 92.0 result
3556.0 22692.0 104.0 92.0 in
3756.0 22708.0 68.0 68.0 a
3916.0 22680.0 580.0 116.0 prolonged
4592.0 22696.0 188.0 68.0 con-

2680.0 22840.0 480.0 104.0 troversy
3236.0 22832.0 108.0 88.0 in
3424.0 22828.0 336.0 88.0 court.
3916.0 22820.0 160.0 92.0 He
4164.0 22816.0 236.0 92.0 said
4484.0 22812.0 80.0 88.0 it
4648.0 22808.0 172.0 92.0 did

2680.0 22980.0 196.0 84.0 not
2972.0 22988.0 392.0 92.0 appear
3468.0 22964.0 220.0 92.0 fair
3788.0 22980.0 120.0 68.0 or
4000.0 22944.0 616.0 100.0 reasonable
4716.0 22952.0 112.0 84.0 to

2680.0 23108.0 472.0 112.0 penalize
3216.0 23104.0 184.0 92.0 the
3472.0 23096.0 356.0 120.0 public
3896.0 23092.0 136.0 112.0 by
4096.0 23088.0 484.0 112.0 refusing
4644.0 23080.0 180.0 96.0 the

2680.0 23248.0 328.0 88.0 lower
3144.0 23244.0 288.0 88.0 rates
3576.0 23232.0 456.0 96.0 offered.
4232.0 23224.0 220.0 92.0 The
4596.0 23240.0 228.0 72.0 new

2684.0 23376.0 540.0 100.0 franchise
3308.0 23372.0 216.0 96.0 will
3612.0 23368.0 360.0 116.0 expire
4060.0 23364.0 412.0 112.0 shortly
4544.0 23356.0 284.0 92.0 after

2684.0 23524.0 192.0 92.0 the
2952.0 23508.0 604.0 104.0 Cincinnati
3652.0 23504.0 544.0 96.0 franchise
4280.0 23500.0 116.0 88.0 at
4484.0 23496.0 344.0 88.0 which

2684.0 23660.0 268.0 92.0 time
3072.0 23652.0 252.0 92.0 Fort
3452.0 23644.0 476.0 92.0 Thomas
4048.0 23660.0 204.0 68.0 can
4376.0 23632.0 220.0 116.0 join
4720.0 23632.0 108.0 88.0 in

2684.0 23792.0 468.0 108.0 fighting
3228.0 23784.0 176.0 92.0 for
3484.0 23780.0 324.0 92.0 lower
3888.0 23780.0 316.0 96.0 rates,
4288.0 23772.0 540.0 88.0 Schwartz

2680.0 23928.0 376.0 96.0 added.

2672.0 24248.0 596.0 184.0 PICNIC
3356.0 24240.0 580.0 184.0 PLANS
4024.0 24232.0 624.0 184.0 HEARD

2856.0 24524.0 228.0 172.0 BY
3152.0 24500.0 1152.0 192.0 REPUBLICAN
4380.0 24496.0 456.0 184.0 CLUB

2812.0 24996.0 316.0 92.0 Plans
3180.0 24992.0 168.0 88.0 for
3404.0 24988.0 184.0 88.0 the
3644.0 24980.0 396.0 100.0 annual
4096.0 24976.0 344.0 116.0 picnic
4492.0 24976.0 112.0 92.0 of
4656.0 24976.0 176.0 96.0 the

2680.0 25160.0 540.0 116.0 Campbell
3292.0 25152.0 432.0 120.0 County
3800.0 25144.0 664.0 116.0 Republican
4544.0 25140.0 292.0 112.0 Club,

2684.0 25336.0 116.0 88.0 to
2884.0 25328.0 124.0 96.0 be
3088.0 25324.0 240.0 96.0 held
3412.0 25332.0 116.0 84.0 at
3608.0 25316.0 440.0 116.0 Bregels
4128.0 25316.0 380.0 100.0 Grove,
4588.0 25308.0 204.0 92.0 Mel-

2680.0 25500.0 432.0 100.0 bourne,
3188.0 25492.0 424.0 112.0 August
3700.0 25484.0 140.0 108.0 22,
3928.0 25504.0 276.0 68.0 were
4292.0 25476.0 536.0 96.0 discussed

2684.0 25668.0 116.0 92.0 at
2868.0 25692.0 64.0 68.0 a
2996.0 25660.0 460.0 112.0 meeting
3516.0 25656.0 120.0 92.0 of
3700.0 25656.0 180.0 92.0 the
3948.0 25648.0 240.0 92.0 club
4256.0 25644.0 208.0 96.0 last
4536.0 25644.0 296.0 108.0 night

2684.0 25836.0 116.0 92.0 at
2932.0 25824.0 656.0 116.0 Republican
3728.0 25820.0 800.0 108.0 headquarters,
4656.0 25808.0 168.0 92.0 341

2692.0 26000.0 292.0 92.0 York
3064.0 25996.0 372.0 104.0 Street,
3524.0 25992.0 540.0 112.0 Newport.

2816.0 26164.0 516.0 112.0 Speakers
3424.0 26156.0 492.0 96.0 Included
4008.0 26156.0 344.0 108.0 Judge
4472.0 26148.0 360.0 92.0 Alfred

2688.0 26332.0 124.0 92.0 G.
2924.0 26328.0 536.0 116.0 Maybury,
3560.0 26324.0 456.0 96.0 Clifford
4124.0 26320.0 320.0 100.0 Grau,
4552.0 26316.0 240.0 92.0 Law-

2692.0 26524.0 312.0 68.0 rence
3136.0 26496.0 520.0 96.0 Bauman,
3796.0 26488.0 436.0 116.0 Stanley
4372.0 26484.0 456.0 104.0 Moebus,

2696.0 26636.0 424.0 116.0 Harvey
3196.0 26632.0 312.0 100.0 Wolf,
3588.0 26628.0 440.0 96.0 Charles
4108.0 26624.0 440.0 100.0 Wirsch,
4624.0 26624.0 204.0 96.0 and

2696.0 26772.0 160.0 96.0 Ed
2940.0 26772.0 368.0 92.0 Hesch.

2816.0 26912.0 160.0 88.0 All
3064.0 26904.0 316.0 112.0 uiged
3488.0 26932.0 64.0 64.0 a
3660.0 26900.0 184.0 96.0 full
3944.0 26900.0 676.0 104.0 registration
4724.0 26900.0 112.0 88.0 of

2692.0 27056.0 360.0 84.0 voters
3180.0 27044.0 168.0 92.0 for
3484.0 27044.0 180.0 88.0 the
3804.0 27040.0 424.0 104.0 coming
4360.0 27036.0 472.0 92.0 election.

2700.0 27184.0 724.0 108.0 Registration
3524.0 27180.0 260.0 88.0 ends
3884.0 27172.0 528.0 116.0 Saturday
4508.0 27176.0 328.0 112.0 night,

2700.0 27316.0 336.0 116.0 Leroy
3100.0 27312.0 688.0 96.0 Sendelback.
3860.0 27312.0 556.0 92.0 President
4480.0 27320.0 108.0 88.0 of
4656.0 27320.0 180.0 88.0 the

2692.0 27456.0 280.0 112.0 club,
3040.0 27452.0 520.0 120.0 presided.

5400.0 8108.0 48.0 108.0 r
5796.0 8044.0 176.0 168.0 -A

5952.0 8208.0 28.0 188.0 i
6252.0 8224.0 124.0 128.0 v

5220.0 8932.0 532.0 92.0 JOSKPIl
5824.0 8928.0 116.0 92.0 O.
6008.0 8928.0 772.0 92.0 HKHMANN.

4928.0 9228.0 336.0 112.0 night.
5380.0 9228.0 168.0 92.0 "If
5668.0 9228.0 44.0 92.0 I
5836.0 9256.0 164.0 64.0 am
6132.0 9224.0 408.0 92.0 elected
6672.0 9216.0 420.0 108.0 County

4924.0 9364.0 316.0 92.0 Clerk
5344.0 9364.0 44.0 96.0 I
5492.0 9364.0 204.0 100.0 will
5804.0 9388.0 296.0 64.0 serve
6208.0 9364.0 184.0 88.0 the
6504.0 9356.0 368.0 116.0 people
6984.0 9352.0 112.0 88.0 of

4928.0 9496.0 536.0 112.0 Campbell
5552.0 9500.0 408.0 116.0 County
6044.0 9520.0 116.0 72.0 as
6248.0 9520.0 60.0 64.0 a
6412.0 9492.0 340.0 92.0 whole
6840.0 9512.0 120.0 68.0 as
7044.0 9488.0 44.0 92.0 I

4928.0 9636.0 268.0 92.0 have
5252.0 9636.0 364.0 92.0 served
5680.0 9636.0 168.0 92.0 the
5916.0 9632.0 356.0 120.0 people
6336.0 9632.0 112.0 88.0 of
6488.0 9624.0 604.0 116.0 Newport."

5048.0 9800.0 548.0 96.0 Hermann
5672.0 9800.0 448.0 96.0 recalled
6200.0 9824.0 120.0 64.0 as
6400.0 9792.0 504.0 96.0 evidence
6984.0 9792.0 112.0 92.0 of

4928.0 9940.0 236.0 92.0 that
5244.0 9944.0 400.0 88.0 service
5720.0 9944.0 172.0 88.0 the
5976.0 9940.0 216.0 88.0 fact
6280.0 9936.0 236.0 92.0 that
6612.0 9932.0 284.0 108.0 prior
7032.0 9952.0 60.0 60.0 o

4932.0 10076.0 164.0 92.0 his
5180.0 10076.0 444.0 92.0 election
5708.0 10104.0 116.0 64.0 as
5908.0 10072.0 372.0 112.0 Mayor
6364.0 10072.0 116.0 88.0 of
6584.0 10072.0 504.0 104.0 Newport

4928.0 10212.0 100.0 92.0 in
5112.0 10212.0 224.0 92.0 1935
5412.0 10212.0 124.0 100.0 he
5616.0 10212.0 196.0 92.0 had
5892.0 10208.0 552.0 112.0 employed
6520.0 10204.0 572.0 108.0 engineers

4928.0 10352.0 108.0 84.0 to
5100.0 10348.0 304.0 92.0 make
5468.0 10376.0 64.0 64.0 a
5592.0 10372.0 376.0 88.0 survey
6028.0 10348.0 116.0 88.0 of
6204.0 10348.0 184.0 88.0 the
6456.0 10344.0 428.0 92.0 streets,
6948.0 10336.0 96.0 92.0 al-

4924.0 10488.0 244.0 108.0 leys,
5252.0 10492.0 196.0 88.0 and
5536.0 10508.0 384.0 68.0 sewers
5996.0 10484.0 108.0 88.0 of
6180.0 10476.0 544.0 116.0 Newport.
6840.0 10480.0 248.0 88.0 "We

4928.0 10616.0 416.0 92.0 worked
5420.0 10644.0 312.0 88.0 many
5792.0 10620.0 356.0 108.0 nights
6208.0 10616.0 276.0 92.0 until
6552.0 10608.0 536.0 108.0 midnight

4928.0 10760.0 100.0 88.0 in
5088.0 10756.0 176.0 92.0 the
5316.0 10756.0 424.0 92.0 months
5796.0 10760.0 112.0 84.0 of
5960.0 10752.0 608.0 92.0 November
6620.0 10744.0 208.0 92.0 and
6896.0 10756.0 152.0 88.0 De-

4924.0 10888.0 424.0 96.0 cember
5428.0 10888.0 560.0 120.0 preparing
6064.0 10912.0 196.0 68.0 our
6344.0 10904.0 448.0 88.0 surveys
6872.0 10876.0 212.0 96.0 and

4924.0 11028.0 396.0 104.0 setting
5452.0 11056.0 136.0 88.0 up
5716.0 11028.0 376.0 88.0 Works
6224.0 11028.0 528.0 108.0 Progress
6884.0 11020.0 156.0 84.0 Ad-

4928.0 11164.0 716.0 88.0 ministration
5804.0 11160.0 552.0 116.0 projects,"
6528.0 11164.0 124.0 88.0 he
6820.0 11152.0 260.0 92.0 said.

4928.0 11300.0 388.0 88.0 "When
5436.0 11300.0 48.0 92.0 I
5592.0 11304.0 240.0 88.0 took
5940.0 11300.0 324.0 88.0 office
6376.0 11296.0 492.0 108.0 January
7004.0 11288.0 80.0 104.0 1,

4928.0 11432.0 260.0 104.0 1936,
5268.0 11440.0 172.0 84.0 the
5520.0 11436.0 520.0 92.0 corridors
6116.0 11444.0 112.0 88.0 of
6312.0 11436.0 184.0 88.0 the
6576.0 11428.0 508.0 112.0 Newport

4924.0 11572.0 716.0 92.0 "Courthouse
5700.0 11600.0 264.0 64.0 were
6028.0 11572.0 492.0 88.0 crowded
6588.0 11568.0 252.0 92.0 with
6908.0 11588.0 132.0 68.0 un-

4928.0 11708.0 544.0 108.0 employed
5584.0 11732.0 232.0 68.0 men
5916.0 11708.0 444.0 108.0 seeking
6460.0 11700.0 268.0 116.0 jobs.
6896.0 11696.0 148.0 92.0 Be

4944.0 12140.0 400.0 224.0 Two
5424.0 12136.0 468.0 228.0 Held
5960.0 12140.0 352.0 224.0 For
6388.0 12140.0 452.0 280.0 Jury

5048.0 12480.0 200.0 224.0 In
5324.0 12480.0 704.0 280.0 Cutting
6096.0 12476.0 876.0 288.0 Scrapes;

5104.0 12808.0 584.0 232.0 Bonds
5752.0 12816.0 296.0 224.0 Set
6120.0 12816.0 240.0 224.0 M
6432.0 12816.0 2936.0 360.0 ROOudDaiighterShot

5060.0 13352.0 248.0 96.0 Two
5384.0 13352.0 496.0 116.0 Newport
5948.0 13376.0 236.0 68.0 men
6268.0 13356.0 472.0 104.0 charged
6824.0 13348.0 252.0 92.0 with

4940.0 13524.0 416.0 112.0 cutting
5464.0 13524.0 252.0 100.0 with
5828.0 13520.0 336.0 96.0 intent
6276.0 13528.0 116.0 88.0 to
6504.0 13520.0 188.0 96.0 kill
6804.0 13540.0 276.0 72.0 were

4920.0 13692.0 244.0 92.0 held
5224.0 13692.0 164.0 92.0 for
5428.0 13692.0 176.0 92.0 the
5660.0 13688.0 536.0 116.0 Campbell
6252.0 13692.0 428.0 112.0 County
6720.0 13688.0 364.0 96.0 Grand

4920.0 13860.0 272.0 112.0 Jury
5264.0 13860.0 340.0 96.0 under
5676.0 13856.0 316.0 108.0 $1,000
6064.0 13856.0 280.0 96.0 bond
6428.0 13860.0 268.0 92.0 each
6780.0 13860.0 308.0 88.0 when

4924.0 13996.0 564.0 108.0 arraigned
5592.0 13992.0 564.0 120.0 yesterday
6264.0 13996.0 372.0 92.0 before
6736.0 13996.0 352.0 112.0 Judge

4924.0 14132.0 372.0 88.0 Alfred
5424.0 14128.0 120.0 92.0 G.
5684.0 14128.0 512.0 112.0 Maybnry
6332.0 14132.0 112.0 88.0 In
6580.0 14128.0 512.0 112.0 Newport

4928.0 14264.0 352.0 92.0 Police
5340.0 14264.0 356.0 92.0 Court.

5064.0 14404.0 264.0 92.0 Link
5400.0 14404.0 572.0 100.0 Robinson,
6044.0 14400.0 172.0 92.0 230
6284.0 14396.0 352.0 92.0 Lewis
6704.0 14400.0 384.0 100.0 Street,

4936.0 14564.0 228.0 64.0 was
5216.0 14540.0 448.0 88.0 accused
5724.0 14540.0 112.0 88.0 of
5888.0 14540.0 428.0 108.0 cutting
6376.0 14536.0 172.0 88.0 his
4940.0 14532.0 2152.0 244.0 brother-in-law,

5376.0 14680.0 360.0 108.0 Henry
5784.0 14672.0 416.0 100.0 Combs.
6260.0 14672.0 296.0 92.0 West
6616.0 14672.0 464.0 88.0 Seventh

4940.0 14816.0 372.0 100.0 Street,
5448.0 14812.0 524.0 112.0 Newport,
6108.0 14812.0 100.0 84.0 in
6348.0 14832.0 60.0 68.0 a
6552.0 14808.0 308.0 108.0 fight.
6996.0 14812.0 84.0 88.0 A

4936.0 14952.0 536.0 108.0 charge
5612.0 14952.0 112.0 88.0 of
5872.0 14948.0 592.0 108.0 disorderly
6620.0 14948.0 456.0 88.0 conduct

4936.0 15092.0 416.0 104.0 against
5448.0 15088.0 380.0 92.0 Combs
5916.0 15112.0 216.0 64.0 was
6220.0 15080.0 372.0 116.0 placed
6684.0 15112.0 132.0 68.0 on
6900.0 15084.0 180.0 88.0 the

4936.0 15252.0 264.0 84.0 open
5272.0 15224.0 404.0 96.0 docket.

5060.0 15364.0 356.0 112.0 Henry
5556.0 15364.0 232.0 112.0 Fry,
5924.0 15364.0 172.0 88.0 230
6228.0 15360.0 300.0 88.0 West
6672.0 15356.0 400.0 92.0 Fourth

4932.0 15508.0 376.0 100.0 Street,
5388.0 15500.0 376.0 108.0 Negro,
5848.0 15528.0 208.0 64.0 was
6132.0 15496.0 464.0 92.0 accused
6680.0 15500.0 112.0 88.0 of
6860.0 15508.0 176.0 84.0 cut-

4936.0 15644.0 228.0 112.0 ting
5268.0 15640.0 160.0 96.0 his
5556.0 15636.0 448.0 104.0 brother,
6116.0 15636.0 284.0 92.0 John
6540.0 15632.0 236.0 112.0 Fry,
6900.0 15636.0 176.0 88.0 623

4936.0 15780.0 516.0 108.0 Saratoga
5516.0 15780.0 368.0 104.0 Street,
5948.0 15776.0 540.0 108.0 Newport.

5120.0 16104.0 1760.0 376.0 ARRAIGNMENT

4936.0 16828.0 964.0 216.0 Scheduled
6012.0 16832.0 364.0 208.0 For
6484.0 16832.0 604.0 260.0 Today

4944.0 17420.0 196.0 128.0 Fur
5300.0 17416.0 496.0 156.0 FngilitP
5960.0 17416.0 300.0 124.0 From
6444.0 17420.0 444.0 124.0 Asvluni-

5052.0 17636.0 36.0 112.0 (
5140.0 17636.0 464.0 152.0 Hinpliell
5672.0 17632.0 420.0 152.0 County
6168.0 17624.0 364.0 124.0 Police
6596.0 17624.0 356.0 128.0 Await

5068.0 17832.0 316.0 140.0 Word
5464.0 17832.0 296.0 124.0 From
5852.0 17828.0 444.0 124.0 Indiana
6380.0 17828.0 552.0 132.0 Officials.

5048.0 18332.0 312.0 96.0 Louie
5428.0 18336.0 508.0 112.0 Woosley,
6000.0 18332.0 112.0 92.0 19
6176.0 18360.0 324.0 88.0 years
6568.0 18332.0 196.0 112.0 old,
6832.0 18332.0 204.0 96.0 Vin-

4928.0 18528.0 412.0 88.0 cennes,
5432.0 18504.0 252.0 104.0 Ind.,
5772.0 18508.0 448.0 104.0 escaped
6312.0 18504.0 416.0 88.0 inmate
6820.0 18508.0 116.0 96.0 of
7016.0 18528.0 68.0 64.0 a

4928.0 18676.0 640.0 100.0 Butlerville,
5720.0 18668.0 252.0 104.0 Ind.,
6128.0 18672.0 624.0 88.0 institution
6916.0 18672.0 172.0 92.0 for

4924.0 18836.0 832.0 104.0 feeble-minded,
5928.0 18832.0 232.0 92.0 who
6336.0 18856.0 232.0 72.0 was
6740.0 18832.0 340.0 96.0 found

4928.0 19012.0 508.0 100.0 wounded
5536.0 19012.0 80.0 92.0 T
5712.0 19012.0 304.0 108.0 ?sday
6112.0 19008.0 340.0 108.0 night,
6560.0 19004.0 88.0 96.0 Is
6744.0 19008.0 112.0 92.0 to
6952.0 19012.0 128.0 92.0 be

4920.0 19184.0 564.0 108.0 arraigned
5544.0 19208.0 116.0 64.0 as
5708.0 19204.0 60.0 68.0 a
5824.0 19176.0 440.0 112.0 fugitive
6324.0 19172.0 332.0 112.0 today
6708.0 19176.0 372.0 96.0 before

4924.0 19348.0 344.0 112.0 Judge
5348.0 19348.0 456.0 92.0 William
5884.0 19344.0 104.0 96.0 C.
6072.0 19344.0 348.0 92.0 Buten
6508.0 19344.0 104.0 88.0 in
6696.0 19340.0 340.0 116.0 Camp-

4924.0 19516.0 204.0 96.0 bell
5192.0 19524.0 412.0 104.0 County
5664.0 19516.0 352.0 108.0 Court,
6080.0 19512.0 540.0 108.0 Newport.

5052.0 19684.0 596.0 112.0 Meantime,
5744.0 19676.0 540.0 112.0 Campbell
6384.0 19680.0 420.0 108.0 County
6900.0 19696.0 140.0 92.0 po-

4928.0 19852.0 192.0 92.0 lice
5192.0 19880.0 176.0 68.0 are
5444.0 19852.0 500.0 108.0 awaiting
6012.0 19848.0 704.0 92.0 instructions
6792.0 19844.0 284.0 96.0 from

4924.0 19988.0 452.0 92.0 Indiana
5456.0 19992.0 268.0 84.0 state
5812.0 19984.0 324.0 112.0 police
6224.0 19980.0 584.0 116.0 regarding
6896.0 19984.0 176.0 88.0 the

4924.0 20124.0 456.0 108.0 disposal
5452.0 20124.0 112.0 92.0 of
5628.0 20116.0 560.0 112.0 Woosley's
6252.0 20140.0 284.0 68.0 case.

5032.0 20256.0 532.0 112.0 Campbell
5604.0 20252.0 404.0 112.0 County
6052.0 20248.0 624.0 92.0 Patrolmen
6720.0 20252.0 356.0 108.0 Harry

4928.0 20396.0 708.0 100.0 Rosenhagen
5744.0 20400.0 200.0 88.0 and
6056.0 20388.0 368.0 88.0 Albert
6536.0 20384.0 540.0 92.0 Gcrhardt

4928.0 20528.0 332.0 100.0 found
5408.0 20528.0 480.0 108.0 Woosley
6000.0 20552.0 128.0 72.0 on
6256.0 20524.0 184.0 88.0 the
6564.0 20520.0 276.0 88.0 lawn
6964.0 20524.0 116.0 84.0 of

4928.0 20664.0 368.0 92.0 John's
5396.0 20664.0 216.0 88.0 Hill
5712.0 20664.0 400.0 92.0 School,
6216.0 20664.0 260.0 92.0 with
6584.0 20680.0 64.0 64.0 a
6748.0 20656.0 328.0 88.0 bullet

4932.0 20800.0 376.0 88.0 wound
5420.0 20800.0 100.0 88.0 in
5624.0 20800.0 176.0 84.0 the
5908.0 20800.0 264.0 88.0 hack
6280.0 20796.0 116.0 88.0 of
6504.0 20792.0 160.0 88.0 his
6776.0 20788.0 296.0 92.0 head.

4932.0 20932.0 748.0 92.0 Examination
5804.0 20932.0 128.0 108.0 by
6052.0 20964.0 64.0 64.0 a
6240.0 20928.0 556.0 112.0 physician
6924.0 20948.0 108.0 60.0 re-

4928.0 21072.0 360.0 88.0 vealed
5416.0 21100.0 64.0 60.0 a
5604.0 21068.0 308.0 88.0 bullet
6052.0 21064.0 556.0 96.0 imbedded
6740.0 21064.0 340.0 88.0 under

4928.0 21212.0 180.0 88.0 the
5172.0 21208.0 264.0 88.0 skin.

5056.0 21344.0 508.0 108.0 Woosley,
5680.0 21340.0 232.0 84.0 who
6024.0 21336.0 228.0 88.0 said
6380.0 21340.0 132.0 84.0 he
6628.0 21332.0 448.0 108.0 escaped

4936.0 21484.0 276.0 88.0 from
5272.0 21484.0 176.0 84.0 the
5488.0 21472.0 604.0 92.0 Butlerville
6160.0 21472.0 612.0 88.0 institution
6844.0 21468.0 244.0 100.0 four

4932.0 21616.0 264.0 108.0 days
5256.0 21636.0 224.0 80.0 ago,
5544.0 21612.0 208.0 88.0 told
5812.0 21612.0 176.0 84.0 the
6048.0 21604.0 552.0 108.0 Campbell
6668.0 21604.0 416.0 108.0 County

4932.0 21752.0 632.0 88.0 authorities
5648.0 21744.0 120.0 88.0 he
5856.0 21768.0 212.0 64.0 was
6148.0 21744.0 252.0 84.0 shot
6488.0 21740.0 132.0 108.0 by
6700.0 21760.0 64.0 64.0 a
6848.0 21740.0 192.0 88.0 Cin-

4932.0 21884.0 400.0 96.0 cinnati
5404.0 21880.0 576.0 120.0 policeman
6052.0 21880.0 124.0 84.0 w!
6228.0 21896.0 128.0 68.0 en
6432.0 21876.0 656.0 108.0 attempting

4932.0 22020.0 112.0 92.0 to
5108.0 22020.0 264.0 92.0 steal
5440.0 22016.0 268.0 92.0 food.

5060.0 22152.0 508.0 112.0 Woosley.
5684.0 22176.0 60.0 64.0 a
5868.0 22148.0 356.0 88.0 native
6352.0 22152.0 116.0 92.0 of
6596.0 22144.0 488.0 112.0 Grayson

4932.0 22288.0 444.0 112.0 County.
5464.0 22284.0 592.0 112.0 Kentucky,
6144.0 22308.0 224.0 60.0 was
6460.0 22280.0 624.0 88.0 committed

4924.0 22428.0 116.0 92.0 to
5108.0 22428.0 176.0 88.0 the
5360.0 22420.0 596.0 92.0 institution
6036.0 22416.0 104.0 92.0 in
6220.0 22412.0 288.0 108.0 May,
6584.0 22412.0 260.0 100.0 1936,
6920.0 22432.0 124.0 76.0 ac-

4936.0 22560.0 436.0 124.0 cording
5448.0 22568.0 112.0 88.0 to
5628.0 22560.0 176.0 88.0 the
5880.0 22552.0 632.0 96.0 Associated
6592.0 22552.0 344.0 92.0 Press.

5136.0 22880.0 1752.0 384.0 APPOINTMENT

4952.0 23600.0 152.0 124.0 Of
5192.0 23596.0 176.0 128.0 Or.
5448.0 23592.0 168.0 128.0 W.
5700.0 23596.0 120.0 124.0 A.
5904.0 23592.0 492.0 160.0 Hensley
6480.0 23592.0 148.0 120.0 To
6720.0 23580.0 368.0 128.0 Direct

5092.0 23800.0 720.0 132.0 Department
5888.0 23792.0 144.0 124.0 Of
6096.0 23784.0 632.0 160.0 Chemistry
6800.0 23788.0 132.0 120.0 At

5260.0 23996.0 712.0 156.0 Georgetown
6052.0 23984.0 708.0 140.0 Announced.

4940.0 24520.0 340.0 68.0 srKfiAi.
5400.0 24512.0 348.0 60.0 isrTra
5812.0 24512.0 104.0 56.0 to
5976.0 24512.0 168.0 56.0 thk
6208.0 24508.0 452.0 72.0 kmjt'Ihkr.

5048.0 24668.0 720.0 108.0 Georgetown,
5836.0 24660.0 224.0 112.0 Ky.,
6124.0 24656.0 256.0 116.0 July
6444.0 24652.0 60.0 96.0 7
6628.0 24656.0 176.0 92.0 Dr.
6848.0 24652.0 204.0 96.0 Wil-

4940.0 24844.0 252.0 96.0 liam
5272.0 24840.0 296.0 96.0 Allen
5648.0 24836.0 492.0 116.0 Hensley,
6220.0 24864.0 64.0 64.0 a
6364.0 24832.0 524.0 116.0 graduate
6972.0 24832.0 112.0 92.0 of

4936.0 25016.0 184.0 92.0 the
5192.0 25008.0 600.0 116.0 University
5872.0 25008.0 112.0 92.0 of
6060.0 25004.0 508.0 96.0 Missouri
6648.0 25008.0 204.0 88.0 and
6940.0 25028.0 140.0 64.0 an

4940.0 25176.0 564.0 96.0 industrial
5624.0 25172.0 476.0 108.0 chemist,
6212.0 25176.0 200.0 92.0 has
6540.0 25172.0 256.0 92.0 been
6908.0 25192.0 136.0 88.0 ap-

4940.0 25348.0 420.0 112.0 pointed
5432.0 25348.0 268.0 92.0 head
5764.0 25344.0 112.0 96.0 of
5936.0 25344.0 180.0 92.0 the
6188.0 25344.0 716.0 112.0 Department
6972.0 25340.0 112.0 88.0 of

4932.0 25508.0 608.0 120.0 Chemistry
5624.0 25520.0 112.0 88.0 at
5824.0 25512.0 708.0 112.0 Georgetown
6628.0 25508.0 456.0 112.0 College,

4932.0 25700.0 284.0 88.0 upon
5316.0 25680.0 180.0 92.0 the
5604.0 25680.0 976.0 92.0 recommendation
6688.0 25680.0 112.0 92.0 of
6904.0 25680.0 176.0 92.0 Dr.

4936.0 25812.0 364.0 112.0 Henry
5392.0 25812.0 332.0 96.0 Noble
5820.0 25816.0 604.0 108.0 Sherwood,
6524.0 25820.0 560.0 92.0 President

4940.0 25948.0 112.0 88.0 of
5140.0 25952.0 180.0 88.0 the
5404.0 25952.0 628.0 100.0 Institution,
6124.0 25956.0 412.0 108.0 college
6620.0 25956.0 424.0 88.0 authori-

4936.0 26080.0 200.0 88.0 ties
5220.0 26080.0 268.0 96.0 have
5560.0 26084.0 648.0 96.0 announced.

5060.0 26212.0 212.0 88.0 The
5380.0 26216.0 720.0 108.0 appointment
6220.0 26244.0 232.0 68.0 was
6564.0 26224.0 304.0 88.0 made
6984.0 26232.0 96.0 84.0 at

4936.0 26372.0 64.0 68.0 a
5092.0 26348.0 460.0 112.0 meeting
5644.0 26352.0 108.0 88.0 of
5844.0 26356.0 172.0 88.0 the
6116.0 26356.0 360.0 92.0 Board
6572.0 26364.0 112.0 92.0 of
6780.0 26360.0 272.0 92.0 Trus-

4936.0 26492.0 244.0 84.0 tees.
5300.0 26484.0 180.0 92.0 Dr.
5576.0 26488.0 456.0 112.0 Hensley
6120.0 26500.0 516.0 88.0 succeeds
6728.0 26496.0 180.0 96.0 Dr.
7000.0 26492.0 92.0 96.0 J.

4940.0 26624.0 440.0 96.0 Stanton
5496.0 26620.0 384.0 108.0 Pierce,
5988.0 26628.0 232.0 88.0 who
6332.0 26636.0 496.0 108.0 resigned
6940.0 26660.0 112.0 64.0 re-

4936.0 26760.0 352.0 104.0 cently
5364.0 26768.0 108.0 80.0 to
5552.0 26768.0 352.0 104.0 accept
5988.0 26788.0 64.0 68.0 a
6128.0 26768.0 420.0 92.0 similar
6628.0 26776.0 460.0 104.0 position

4936.0 26908.0 104.0 80.0 at
5128.0 26900.0 584.0 88.0 Richmond
5792.0 26900.0 444.0 108.0 College,
6320.0 26904.0 520.0 108.0 Virginia.

5060.0 27036.0 172.0 92.0 Dr.
5364.0 27032.0 544.0 112.0 Hensley's
6040.0 27044.0 740.0 104.0 appointment
6824.0 27112.0 48.0 56.0 ,
6928.0 27044.0 128.0 92.0 be-

4936.0 27196.0 348.0 72.0 comes
5344.0 27176.0 492.0 84.0 effective
5896.0 27176.0 248.0 88.0 with
6212.0 27180.0 184.0 88.0 the
6460.0 27184.0 464.0 108.0 opening
6980.0 27180.0 116.0 92.0 of

4944.0 27316.0 176.0 88.0 the
5244.0 27312.0 176.0 88.0 fall
5548.0 27316.0 260.0 88.0 term
5924.0 27312.0 116.0 92.0 of
6156.0 27316.0 184.0 88.0 the
6460.0 27316.0 404.0 116.0 college
6988.0 27324.0 100.0 88.0 in

4932.0 27448.0 652.0 124.0 September.

7188.0 4736.0 320.0 68.0 cause
7588.0 4716.0 116.0 92.0 of
7776.0 4740.0 200.0 64.0 our
8056.0 4708.0 684.0 120.0 preliminary
8812.0 4708.0 300.0 92.0 woik
9212.0 4732.0 152.0 64.0 we

7192.0 4848.0 476.0 92.0 tecelved
7736.0 4852.0 620.0 92.0 immediate
8420.0 4848.0 496.0 112.0 approval
8984.0 4844.0 120.0 92.0 of
9168.0 4868.0 196.0 64.0 our

7192.0 4988.0 464.0 112.0 projects
7716.0 4984.0 208.0 92.0 and
8000.0 5000.0 184.0 100.0 put
8252.0 4984.0 268.0 92.0 1.000
8584.0 5004.0 228.0 72.0 men
8876.0 4988.0 116.0 84.0 to
9060.0 4976.0 300.0 92.0 work

7188.0 5120.0 376.0 92.0 within
7692.0 5144.0 64.0 68.0 a
7888.0 5124.0 212.0 92.0 few
8224.0 5120.0 300.0 112.0 days.
8648.0 5116.0 344.0 92.0 Those
9128.0 5116.0 236.0 112.0 jobs

7192.0 5260.0 452.0 108.0 brought
7776.0 5284.0 64.0 64.0 a
7976.0 5256.0 484.0 108.0 monthly
8588.0 5280.0 192.0 88.0 pay
8916.0 5256.0 200.0 92.0 roll
9256.0 5256.0 112.0 92.0 of

7184.0 5392.0 384.0 108.0 $40,000
7664.0 5392.0 224.0 92.0 into
7984.0 5392.0 512.0 108.0 Newport
8588.0 5392.0 196.0 92.0 and
8884.0 5388.0 480.0 92.0 resulted

7184.0 5532.0 104.0 88.0 in
7348.0 5524.0 396.0 96.0 needed
7804.0 5528.0 784.0 112.0 improvement
8644.0 5524.0 108.0 92.0 of
8808.0 5528.0 184.0 88.0 the
9052.0 5520.0 312.0 112.0 city.''

7304.0 5668.0 392.0 108.0 Bonar,
7772.0 5668.0 528.0 104.0 although
8392.0 5660.0 160.0 92.0 his
8632.0 5660.0 496.0 96.0 business
9220.0 5656.0 104.0 88.0 In-

7192.0 5800.0 388.0 92.0 terests
7660.0 5804.0 348.0 96.0 would
8088.0 5808.0 184.0 88.0 not
8356.0 5800.0 300.0 92.0 allow
8736.0 5796.0 224.0 92.0 him
9040.0 5800.0 116.0 88.0 to
9236.0 5792.0 124.0 88.0 be

7188.0 5968.0 68.0 68.0 a
7360.0 5940.0 604.0 100.0 candidate,
8080.0 5936.0 412.0 96.0 retains
8604.0 5936.0 156.0 92.0 his
8876.0 5944.0 236.0 100.0 post
9244.0 5956.0 120.0 68.0 as

7188.0 6080.0 680.0 92.0 Democratic
7948.0 6080.0 592.0 88.0 Chairman
8616.0 6076.0 108.0 92.0 of
8800.0 6068.0 564.0 112.0 Campbell

7188.0 6216.0 448.0 112.0 County.
7776.0 6216.0 104.0 92.0 "I
7960.0 6220.0 380.0 108.0 expect
8420.0 6220.0 108.0 84.0 to
8604.0 6208.0 220.0 96.0 find
8904.0 6212.0 272.0 84.0 time
9244.0 6208.0 120.0 88.0 to

7192.0 6356.0 296.0 88.0 work
7572.0 6352.0 268.0 92.0 hard
7928.0 6352.0 172.0 92.0 for
8188.0 6356.0 184.0 92.0 the
8460.0 6368.0 416.0 72.0 success
8968.0 6344.0 120.0 88.0 of
9184.0 6344.0 180.0 92.0 the

7192.0 6492.0 336.0 88.0 entire
7616.0 6496.0 680.0 88.0 Democratic
8380.0 6484.0 416.0 104.0 ticket,"
8880.0 6480.0 132.0 88.0 he
9096.0 6480.0 268.0 92.0 said.

7312.0 6624.0 752.0 96.0 Declarations
8120.0 6624.0 112.0 92.0 of
8288.0 6624.0 584.0 108.0 candidacy
8936.0 6620.0 264.0 88.0 filed
9264.0 6624.0 104.0 88.0 in

7196.0 6760.0 424.0 96.0 Kenton
7672.0 6764.0 424.0 112.0 County
8148.0 6768.0 560.0 108.0 yesterday
8768.0 6752.0 480.0 96.0 indicate
9304.0 6780.0 60.0 64.0 a

7196.0 6904.0 332.0 88.0 battle
7624.0 6904.0 288.0 108.0 royal
8008.0 6900.0 172.0 88.0 for
8264.0 6892.0 680.0 96.0 Democratic
9032.0 6892.0 296.0 88.0 nomi-

7200.0 7040.0 424.0 92.0 nations
7724.0 7036.0 168.0 92.0 for
7992.0 7044.0 400.0 100.0 county
8488.0 7032.0 376.0 96.0 offices
8972.0 7028.0 108.0 92.0 In
9188.0 7036.0 180.0 88.0 the

7200.0 7180.0 368.0 88.0 month
7664.0 7172.0 684.0 108.0 Intervening
8440.0 7168.0 352.0 92.0 before
8884.0 7172.0 188.0 84.0 the
9164.0 7168.0 168.0 116.0 pri-

7204.0 7336.0 324.0 92.0 mary,
7592.0 7308.0 420.0 112.0 August
8068.0 7312.0 84.0 92.0 7.

7312.0 7452.0 500.0 92.0 Contests
7904.0 7472.0 188.0 72.0 are
8184.0 7448.0 584.0 112.0 appearing
8860.0 7440.0 104.0 96.0 In
9072.0 7464.0 256.0 96.0 prac-

7200.0 7588.0 360.0 116.0 tically
7660.0 7612.0 320.0 92.0 every
8088.0 7612.0 240.0 68.0 race
8436.0 7592.0 352.0 108.0 except
8904.0 7584.0 252.0 92.0 that
9256.0 7580.0 112.0 92.0 of

7200.0 7732.0 244.0 92.0 Sam
7524.0 7728.0 416.0 100.0 Furste,
8020.0 7720.0 428.0 104.0 Kenton
8528.0 7724.0 412.0 112.0 County
9008.0 7724.0 356.0 104.0 Clerk,

7196.0 7868.0 232.0 92.0 who
7488.0 7868.0 88.0 88.0 is
7636.0 7872.0 184.0 84.0 not
7884.0 7868.0 508.0 104.0 expected
8456.0 7872.0 104.0 84.0 to
8620.0 7868.0 264.0 92.0 have
8944.0 7864.0 376.0 108.0 opposi-

7200.0 8004.0 216.0 92.0 tion
7496.0 8004.0 176.0 88.0 for
7744.0 8000.0 608.0 108.0 reelection,
8428.0 8004.0 204.0 92.0 and
8716.0 8000.0 272.0 92.0 Fred
9076.0 8000.0 284.0 104.0 Rolf,

7200.0 8140.0 424.0 100.0 Kenton
7700.0 8136.0 424.0 120.0 County
8200.0 8144.0 224.0 88.0 Tax
8496.0 8136.0 860.0 92.0 Commissioner.

7196.0 8280.0 344.0 92.0 There
7600.0 8276.0 216.0 92.0 still
7876.0 8276.0 88.0 92.0 Is
8028.0 8304.0 60.0 68.0 a
8156.0 8276.0 612.0 120.0 possibility,
8832.0 8276.0 528.0 104.0 however,

7200.0 8420.0 232.0 88.0 that
7528.0 8416.0 404.0 92.0 Harold
8028.0 8416.0 604.0 108.0 Nielander,
8720.0 8416.0 640.0 108.0 Covington,

7200.0 8580.0 244.0 92.0 may
7552.0 8580.0 388.0 88.0 oppose
8056.0 8560.0 256.0 92.0 Rolf
8416.0 8556.0 168.0 92.0 for
8684.0 8560.0 176.0 88.0 the
8972.0 8556.0 348.0 92.0 Demo-

7196.0 8696.0 332.0 92.0 cratic
7600.0 8696.0 700.0 92.0 nomination.

7320.0 8832.0 164.0 92.0 All
7544.0 8836.0 176.0 92.0 but
7780.0 8860.0 200.0 64.0 one
8036.0 8840.0 112.0 88.0 of
8208.0 8840.0 176.0 88.0 the
8440.0 8832.0 620.0 96.0 candidates
9120.0 8832.0 244.0 88.0 who

7196.0 8976.0 520.0 108.0 thronged
7816.0 8972.0 472.0 96.0 Furste's
8376.0 8972.0 316.0 92.0 office
8776.0 8968.0 580.0 112.0 yesterday

7196.0 9136.0 272.0 72.0 were
7564.0 9112.0 664.0 88.0 Democrats.
8384.0 9108.0 216.0 92.0 The
8688.0 9132.0 200.0 68.0 one
8984.0 9128.0 344.0 88.0 excep-

7200.0 9252.0 216.0 92.0 tion
7484.0 9272.0 216.0 68.0 was
7760.0 9248.0 112.0 92.0 B.
7936.0 9252.0 108.0 92.0 F.
8104.0 9248.0 508.0 108.0 Waddell,
8668.0 9244.0 228.0 96.0 1132
8960.0 9244.0 364.0 92.0 Green-

7200.0 9412.0 132.0 84.0 up
7404.0 9392.0 376.0 104.0 Street,
7848.0 9388.0 632.0 108.0 Covington,
8552.0 9388.0 224.0 88.0 who
8848.0 9380.0 268.0 92.0 filed
9192.0 9380.0 168.0 88.0 for

7200.0 9528.0 172.0 92.0 the
7532.0 9524.0 656.0 116.0 Republican
8360.0 9524.0 664.0 92.0 nomination
9196.0 9520.0 168.0 88.0 for

7200.0 9664.0 288.0 92.0 State
7556.0 9668.0 476.0 88.0 Senator.
8152.0 9668.0 168.0 88.0 He
8384.0 9660.0 204.0 92.0 will
8648.0 9680.0 396.0 92.0 oppose
9116.0 9656.0 204.0 92.0 Wil-

7200.0 9804.0 240.0 96.0 liam
7532.0 9804.0 428.0 104.0 Wilson,
8052.0 9808.0 408.0 88.0 former
8544.0 9800.0 420.0 112.0 Deputy
9052.0 9796.0 308.0 92.0 State

7192.0 9940.0 216.0 92.0 Tax
7472.0 9940.0 868.0 104.0 Commissioner,
8412.0 9940.0 232.0 88.0 who
8708.0 9932.0 644.0 100.0 announced

7200.0 10080.0 152.0 88.0 his
7416.0 10080.0 588.0 116.0 candidacy
8068.0 10080.0 192.0 88.0 last
8332.0 10076.0 320.0 88.0 week.

7308.0 10220.0 384.0 88.0 Others
7784.0 10224.0 108.0 80.0 to
7988.0 10216.0 184.0 92.0 file
8260.0 10216.0 280.0 88.0 their
8624.0 10212.0 672.0 92.0 declaration

7188.0 10356.0 556.0 116.0 yesterday
7848.0 10380.0 276.0 64.0 were
8228.0 10356.0 368.0 108.0 Henry
8688.0 10352.0 112.0 88.0 A.
8912.0 10352.0 444.0 100.0 Berndt,

7192.0 10492.0 540.0 100.0 Lakeside,
7808.0 10492.0 584.0 92.0 candidate
8476.0 10492.0 160.0 92.0 for
8708.0 10492.0 176.0 88.0 the
8972.0 10488.0 348.0 88.0 Demo-

7188.0 10636.0 328.0 88.0 cratic
7604.0 10632.0 668.0 92.0 nomination
8368.0 10628.0 164.0 92.0 for
8612.0 10624.0 444.0 104.0 Sheriff,
9140.0 10624.0 212.0 88.0 and

7192.0 10772.0 348.0 112.0 Harry
7596.0 10772.0 152.0 88.0 W.
7808.0 10768.0 412.0 96.0 Jobert.
8280.0 10768.0 176.0 92.0 315
8520.0 10768.0 268.0 88.0 West
8864.0 10768.0 452.0 104.0 Twenty-

7188.0 10912.0 240.0 88.0 first
7500.0 10912.0 376.0 100.0 Street,
7952.0 10908.0 172.0 92.0 for
8188.0 10904.0 372.0 92.0 Jailer.

7308.0 11052.0 244.0 88.0 Two
7656.0 11048.0 592.0 92.0 additional
8360.0 11048.0 620.0 92.0 candidates
9096.0 11044.0 256.0 88.0 filed

7184.0 11184.0 164.0 88.0 for
7432.0 11184.0 176.0 88.0 the
7696.0 11184.0 676.0 88.0 nomination
8460.0 11180.0 160.0 88.0 for
8708.0 11176.0 596.0 108.0 Represent-

7184.0 11332.0 280.0 80.0 ative
7572.0 11328.0 272.0 88.0 from
7952.0 11324.0 180.0 92.0 the
8236.0 11320.0 624.0 108.0 Sixty-third
8992.0 11316.0 316.0 104.0 legis-

7196.0 11460.0 316.0 92.0 lative
7620.0 11460.0 472.0 92.0 District.
8264.0 11460.0 296.0 112.0 They
8664.0 11480.0 276.0 68.0 were
9068.0 11452.0 280.0 92.0 Jack

7488.0 11692.0 600.0 92.0 Continued
8156.0 11692.0 168.0 88.0 On
8396.0 11692.0 276.0 88.0 Next
8744.0 11688.0 320.0 112.0 Page.

7760.0 12136.0 1000.0 376.0 MOTHER

7216.0 13596.0 468.0 216.0 Little
7776.0 13608.0 440.0 264.0 Hope
8312.0 13600.0 152.0 204.0 Is
8556.0 13600.0 388.0 208.0 Held
9048.0 13600.0 312.0 204.0 For

7400.0 13936.0 344.0 204.0 Life
7812.0 13940.0 196.0 200.0 Of
8072.0 13948.0 332.0 192.0 One
8472.0 13928.0 660.0 212.0 Victim.

7200.0 14508.0 1204.0 164.0 Brother-In-Law
8484.0 14512.0 172.0 156.0 Of
8728.0 14504.0 644.0 196.0 Younger

7332.0 14744.0 564.0 156.0 Woman
8068.0 14740.0 140.0 156.0 Is
8372.0 14744.0 596.0 152.0 Accused

7492.0 14976.0 348.0 156.0 Held
7912.0 14976.0 152.0 156.0 In
8136.0 14984.0 524.0 184.0 County
8716.0 14972.0 316.0 160.0 Jail.

7300.0 15512.0 656.0 104.0 Paintsviilc,
8064.0 15512.0 232.0 112.0 Ky.,
8396.0 15508.0 240.0 116.0 July
8736.0 15504.0 48.0 96.0 7
8936.0 15508.0 280.0 96.0 IAP)
7188.0 15560.0 2160.0 228.0 -Taylor

7676.0 15676.0 400.0 100.0 Meade,
8184.0 15672.0 116.0 96.0 37
8404.0 15696.0 300.0 88.0 years
8808.0 15672.0 208.0 108.0 old,
9128.0 15700.0 224.0 64.0 was

7188.0 15836.0 456.0 112.0 charged
7728.0 15840.0 260.0 92.0 with
8072.0 15840.0 504.0 116.0 shooting
8652.0 15836.0 256.0 96.0 with
8996.0 15840.0 344.0 92.0 intent

7196.0 16012.0 104.0 80.0 to
7420.0 16000.0 184.0 96.0 kill
7728.0 16000.0 104.0 92.0 In
7952.0 16028.0 68.0 68.0 a
8140.0 16008.0 468.0 84.0 warrant
8732.0 16004.0 364.0 96.0 Issued
9224.0 16004.0 124.0 116.0 by

7188.0 16164.0 416.0 116.0 County
7684.0 16164.0 352.0 116.0 Judge
8120.0 16168.0 132.0 92.0 H.
8348.0 16168.0 112.0 92.0 B.
8544.0 16168.0 392.0 116.0 Conley
9028.0 16172.0 324.0 112.0 today

7192.0 16332.0 536.0 108.0 following
7808.0 16332.0 184.0 88.0 the
8068.0 16332.0 576.0 112.0 wounding
8716.0 16336.0 112.0 92.0 of
8916.0 16336.0 172.0 92.0 his
7192.0 16340.0 2124.0 256.0 sister-in-law,

7876.0 16496.0 252.0 92.0 Mrs.
8216.0 16496.0 308.0 92.0 Edna
8616.0 16504.0 228.0 88.0 Mae
8940.0 16500.0 412.0 108.0 Meade,

7188.0 16656.0 136.0 104.0 33,
7448.0 16660.0 208.0 88.0 and
7784.0 16660.0 192.0 92.0 her
8100.0 16664.0 448.0 104.0 mother,
8672.0 16660.0 252.0 96.0 Mrs.
9064.0 16668.0 288.0 92.0 Dora

7188.0 16820.0 416.0 108.0 Spears,
7688.0 16820.0 140.0 88.0 59.

7304.0 16988.0 452.0 92.0 Doctors
7824.0 16996.0 228.0 92.0 said
8128.0 16996.0 176.0 88.0 the
8376.0 17000.0 528.0 92.0 condition
8984.0 17008.0 120.0 88.0 of
9176.0 17004.0 176.0 92.0 the

7180.0 17176.0 472.0 88.0 younger
7732.0 17180.0 452.0 92.0 woman,
8272.0 17168.0 368.0 88.0 widow
8716.0 17172.0 112.0 88.0 of
8920.0 17172.0 428.0 92.0 Hobart

7184.0 17328.0 404.0 104.0 Meade,
7644.0 17332.0 272.0 92.0 slain
7984.0 17336.0 624.0 92.0 Paintsville
8672.0 17340.0 280.0 96.0 bank
9020.0 17344.0 328.0 100.0 cleik,

7180.0 17520.0 216.0 72.0 was
7460.0 17500.0 432.0 92.0 serious.
8020.0 17508.0 208.0 88.0 She
8292.0 17532.0 216.0 72.0 was
8568.0 17512.0 228.0 88.0 shot
8868.0 17516.0 476.0 116.0 through

7188.0 17668.0 172.0 88.0 the
7440.0 17668.0 296.0 92.0 chest
7820.0 17672.0 332.0 92.0 below
8232.0 17680.0 184.0 88.0 the
8504.0 17680.0 320.0 92.0 heart.

7300.0 17836.0 292.0 116.0 They
7692.0 17844.0 232.0 92.0 said
8048.0 17848.0 256.0 120.0 they
8408.0 17852.0 164.0 92.0 did
8676.0 17856.0 180.0 88.0 not
8964.0 17864.0 384.0 104.0 expect

7188.0 17968.0 240.0 96.0 Mrs.
7516.0 17976.0 416.0 112.0 Spears,
8028.0 17988.0 236.0 88.0 who
8348.0 18012.0 212.0 68.0 was
8636.0 17992.0 228.0 88.0 shot
8964.0 17992.0 108.0 92.0 in
9164.0 17996.0 188.0 88.0 her

7180.0 18104.0 324.0 112.0 spine,
7624.0 18124.0 104.0 80.0 to
7864.0 18116.0 196.0 88.0 live
8176.0 18144.0 292.0 68.0 more
8592.0 18124.0 252.0 92.0 than
8960.0 18152.0 68.0 68.0 a
9144.0 18132.0 208.0 84.0 fw

7180.0 18248.0 352.0 92.0 hours.

7308.0 18384.0 244.0 116.0 City
7652.0 18384.0 616.0 96.0 Policeman
8380.0 18388.0 228.0 96.0 Jeff
8700.0 18392.0 300.0 96.0 Allen
9116.0 18400.0 232.0 96.0 said

7192.0 18520.0 400.0 104.0 Meade,
7664.0 18524.0 236.0 92.0 who
7972.0 18528.0 204.0 92.0 had
8260.0 18536.0 256.0 88.0 been
8588.0 18532.0 324.0 112.0 living
8984.0 18544.0 112.0 84.0 at
9172.0 18540.0 176.0 92.0 the

7188.0 18660.0 504.0 92.0 Womef's
7788.0 18668.0 312.0 92.0 home
8188.0 18676.0 268.0 92.0 until
8540.0 18676.0 500.0 112.0 recently,
9132.0 18704.0 220.0 64.0 was

7192.0 18800.0 476.0 92.0 arrested
7768.0 18828.0 64.0 64.0 a
7928.0 18808.0 248.0 92.0 mile
8272.0 18836.0 300.0 96.0 away
8656.0 18816.0 208.0 88.0 and
8976.0 18820.0 372.0 108.0 placed

7188.0 18940.0 100.0 84.0 in
7356.0 18940.0 220.0 112.0 jail.
7704.0 18944.0 376.0 92.0 Meade
8152.0 18952.0 312.0 88.0 made
8532.0 18972.0 124.0 68.0 no
8720.0 18956.0 628.0 92.0 statement.

7304.0 19080.0 300.0 88.0 Allen
7684.0 19084.0 232.0 92.0 said
8000.0 19088.0 184.0 92.0 the
8268.0 19092.0 308.0 108.0 pistol
8652.0 19092.0 260.0 96.0 with
8992.0 19100.0 352.0 88.0 which

7188.0 19216.0 176.0 88.0 the
7436.0 19228.0 212.0 80.0 two
7712.0 19244.0 416.0 76.0 women
8204.0 19252.0 272.0 68.0 were
8544.0 19232.0 236.0 88.0 shot
8856.0 19256.0 228.0 68.0 was
9156.0 19236.0 196.0 92.0 left

7188.0 19356.0 100.0 88.0 in
7352.0 19356.0 176.0 92.0 the
7592.0 19360.0 360.0 96.0 house.

7288.0 19492.0 420.0 96.0 Hobart
7780.0 19496.0 376.0 96.0 Meade
8232.0 19528.0 224.0 68.0 was
8520.0 19508.0 324.0 92.0 found
8912.0 19508.0 252.0 92.0 shot
9236.0 19512.0 108.0 88.0 to

7168.0 19628.0 320.0 92.0 death
7576.0 19636.0 100.0 84.0 in
7764.0 19636.0 168.0 92.0 his
8012.0 19644.0 648.0 88.0 automobile
8740.0 19648.0 604.0 88.0 December

7172.0 19764.0 136.0 108.0 15,
7396.0 19768.0 256.0 104.0 1935,
7740.0 19776.0 304.0 92.0 three
8132.0 19800.0 316.0 92.0 years
8532.0 19780.0 200.0 92.0 and
8820.0 19784.0 164.0 88.0 six
9076.0 19784.0 268.0 112.0 days

7168.0 19900.0 284.0 96.0 after
7564.0 19912.0 204.0 88.0 two
7884.0 19936.0 240.0 68.0 men
8248.0 19920.0 200.0 88.0 had
8564.0 19920.0 228.0 92.0 held
8912.0 19948.0 144.0 84.0 up
9168.0 19924.0 172.0 88.0 the

7168.0 20036.0 624.0 100.0 Paintsville
7880.0 20048.0 520.0 96.0 National
8488.0 20052.0 300.0 96.0 Bank
8884.0 20056.0 216.0 92.0 and
9192.0 20084.0 112.0 68.0 es-

7168.0 20180.0 324.0 104.0 caped
7568.0 20180.0 248.0 96.0 with
7884.0 20184.0 416.0 104.0 $47,000.

7292.0 20316.0 156.0 84.0 He
7528.0 20340.0 216.0 64.0 was
7816.0 20344.0 204.0 64.0 one
8096.0 20332.0 116.0 84.0 of
8288.0 20328.0 400.0 88.0 several
8768.0 20336.0 576.0 88.0 witnesses

7168.0 20448.0 236.0 88.0 who
7460.0 20448.0 556.0 96.0 identified
8080.0 20460.0 404.0 92.0 Wilson
8536.0 20468.0 536.0 104.0 Jennings
9132.0 20472.0 208.0 88.0 and

7168.0 20576.0 568.0 100.0 Lawiienee
7820.0 20596.0 380.0 108.0 Piercy
8280.0 20624.0 120.0 60.0 as
8480.0 20604.0 176.0 84.0 the
8732.0 20604.0 292.0 88.0 bank
9116.0 20608.0 188.0 88.0 rob-

7168.0 20716.0 264.0 92.0 bers.
7580.0 20724.0 292.0 108.0 They
7960.0 20736.0 184.0 100.0 got
8236.0 20732.0 412.0 112.0 20-year
8732.0 20752.0 612.0 96.0 sentences,

7168.0 20852.0 184.0 92.0 hut
7432.0 20880.0 268.0 64.0 were
7780.0 20864.0 552.0 112.0 pardoned
8412.0 20880.0 400.0 84.0 several
8896.0 20880.0 448.0 88.0 months

7172.0 20988.0 292.0 92.0 later.

7288.0 21128.0 528.0 108.0 Jennings
7936.0 21156.0 228.0 64.0 was
8288.0 21136.0 452.0 96.0 indicted
8864.0 21148.0 192.0 92.0 for
9172.0 21152.0 180.0 88.0 the

7176.0 21264.0 364.0 88.0 Meade
7616.0 21268.0 420.0 108.0 slaying
8104.0 21272.0 284.0 88.0 June
8464.0 21276.0 108.0 88.0 23
8636.0 21280.0 184.0 88.0 but
8896.0 21308.0 232.0 60.0 was
9204.0 21308.0 104.0 64.0 re-

7180.0 21400.0 340.0 88.0 leased
7644.0 21404.0 344.0 88.0 under
8112.0 21404.0 308.0 88.0 bond.
8608.0 21412.0 188.0 88.0 His
8924.0 21416.0 420.0 88.0 former

7176.0 21536.0 268.0 100.0 wife,
7596.0 21540.0 232.0 84.0 who
7976.0 21540.0 200.0 84.0 had
8344.0 21540.0 256.0 92.0 been
8752.0 21544.0 340.0 108.0 living
9244.0 21556.0 100.0 84.0 in

7176.0 21672.0 668.0 108.0 Naugatuck.
7956.0 21672.0 148.0 88.0 W.
8216.0 21676.0 220.0 104.0 Va.,
8544.0 21700.0 212.0 64.0 was
8868.0 21684.0 472.0 88.0 Indicted

7176.0 21808.0 248.0 92.0 with
7500.0 21808.0 244.0 92.0 him.
7884.0 21808.0 204.0 88.0 She
8164.0 21832.0 224.0 64.0 was
8460.0 21812.0 376.0 88.0 unable
8916.0 21820.0 112.0 88.0 to
9104.0 21820.0 232.0 112.0 post

7176.0 21948.0 268.0 92.0 bond
7508.0 21944.0 164.0 92.0 for
7736.0 21944.0 400.0 88.0 release
8200.0 21948.0 276.0 84.0 from
8540.0 21948.0 204.0 108.0 jail.

7188.0 22200.0 788.0 184.0 THROWN
8084.0 22204.0 604.0 176.0 UNDER
8792.0 22212.0 360.0 172.0 BUS

7336.0 22480.0 236.0 180.0 BY
7668.0 22476.0 660.0 180.0 MULES:
8436.0 22476.0 156.0 176.0 IS
8692.0 22480.0 656.0 176.0 KILLED

7300.0 22888.0 668.0 116.0 Rhelbyville.
8032.0 22888.0 232.0 112.0 Ky.,
8324.0 22888.0 244.0 112.0 July
8628.0 22884.0 52.0 92.0 7
8820.0 22888.0 520.0 112.0 (Special)

7300.0 23064.0 284.0 88.0 John
7696.0 23056.0 116.0 96.0 C.
7928.0 23056.0 452.0 108.0 Rogers,
8496.0 23056.0 108.0 92.0 55
8712.0 23076.0 320.0 96.0 years
9152.0 23056.0 200.0 100.0 old,

7184.0 23256.0 64.0 64.0 a
7308.0 23232.0 432.0 100.0 farmer,
7800.0 23252.0 224.0 64.0 was
8088.0 23224.0 328.0 92.0 killed
8480.0 23232.0 200.0 80.0 two
8744.0 23224.0 312.0 92.0 miles
9124.0 23232.0 220.0 84.0 east

7184.0 23396.0 108.0 92.0 of
7348.0 23396.0 628.0 92.0 Fishervillc
8036.0 23396.0 328.0 108.0 today
8420.0 23388.0 292.0 96.0 when
8772.0 23420.0 60.0 68.0 a
8892.0 23396.0 296.0 88.0 team
9248.0 23396.0 108.0 88.0 of

7188.0 23568.0 332.0 88.0 mules
7676.0 23560.0 132.0 92.0 he
7960.0 23588.0 224.0 64.0 was
8340.0 23560.0 416.0 112.0 driving
8912.0 23560.0 444.0 92.0 became

7188.0 23728.0 608.0 112.0 frightened
7896.0 23736.0 212.0 88.0 and
8212.0 23728.0 340.0 92.0 threw
8640.0 23724.0 220.0 96.0 him
8968.0 23732.0 112.0 88.0 tn
9180.0 23728.0 176.0 92.0 the

7188.0 23868.0 252.0 112.0 path
7512.0 23868.0 112.0 88.0 of
7688.0 23892.0 64.0 64.0 a
7820.0 23864.0 520.0 112.0 speeding
8412.0 23868.0 212.0 88.0 bus.

7320.0 24000.0 272.0 92.0 Both
7664.0 24000.0 396.0 92.0 wheels
8132.0 24008.0 376.0 104.0 passed
8584.0 24024.0 252.0 68.0 over
8904.0 23996.0 452.0 120.0 Rogers,

7196.0 24136.0 504.0 104.0 crushing
7792.0 24136.0 168.0 92.0 his
8048.0 24136.0 272.0 92.0 head
8416.0 24136.0 196.0 96.0 and
8700.0 24140.0 344.0 92.0 chest.
9192.0 24140.0 160.0 92.0 He

7196.0 24292.0 216.0 68.0 was
7472.0 24272.0 384.0 92.0 rushed
7912.0 24280.0 112.0 84.0 to
8076.0 24276.0 180.0 88.0 the
8308.0 24268.0 368.0 112.0 King's
8724.0 24272.0 632.0 108.0 Daughters

7192.0 24400.0 488.0 116.0 Hospital
7744.0 24404.0 252.0 92.0 here
8060.0 24404.0 136.0 112.0 by
8268.0 24408.0 424.0 116.0 passing
8756.0 24412.0 596.0 108.0 motorists,

7196.0 24540.0 184.0 92.0 but
7472.0 24536.0 232.0 92.0 died
7796.0 24536.0 372.0 96.0 before
8256.0 24548.0 180.0 88.0 the
8524.0 24544.0 208.0 116.0 city
8820.0 24544.0 324.0 92.0 could
9236.0 24548.0 120.0 92.0 be

7192.0 24676.0 480.0 92.0 reached.

7312.0 24808.0 424.0 92.0 Russell
7804.0 24808.0 376.0 108.0 Grant,
8244.0 24816.0 560.0 112.0 operating
8872.0 24816.0 192.0 92.0 the
9128.0 24812.0 228.0 116.0 bus,

7192.0 24972.0 220.0 64.0 was
7480.0 24948.0 500.0 96.0 absolved
8052.0 24948.0 116.0 88.0 of
8232.0 24948.0 348.0 92.0 blame
8648.0 24956.0 104.0 88.0 In
8820.0 24952.0 192.0 92.0 the
9088.0 24956.0 224.0 88.0 acci-

7196.0 25084.0 280.0 88.0 dent.
7640.0 25080.0 416.0 108.0 Rogers
8156.0 25084.0 96.0 88.0 is
8348.0 25088.0 492.0 88.0 survived
8952.0 25084.0 140.0 112.0 by
9196.0 25088.0 164.0 92.0 his

7188.0 25220.0 396.0 100.0 widow,
7660.0 25220.0 248.0 88.0 Mrs.
8000.0 25216.0 316.0 112.0 Ruby
8392.0 25216.0 272.0 112.0 Cays
8740.0 25220.0 472.0 108.0 Rogers;
9304.0 25248.0 56.0 64.0 a

7200.0 25352.0 552.0 112.0 daughter,
7828.0 25356.0 252.0 88.0 Mrs.
8156.0 25356.0 312.0 112.0 Mary
8536.0 25356.0 300.0 92.0 Ellen
8916.0 25356.0 440.0 108.0 Hamm,

7200.0 25492.0 204.0 88.0 and
7488.0 25492.0 296.0 92.0 three
7868.0 25512.0 280.0 80.0 sons,
8240.0 25488.0 292.0 108.0 Paul,
8612.0 25488.0 448.0 112.0 Linden,
9144.0 25496.0 208.0 88.0 and

7196.0 25628.0 448.0 96.0 Vernon.

7272.0 25892.0 764.0 124.0 REFINERY
8136.0 25892.0 672.0 124.0 OFFICIAL
8900.0 25892.0 372.0 120.0 DIES.

7188.0 26120.0 168.0 56.0 Svr.i
7400.0 26112.0 132.0 60.0 Ul,
7592.0 26112.0 296.0 60.0 lIKl'AT
7956.0 26108.0 56.0 60.0 H
8076.0 26112.0 104.0 56.0 TO
8244.0 26112.0 172.0 56.0 THH
8476.0 26112.0 192.0 64.0 KNU1
8708.0 26116.0 212.0 56.0 iRKR.

7308.0 26228.0 628.0 104.0 Carrollton,
8008.0 26228.0 228.0 112.0 Ky.,
8304.0 26228.0 244.0 96.0 Julv
8608.0 26228.0 304.0 96.0 7D.
8984.0 26228.0 112.0 96.0 C.
9164.0 26232.0 152.0 92.0 An-

7192.0 26372.0 408.0 92.0 derson,
7700.0 26376.0 120.0 80.0 60
7916.0 26388.0 312.0 88.0 years
8336.0 26364.0 196.0 104.0 old,
8640.0 26388.0 524.0 84.0 manager
9256.0 26372.0 108.0 88.0 of

7192.0 26508.0 172.0 88.0 the
7428.0 26504.0 252.0 92.0 Gulf
7752.0 26504.0 516.0 112.0 Refinery
8332.0 26500.0 544.0 120.0 Company
8944.0 26508.0 104.0 88.0 in
9116.0 26508.0 204.0 88.0 Car-

7192.0 26644.0 412.0 96.0 rollton,
7684.0 26644.0 232.0 84.0 died
8008.0 26644.0 96.0 84.0 in
8196.0 26644.0 144.0 84.0 St.
8428.0 26640.0 592.0 112.0 Anthony's
9104.0 26644.0 220.0 88.0 Hos-

7192.0 26784.0 248.0 108.0 pita.
7500.0 26780.0 596.0 96.0 Louisville,
8160.0 26776.0 612.0 112.0 late'today.
8904.0 26784.0 200.0 88.0 Mr.
9164.0 26784.0 160.0 88.0 An-

7188.0 26916.0 380.0 92.0 derson
7664.0 26940.0 216.0 64.0 was
7976.0 26916.0 260.0 84.0 horn
8332.0 26916.0 204.0 84.0 and
8632.0 26920.0 384.0 84.0 reared
9108.0 26944.0 252.0 64.0 near

7192.0 27048.0 592.0 104.0 Louisville,
7864.0 27052.0 180.0 88.0 hut
8132.0 27052.0 132.0 88.0 he
8344.0 27072.0 292.0 68.0 came
8716.0 27060.0 112.0 84.0 to
8904.0 27056.0 416.0 88.0 Carroll-

7188.0 27192.0 180.0 88.0 ton
7440.0 27188.0 288.0 104.0 eight
7792.0 27212.0 316.0 92.0 years
8176.0 27208.0 232.0 84.0 ago.
8540.0 27192.0 580.0 104.0 Surviving
9188.0 27216.0 176.0 64.0 are

7192.0 27324.0 160.0 88.0 his
7420.0 27328.0 372.0 84.0 widow
7856.0 27328.0 208.0 88.0 and
8132.0 27348.0 204.0 68.0 one
8400.0 27348.0 216.0 80.0 son,
8676.0 27328.0 420.0 100.0 Robert
9164.0 27328.0 200.0 104.0 Lee

7184.0 27460.0 592.0 100.0 Anderson.

9672.0 2632.0 896.0 456.0 LABOR
10688.0 2632.0 712.0 456.0 POST

9476.0 3472.0 512.0 280.0 Quit
10072.0 3480.0 304.0 320.0 By
10464.0 3472.0 1152.0 328.0 Campbell,

9484.0 4188.0 392.0 212.0 Who
10080.0 4188.0 484.0 212.0 Plans
10756.0 4200.0 224.0 200.0 To
11176.0 4192.0 440.0 204.0 Take

9560.0 4520.0 716.0 216.0 Position
10360.0 4532.0 428.0 204.0 With
10876.0 4528.0 176.0 208.0 C.
11140.0 4528.0 116.0 204.0 I.
11344.0 4540.0 172.0 196.0 0.

9468.0 5116.0 660.0 220.0 Served
10184.0 5124.0 240.0 216.0 40
10484.0 5128.0 576.0 212.0 Years
11116.0 5116.0 504.0 220.0 With

9660.0 5456.0 524.0 212.0 State
10252.0 5448.0 1148.0 228.0 Federation.

9480.0 6056.0 632.0 276.0 Special
10236.0 6068.0 712.0 256.0 Meeting
11060.0 6072.0 212.0 196.0 To
11404.0 6068.0 208.0 200.0 Be

9764.0 6400.0 548.0 204.0 Called
10444.0 6408.0 208.0 208.0 By
10780.0 6404.0 516.0 204.0 Dillon

9484.0 6980.0 176.0 156.0 To
9792.0 6976.0 388.0 156.0 Elect
10300.0 6984.0 724.0 156.0 Successor
11308.0 6980.0 316.0 156.0 Two

9536.0 7204.0 344.0 164.0 Held
9956.0 7212.0 252.0 160.0 For
10280.0 7216.0 480.0 156.0 Action
10844.0 7216.0 180.0 160.0 Of
11100.0 7216.0 452.0 160.0 Grand

9616.0 7444.0 340.0 196.0 Jury
10148.0 7444.0 172.0 160.0 At
10516.0 7444.0 944.0 160.0 Madisonville

9684.0 7680.0 400.0 160.0 After
10160.0 7684.0 728.0 188.0 Providing
10960.0 7680.0 420.0 160.0 Bond,

9564.0 8180.0 600.0 108.0 Louisville,
10292.0 8184.0 232.0 112.0 Ky,
10648.0 8184.0 252.0 120.0 July
11024.0 8180.0 56.0 96.0 7
11116.0 8176.0 376.0 100.0 -(API
9460.0 8232.0 2164.0 212.0 -Peler

9888.0 8356.0 548.0 116.0 Campbell
10556.0 8352.0 440.0 92.0 severed
11108.0 8376.0 68.0 68.0 a
11300.0 8348.0 284.0 116.0 forty-

9456.0 8548.0 240.0 92.0 year
9764.0 8528.0 640.0 88.0 connection
10480.0 8528.0 252.0 88.0 with
10804.0 8524.0 180.0 92.0 the
11056.0 8520.0 568.0 112.0 Kentucky

9464.0 8692.0 632.0 96.0 Federation
10188.0 8696.0 112.0 92.0 of
10388.0 8692.0 356.0 96.0 Labor
10832.0 8692.0 328.0 112.0 today
11244.0 8684.0 136.0 116.0 by
11472.0 8712.0 112.0 68.0 re-

9452.0 8860.0 424.0 124.0 signing
9952.0 8888.0 116.0 64.0 as
10108.0 8860.0 1196.0 112.0 Secretary-Treasurer
11340.0 8860.0 288.0 88.0 after

9460.0 9032.0 160.0 88.0 his
9728.0 9032.0 340.0 92.0 books
10176.0 9032.0 212.0 92.0 had
10496.0 9032.0 264.0 92.0 been
10868.0 9024.0 432.0 100.0 audited
11412.0 9028.0 212.0 92.0 and

9468.0 9196.0 320.0 96.0 found
9852.0 9208.0 440.0 84.0 correct.

9576.0 9368.0 108.0 96.0 F.
9760.0 9368.0 92.0 96.0 J.
9940.0 9368.0 380.0 104.0 Dillon,
10400.0 9368.0 484.0 112.0 peisonal
10972.0 9364.0 528.0 112.0 represent
11528.0 9392.0 60.0 64.0 a

9460.0 9540.0 200.0 92.0 five
9732.0 9536.0 116.0 92.0 of
9916.0 9536.0 456.0 96.0 William
10444.0 9540.0 376.0 104.0 Green,
10892.0 9536.0 564.0 92.0 President
11520.0 9532.0 112.0 96.0 of

9460.0 9704.0 172.0 96.0 the
9704.0 9704.0 572.0 88.0 American
10360.0 9704.0 636.0 92.0 Federation
11068.0 9700.0 108.0 88.0 of
11252.0 9696.0 376.0 112.0 I,abot,

9460.0 9872.0 504.0 116.0 accepted
10144.0 9872.0 636.0 112.0 Campbells
10964.0 9868.0 656.0 112.0 resignation

9464.0 10044.0 304.0 88.0 "with
9852.0 10040.0 500.0 112.0 legieti."

9576.0 10216.0 160.0 88.0 He
9880.0 10212.0 564.0 108.0 expressed
10592.0 10208.0 336.0 108.0 regie!
11076.0 10208.0 540.0 116.0 Campbell

9464.0 10376.0 192.0 92.0 hHd
9724.0 10376.0 396.0 88.0 chosen
10184.0 10384.0 108.0 80.0 to
10356.0 10376.0 452.0 108.0 identify
10872.0 10372.0 424.0 92.0 himself
11360.0 10376.0 256.0 88.0 with

9456.0 10544.0 168.0 88.0 the
9716.0 10540.0 648.0 92.0 Committee
10468.0 10540.0 204.0 92.0 For
10764.0 10540.0 580.0 88.0 Industrial
11440.0 10540.0 148.0 88.0 Or-

9460.0 10708.0 636.0 112.0 ganization,
10192.0 10708.0 348.0 88.0 which
10640.0 10704.0 348.0 96.0 Dillon
11080.0 10704.0 220.0 92.0 said
11396.0 10728.0 224.0 64.0 was

9460.0 10872.0 720.0 108.0 antagonistic
10300.0 10876.0 112.0 84.0 to
10528.0 10868.0 176.0 92.0 the
10828.0 10868.0 564.0 112.0 principles
11504.0 10872.0 120.0 88.0 of

9464.0 11036.0 168.0 88.0 the
9708.0 11036.0 564.0 92.0 American
10356.0 11036.0 636.0 92.0 Federation
11064.0 11036.0 112.0 88.0 of
11244.0 11032.0 376.0 92.0 Iahor.

9576.0 11200.0 216.0 88.0 The
9972.0 11200.0 512.0 108.0 Auditing
10652.0 11200.0 632.0 92.0 Committee
11456.0 11224.0 124.0 68.0 ac-

9468.0 11360.0 688.0 112.0 knowledged
10276.0 11368.0 184.0 84.0 the
10584.0 11364.0 632.0 92.0 Fedeiatlrtn
11340.0 11392.0 280.0 64.0 owes

9464.0 11528.0 208.0 92.0 him
9764.0 11524.0 328.0 108.0 $4,200
10176.0 11528.0 104.0 92.0 in
10372.0 11532.0 356.0 108.0 salary
10812.0 11532.0 500.0 108.0 covering
11408.0 11532.0 212.0 92.0 five

9460.0 11712.0 332.0 88.0 years.
9864.0 11688.0 548.0 116.0 Campbell
10476.0 11692.0 540.0 96.0 Indicated
11088.0 11696.0 120.0 92.0 he
11276.0 11696.0 344.0 92.0 would

9468.0 11860.0 172.0 88.0 not
9716.0 11876.0 300.0 88.0 press
10088.0 11860.0 168.0 84.0 for
10336.0 11856.0 612.0 92.0 immediate
11028.0 11868.0 536.0 108.0 payment,

9692.0 12020.0 184.0 92.0 TO
9948.0 12020.0 44.0 88.0 (
10040.0 12024.0 464.0 92.0 IIOOSK
10576.0 12024.0 816.0 100.0 Sl'CCKSSOK,

9584.0 12184.0 360.0 96.0 Dillon
10040.0 12192.0 228.0 88.0 said
10368.0 12220.0 64.0 64.0 a
10528.0 12200.0 396.0 104.0 special
11020.0 12200.0 276.0 92.0 stale
11388.0 12224.0 204.0 64.0 con-

9472.0 12360.0 424.0 88.0 vention
10016.0 12360.0 344.0 96.0 would
10476.0 12364.0 120.0 88.0 be
10704.0 12368.0 340.0 88.0 called
11156.0 12396.0 252.0 60.0 soon
11528.0 12380.0 108.0 80.0 to

9472.0 12556.0 300.0 64.0 name
9916.0 12532.0 640.0 116.0 Campbells
10692.0 12560.0 580.0 76.0 successor.
11464.0 12540.0 168.0 92.0 He

9468.0 12700.0 332.0 96.0 added
9872.0 12708.0 128.0 84.0 he
10060.0 12704.0 340.0 92.0 would
10468.0 12708.0 488.0 92.0 institute
11016.0 12732.0 56.0 64.0 a
11132.0 12708.0 504.0 108.0 vigorous

9460.0 12872.0 732.0 108.0 organization
10248.0 12876.0 576.0 112.0 campaign
10888.0 12876.0 100.0 92.0 In
11040.0 12876.0 592.0 112.0 Kenturky.

9588.0 13212.0 772.0 112.0 Madisonville,
10428.0 13216.0 232.0 116.0 Ky.,
10720.0 13216.0 248.0 120.0 July
11036.0 13216.0 468.0 96.0 7--(AP)

9472.0 13388.0 312.0 92.0 Bedie
9880.0 13388.0 280.0 88.0 Fork
10252.0 13384.0 216.0 96.0 and
10556.0 13388.0 460.0 92.0 Andrew
11104.0 13388.0 532.0 104.0 Gamblin,

9468.0 13556.0 460.0 116.0 charged
10016.0 13560.0 252.0 88.0 with
10356.0 13556.0 476.0 116.0 banding
10916.0 13556.0 204.0 92.0 and
11204.0 13552.0 392.0 100.0 confed-

9468.0 13728.0 416.0 108.0 erating
9948.0 13732.0 108.0 88.0 to
10116.0 13728.0 228.0 96.0 halt
10408.0 13752.0 60.0 68.0 a
10532.0 13728.0 720.0 116.0 coal-hauling
11316.0 13728.0 316.0 92.0 truck

9468.0 13900.0 104.0 92.0 at
9660.0 13900.0 192.0 88.0 the
9944.0 13896.0 348.0 96.0 Aetna
10388.0 13896.0 504.0 96.0 Gamblin
10992.0 13900.0 280.0 92.0 mine
11376.0 13920.0 264.0 68.0 near

9464.0 14068.0 664.0 92.0 Nortonville
10232.0 14068.0 364.0 120.0 today,
10692.0 14064.0 412.0 96.0 waived
11212.0 14068.0 384.0 124.0 prelim-

9476.0 14236.0 300.0 112.0 inary
9884.0 14232.0 456.0 116.0 hearing
10456.0 14236.0 208.0 92.0 and
10780.0 14232.0 508.0 96.0 executed
11408.0 14236.0 240.0 104.0 $50Q

9472.0 14404.0 332.0 92.0 bonds
9892.0 14404.0 172.0 92.0 for
10144.0 14404.0 388.0 116.0 liberty
10616.0 14408.0 468.0 112.0 pending
11164.0 14404.0 432.0 112.0 Septem-

9472.0 14576.0 176.0 96.0 ber
9704.0 14572.0 344.0 120.0 grand
10112.0 14572.0 252.0 112.0 jury
10420.0 14576.0 392.0 92.0 action.

9568.0 14744.0 792.0 108.0 Twenty-eight
10472.0 14744.0 308.0 88.0 other
10892.0 14764.0 436.0 88.0 persona
11440.0 14768.0 184.0 64.0 are

9452.0 14920.0 104.0 80.0 to
9628.0 14912.0 276.0 92.0 have
9980.0 14912.0 424.0 108.0 County
10480.0 14908.0 324.0 96.0 Court
10892.0 14912.0 500.0 108.0 hearings
11472.0 14916.0 112.0 84.0 to-

9452.0 15100.0 452.0 72.0 morrow
9968.0 15104.0 132.0 72.0 on
10164.0 15080.0 464.0 108.0 charges
10688.0 15080.0 120.0 88.0 of
10872.0 15076.0 464.0 112.0 banding
11404.0 15080.0 212.0 88.0 and

9452.0 15248.0 816.0 108.0 confederating
10388.0 15248.0 304.0 88.0 made
10812.0 15244.0 544.0 116.0 following
11472.0 15248.0 104.0 88.0 In-

9460.0 15420.0 640.0 108.0 vestigation
10168.0 15416.0 124.0 92.0 of
10364.0 15420.0 184.0 92.0 the
10624.0 15416.0 260.0 92.0 Blue
10964.0 15416.0 360.0 116.0 Valley
11396.0 15416.0 212.0 92.0 and

9444.0 15560.0 600.0 108.0 Grapevine
10204.0 15552.0 348.0 92.0 Mines
10708.0 15556.0 540.0 112.0 picketing
11412.0 15556.0 196.0 92.0 last

9456.0 15696.0 312.0 92.0 week.
9884.0 15696.0 284.0 108.0 They
10248.0 15716.0 188.0 68.0 are
10516.0 15696.0 336.0 88.0 under
10936.0 15692.0 296.0 92.0 bond.

9824.0 15972.0 88.0 88.0 II
9940.0 15972.0 160.0 88.0 KA
10132.0 15972.0 348.0 92.0 KINO
10556.0 15972.0 120.0 92.0 IS
10748.0 15968.0 500.0 96.0 TODAV.

9568.0 16140.0 508.0 100.0 Ashland,
10196.0 16140.0 228.0 108.0 Ky.,
10540.0 16144.0 244.0 116.0 July
10900.0 16132.0 468.0 104.0 7-CAP)
11508.0 16140.0 112.0 88.0 T.

9460.0 16280.0 116.0 88.0 N.
9680.0 16280.0 496.0 92.0 Winters,
10280.0 16304.0 64.0 64.0 a
10444.0 16280.0 440.0 104.0 partner
10992.0 16276.0 96.0 92.0 in
11184.0 16276.0 180.0 92.0 the
11468.0 16276.0 152.0 88.0 W.

9452.0 16416.0 204.0 92.0 and
9724.0 16416.0 116.0 88.0 B.
9908.0 16412.0 436.0 92.0 Modern
10412.0 16416.0 364.0 108.0 Dairy,
10836.0 16416.0 88.0 88.0 Is
10984.0 16416.0 400.0 88.0 booked
11456.0 16412.0 168.0 92.0 for

9404.0 16580.0 176.0 64.0 ran
9672.0 16556.0 400.0 88.0 assault
10168.0 16556.0 208.0 88.0 and
10472.0 16552.0 428.0 112.0 battery
10980.0 16552.0 448.0 104.0 bearing
11520.0 16556.0 100.0 84.0 in

9456.0 16692.0 344.0 88.0 Police
9904.0 16692.0 328.0 88.0 Court
10332.0 16692.0 248.0 88.0 here
10680.0 16696.0 572.0 88.0 tomorrow
11344.0 16716.0 124.0 64.0 as
11564.0 16708.0 60.0 68.0 a

9456.0 16832.0 328.0 88.0 result
9856.0 16828.0 112.0 92.0 of
10036.0 16856.0 64.0 64.0 a
10164.0 16856.0 320.0 84.0 scrap
10556.0 16828.0 252.0 88.0 with
10884.0 16828.0 276.0 92.0 Cecil
11236.0 16828.0 384.0 104.0 Boggs.
11668.0 16860.0 12.0 60.0 i

9452.0 16992.0 64.0 64.0 a
9600.0 16964.0 476.0 92.0 member
10160.0 16972.0 108.0 88.0 of
10356.0 16972.0 184.0 84.0 the
10628.0 16964.0 260.0 88.0 local
10984.0 16964.0 252.0 92.0 Milk
11324.0 16964.0 256.0 88.0 Arbi-

9456.0 17108.0 396.0 88.0 tration
9944.0 17104.0 664.0 88.0 Committee.
11668.0 17132.0 8.0 68.0 i

9572.0 17244.0 220.0 92.0 The
9860.0 17248.0 320.0 88.0 latter
10240.0 17256.0 276.0 76.0 went
10592.0 17256.0 104.0 80.0 to
10760.0 17272.0 52.0 60.0 a
10884.0 17240.0 452.0 104.0 hospital
11404.0 17240.0 220.0 88.0 suf-
11668.0 17236.0 8.0 124.0 j

9460.0 17380.0 348.0 112.0 feting
9912.0 17384.0 272.0 84.0 from
10280.0 17408.0 68.0 64.0 a
10448.0 17384.0 264.0 88.0 blow
10812.0 17408.0 128.0 64.0 on
11044.0 17380.0 168.0 88.0 the
11316.0 17380.0 304.0 92.0 head,

9460.0 17524.0 220.0 88.0 said
9768.0 17528.0 112.0 84.0 to
9964.0 17524.0 264.0 88.0 have
10308.0 17524.0 264.0 88.0 been
10660.0 17520.0 476.0 92.0 Inflicted
11220.0 17516.0 256.0 92.0 with
11556.0 17540.0 60.0 64.0 a

9460.0 17660.0 244.0 92.0 milk
9792.0 17660.0 328.0 92.0 bottle
10196.0 17664.0 308.0 84.0 when
10588.0 17656.0 176.0 88.0 the
10848.0 17680.0 232.0 68.0 men
11164.0 17660.0 208.0 84.0 met
11452.0 17656.0 128.0 88.0 de-

9464.0 17796.0 444.0 112.0 livering
9992.0 17796.0 280.0 92.0 milk,
10356.0 17796.0 412.0 88.0 Winter
10844.0 17816.0 220.0 72.0 was
11140.0 17792.0 472.0 88.0 released

9456.0 17964.0 124.0 68.0 on
9716.0 17936.0 236.0 104.0 $100
10088.0 17940.0 304.0 88.0 bond.
10596.0 17936.0 80.0 88.0 A
10808.0 17936.0 416.0 112.0 dispute
11364.0 17956.0 252.0 68.0 over

9456.0 18076.0 476.0 92.0 whether
10044.0 18076.0 176.0 88.0 the
10336.0 18072.0 308.0 116.0 daily
10756.0 18092.0 528.0 92.0 company
11396.0 18092.0 224.0 68.0 was

9452.0 18212.0 436.0 108.0 abiding
9964.0 18208.0 128.0 112.0 by
10168.0 18216.0 180.0 88.0 the
10428.0 18208.0 708.0 92.0 committee's
11212.0 18208.0 408.0 108.0 rulings

9452.0 18376.0 212.0 64.0 was
9720.0 18348.0 232.0 92.0 said
10012.0 18360.0 104.0 84.0 to
10172.0 18352.0 276.0 92.0 have
10508.0 18352.0 388.0 92.0 caused
10956.0 18352.0 176.0 88.0 the
11176.0 18348.0 440.0 92.0 trouble.

9568.0 18488.0 220.0 92.0 The
9860.0 18496.0 276.0 92.0 Pure
10212.0 18488.0 264.0 92.0 Milk
10540.0 18492.0 556.0 108.0 Company
11156.0 18488.0 208.0 88.0 and
11436.0 18488.0 184.0 88.0 the

9452.0 18628.0 504.0 116.0 Sanitary
10012.0 18628.0 260.0 92.0 Milk
10332.0 18628.0 556.0 112.0 Company
10944.0 18632.0 264.0 88.0 have
11248.0 18624.0 372.0 108.0 signed

9452.0 18768.0 544.0 88.0 contracts
10088.0 18792.0 128.0 68.0 on
10320.0 18764.0 300.0 92.0 labor
10712.0 18764.0 600.0 92.0 conditions
11404.0 18764.0 212.0 88.0 and

9464.0 18924.0 224.0 88.0 pay,
9768.0 18904.0 216.0 88.0 and
10060.0 18900.0 176.0 96.0 the
10324.0 18912.0 304.0 100.0 pacts
10708.0 18904.0 256.0 88.0 with
11036.0 18900.0 176.0 92.0 the
11292.0 18904.0 284.0 84.0 farm-

9460.0 19064.0 196.0 68.0 ers.
9744.0 19044.0 492.0 108.0 Hylands
10332.0 19040.0 380.0 88.0 Farms
10800.0 19040.0 304.0 112.0 dairy
11188.0 19040.0 112.0 88.0 of
11376.0 19040.0 200.0 88.0 Cat-

9460.0 19180.0 532.0 112.0 lettsbutg
10056.0 19188.0 208.0 92.0 and
10336.0 19180.0 576.0 92.0 Johnson's
10980.0 19180.0 296.0 112.0 dairy
11344.0 19180.0 276.0 92.0 have

9452.0 19324.0 368.0 108.0 signed
9900.0 19324.0 176.0 88.0 the
10152.0 19352.0 208.0 88.0 pay
10428.0 19324.0 208.0 88.0 and
10716.0 19328.0 296.0 88.0 labor
11088.0 19324.0 268.0 104.0 pact,
11432.0 19320.0 188.0 88.0 but

9456.0 19488.0 116.0 64.0 so
9676.0 19468.0 176.0 88.0 far
9956.0 19464.0 268.0 88.0 have
10336.0 19464.0 424.0 96.0 refused
10880.0 19464.0 104.0 84.0 to
11096.0 19464.0 228.0 100.0 sign
11436.0 19460.0 184.0 92.0 the

9452.0 19604.0 492.0 88.0 contract
10016.0 19600.0 252.0 92.0 with
10348.0 19608.0 184.0 84.0 the
10612.0 19604.0 484.0 88.0 farmers.
11232.0 19600.0 152.0 84.0 An
11468.0 19604.0 100.0 80.0 at-

9452.0 19740.0 340.0 108.0 tempt
9884.0 19744.0 84.0 84.0 is
10052.0 19740.0 104.0 88.0 to
10244.0 19740.0 124.0 88.0 be
10456.0 19736.0 308.0 88.0 made
10852.0 19740.0 568.0 84.0 tomorrow
11512.0 19744.0 108.0 80.0 to

9456.0 19876.0 220.0 92.0 iron
9744.0 19884.0 176.0 88.0 out
9996.0 19884.0 172.0 84.0 the
10240.0 19876.0 668.0 92.0 difficulties.

9564.0 20144.0 484.0 104.0 Jenkins,
10212.0 20144.0 172.0 116.0 Ky
10608.0 20144.0 248.0 116.0 July
11012.0 20144.0 420.0 92.0 7-(AP

9452.0 20284.0 524.0 108.0 Standing
10052.0 20292.0 164.0 108.0 pat
10300.0 20312.0 132.0 64.0 on
10512.0 20284.0 272.0 88.0 their
10856.0 20284.0 512.0 92.0 demands
11444.0 20288.0 164.0 88.0 for

9452.0 20448.0 128.0 64.0 an
9664.0 20424.0 476.0 108.0 $S-a-day
10224.0 20448.0 328.0 76.0 wage,
10636.0 20420.0 112.0 92.0 37
10828.0 20424.0 232.0 88.0 shot
11156.0 20424.0 448.0 88.0 firemen

9452.0 20560.0 544.0 112.0 employed
10064.0 20564.0 128.0 108.0 by
10256.0 20564.0 180.0 84.0 the
10500.0 20560.0 484.0 88.0 Elkhorn
11048.0 20560.0 248.0 92.0 Coal
11360.0 20560.0 208.0 88.0 Cor-

9452.0 20704.0 484.0 104.0 poration
10188.0 20696.0 508.0 108.0 Fleming,
10768.0 20696.0 556.0 108.0 Haymond
11396.0 20696.0 208.0 88.0 and

9452.0 20836.0 532.0 108.0 Hemphill
10076.0 20840.0 344.0 80.0 mines
10504.0 20836.0 320.0 108.0 today
10912.0 20832.0 424.0 88.0 entered
11428.0 20832.0 176.0 84.0 the

9448.0 20972.0 296.0 88.0 tenth
9852.0 20972.0 204.0 108.0 day
10156.0 20980.0 112.0 84.0 of
10364.0 20992.0 64.0 64.0 a
10528.0 20972.0 336.0 84.0 strike
10964.0 20968.0 340.0 88.0 which
11412.0 20968.0 192.0 84.0 has

9452.0 21108.0 244.0 108.0 kept
9772.0 21132.0 288.0 64.0 more
10132.0 21112.0 260.0 84.0 than
10468.0 21128.0 64.0 64.0 a
10600.0 21104.0 528.0 88.0 thousand
11204.0 21104.0 400.0 88.0 miners

9448.0 21244.0 220.0 88.0 idle.
9800.0 21244.0 220.0 88.0 The
10088.0 21264.0 296.0 84.0 wage
10452.0 21240.0 456.0 88.0 demand
10984.0 21244.0 80.0 84.0 is
11124.0 21240.0 112.0 88.0 80
11296.0 21244.0 308.0 84.0 cents

9444.0 21400.0 284.0 68.0 more
9800.0 21380.0 256.0 88.0 lhan
10128.0 21380.0 180.0 84.0 the
10380.0 21380.0 424.0 108.0 present
10876.0 21376.0 308.0 84.0 scale.

9872.0 21704.0 496.0 376.0 LIFE
10504.0 21704.0 664.0 376.0 TERM

9452.0 22424.0 172.0 208.0 Is
9792.0 22416.0 620.0 216.0 Meted
10576.0 22424.0 252.0 208.0 To
11004.0 22424.0 628.0 264.0 Slayer

9460.0 23004.0 148.0 132.0 Of
9740.0 23004.0 396.0 128.0 Louisa
10280.0 23008.0 644.0 128.0 Patrolman
11076.0 23016.0 148.0 164.0 By
11360.0 23020.0 276.0 164.0 Jury

9660.0 23212.0 336.0 132.0 After
10060.0 23212.0 308.0 132.0 Brief
10440.0 23212.0 824.0 132.0 Deliberations

9756.0 23416.0 448.0 164.0 Impose
10272.0 23428.0 564.0 116.0 Sentpncp
10904.0 23420.0 416.0 164.0 Today.

9568.0 23916.0 428.0 112.0 Louisa,
10140.0 23928.0 240.0 112.0 Ky.,
10528.0 23928.0 256.0 116.0 July
10932.0 23924.0 464.0 100.0 7-(AP)
11540.0 23924.0 84.0 92.0 A

9460.0 24060.0 572.0 100.0 Lawrence
10108.0 24064.0 420.0 96.0 Circuit
10592.0 24068.0 324.0 96.0 Court
10996.0 24068.0 236.0 116.0 jury
11304.0 24064.0 324.0 112.0 today

9460.0 24204.0 556.0 92.0 convicted
10156.0 24204.0 416.0 96.0 Walter
10716.0 24204.0 652.0 108.0 Wulreman,
11516.0 24204.0 116.0 88.0 40

9460.0 24368.0 312.0 88.0 years
9848.0 24340.0 200.0 112.0 old,
10140.0 24344.0 576.0 116.0 Royalton,
10808.0 24352.0 112.0 88.0 of
11008.0 24348.0 616.0 104.0 murdering

9464.0 24484.0 628.0 92.0 Patrolman
10168.0 24488.0 268.0 92.0 Bert
10508.0 24484.0 580.0 112.0 Hampton,
11160.0 24484.0 140.0 108.0 50,
11372.0 24484.0 252.0 88.0 here

9456.0 24620.0 276.0 96.0 June
9812.0 24620.0 148.0 108.0 i.7,
10028.0 24628.0 216.0 92.0 and
10320.0 24624.0 292.0 92.0 fixed
10692.0 24628.0 168.0 88.0 his
10936.0 24632.0 496.0 84.0 sentence
11512.0 24628.0 108.0 80.0 at

9468.0 24760.0 176.0 92.0 life
9708.0 24764.0 868.0 108.0 imprisonment.

9580.0 24900.0 228.0 92.0 The
9936.0 24900.0 272.0 116.0 jury,
10340.0 24904.0 576.0 116.0 composed
11028.0 24904.0 112.0 92.0 of
11260.0 24904.0 368.0 88.0 eleven

9468.0 25064.0 236.0 64.0 men
9812.0 25048.0 216.0 88.0 and
10128.0 25068.0 208.0 72.0 one
10440.0 25068.0 456.0 80.0 woman,
10996.0 25036.0 636.0 100.0 announced

9464.0 25184.0 176.0 88.0 the
9756.0 25184.0 416.0 92.0 vtrdict
10272.0 25188.0 296.0 88.0 after
10672.0 25184.0 708.0 112.0 deliberating
11488.0 25200.0 140.0 68.0 an

9464.0 25320.0 268.0 92.0 hour
9804.0 25324.0 212.0 88.0 and
10088.0 25348.0 64.0 68.0 a
10224.0 25328.0 268.0 88.0 half.
10624.0 25324.0 516.0 92.0 Sentence
11216.0 25320.0 208.0 88.0 will
11504.0 25316.0 124.0 92.0 be

9464.0 25460.0 480.0 108.0 imposed
10020.0 25468.0 616.0 88.0 tomorrow.

9560.0 25596.0 228.0 92.0 The
9944.0 25604.0 280.0 88.0 state
10376.0 25600.0 472.0 108.0 charged
11000.0 25596.0 620.0 92.0 Wuireman

9444.0 25732.0 236.0 88.0 shot
9744.0 25732.0 560.0 116.0 Hampton
10368.0 25740.0 288.0 92.0 after
10720.0 25744.0 176.0 84.0 the
10960.0 25736.0 384.0 92.0 officer
11412.0 25728.0 204.0 92.0 had

9444.0 25872.0 448.0 108.0 stopped
9964.0 25872.0 164.0 96.0 his
10188.0 25876.0 320.0 88.0 truck
10576.0 25876.0 212.0 88.0 and
10848.0 25868.0 480.0 92.0 arrested
11396.0 25868.0 220.0 92.0 him

9444.0 26028.0 124.0 76.0 on
9668.0 26032.0 64.0 64.0 a
9832.0 26008.0 492.0 92.0 drunken
10424.0 26008.0 424.0 104.0 driving
10940.0 26008.0 420.0 104.0 charge.
11524.0 26004.0 96.0 88.0 It

9440.0 26140.0 424.0 96.0 offered
9952.0 26168.0 60.0 68.0 a
10096.0 26144.0 572.0 92.0 death-bed
10756.0 26144.0 656.0 88.0 declaration
11508.0 26136.0 116.0 92.0 of

9444.0 26276.0 548.0 116.0 Hampton
10068.0 26284.0 236.0 88.0 that
10388.0 26280.0 620.0 88.0 Wuireman
11076.0 26276.0 232.0 88.0 shot
11396.0 26272.0 216.0 88.0 him

9448.0 26412.0 96.0 88.0 in
9616.0 26416.0 188.0 88.0 the
9880.0 26412.0 268.0 96.0 back
10220.0 26420.0 252.0 88.0 four
10540.0 26420.0 340.0 84.0 times.

9572.0 26552.0 88.0 88.0 A
9740.0 26556.0 396.0 112.0 special
10220.0 26560.0 276.0 80.0 term
10576.0 26560.0 112.0 84.0 of
10768.0 26556.0 176.0 80.0 the
11020.0 26548.0 296.0 88.0 court
11404.0 26564.0 220.0 68.0 was

9456.0 26680.0 340.0 96.0 called
9888.0 26688.0 164.0 88.0 for
10136.0 26688.0 180.0 84.0 the
10404.0 26684.0 272.0 92.0 trial.

9576.0 26812.0 576.0 92.0 Lawrence
10236.0 26820.0 620.0 104.0 Carpenter,
10940.0 26812.0 132.0 96.0 25,
11156.0 26808.0 424.0 108.0 Salyers-

9460.0 26944.0 272.0 104.0 ville,
9792.0 26952.0 224.0 88.0 said
10092.0 26956.0 108.0 76.0 to
10264.0 26952.0 268.0 84.0 have
10600.0 26944.0 252.0 92.0 been
10920.0 26968.0 68.0 64.0 a
11040.0 26964.0 580.0 92.0 passenger

9464.0 27076.0 96.0 92.0 in
9652.0 27080.0 720.0 92.0 Wuiremans
10464.0 27076.0 308.0 88.0 truck
10864.0 27084.0 100.0 76.0 at
11064.0 27076.0 172.0 84.0 the
11328.0 27076.0 292.0 96.0 time,

9464.0 27212.0 80.0 88.0 is
9624.0 27212.0 248.0 92.0 held
9952.0 27240.0 128.0 60.0 on
10164.0 27236.0 132.0 64.0 an
10388.0 27208.0 628.0 88.0 indictment
11096.0 27208.0 520.0 108.0 charging

9468.0 27344.0 356.0 112.0 aiding
9948.0 27348.0 200.0 84.0 and
10276.0 27344.0 480.0 96.0 abetting
10884.0 27344.0 448.0 84.0 minder.
11460.0 27340.0 160.0 88.0 No

9460.0 27476.0 248.0 100.0 date
9792.0 27480.0 196.0 92.0 has
10072.0 27484.0 260.0 88.0 been
10412.0 27484.0 168.0 84.0 set
10648.0 27472.0 172.0 96.0 fur
10904.0 27472.0 160.0 88.0 his
11148.0 27472.0 280.0 96.0 trial.

11720.0 2640.0 2384.0 552.0 Receiver
14312.0 2664.0 488.0 536.0 Is
15016.0 2656.0 2920.0 664.0 Requested

11960.0 3384.0 1008.0 536.0 For
13168.0 3376.0 2072.0 680.0 Beverly
15432.0 3376.0 1280.0 552.0 Hills
16976.0 3384.0 1216.0 544.0 Club

12312.0 4112.0 560.0 536.0 ln
13168.0 4104.0 2160.0 544.0 Federal
15592.0 4104.0 1512.0 544.0 Court
17360.0 4112.0 1088.0 544.0 Suit

11728.0 4992.0 848.0 464.0 Judge
12720.0 4992.0 1096.0 376.0 Clashes
13952.0 5000.0 640.0 376.0 With
14720.0 5008.0 1184.0 448.0 Lawyer;

11856.0 5488.0 360.0 256.0 n.
12252.0 5648.0 760.0 104.0 ivfrtio
13240.0 5500.0 148.0 252.0 A
13440.0 5564.0 100.0 188.0 f
13560.0 5564.0 832.0 188.0 fnmrif
14568.0 5504.0 540.0 248.0 Woe
15304.0 5504.0 368.0 248.0 Mo
15716.0 5504.0 328.0 248.0 An

12000.0 5992.0 352.0 176.0 T-
12536.0 5992.0 800.0 176.0 ucn
13496.0 6000.0 336.0 168.0 r.

12064.0 6176.0 320.0 192.0 10
12712.0 6176.0 456.0 192.0 rix
13496.0 6176.0 672.0 200.0 v,ase
14328.0 6176.0 496.0 200.0 ror
14968.0 6176.0 1192.0 200.0 inoionsi

11836.0 6688.0 548.0 124.0 Attempts
12456.0 6704.0 104.0 92.0 to
12632.0 6692.0 284.0 100.0 "fix"
12996.0 6700.0 364.0 96.0 traffic
13428.0 6700.0 464.0 112.0 charges

11724.0 6868.0 204.0 92.0 will
12096.0 6872.0 192.0 88.0 not
12456.0 6868.0 120.0 92.0 be
12744.0 6864.0 532.0 96.0 tolerated
13440.0 6868.0 112.0 92.0 in
13732.0 6868.0 164.0 92.0 his

11720.0 7040.0 328.0 104.0 court,
12112.0 7036.0 344.0 108.0 Judge
12520.0 7036.0 400.0 112.0 Joseph
12992.0 7036.0 116.0 92.0 P.
13164.0 7032.0 732.0 112.0 Goodenough

11716.0 7204.0 420.0 88.0 warned
12260.0 7208.0 552.0 108.0 attorneys
12928.0 7200.0 564.0 116.0 yesterday
13612.0 7200.0 288.0 92.0 after

11724.0 7392.0 124.0 72.0 an
11912.0 7368.0 228.0 96.0 oral
12208.0 7368.0 292.0 100.0 clash
12564.0 7368.0 252.0 100.0 with
12884.0 7364.0 288.0 96.0 John
13232.0 7364.0 104.0 96.0 T.
13400.0 7368.0 500.0 116.0 Murphy,

11728.0 7544.0 496.0 108.0 attorney
12344.0 7536.0 168.0 100.0 for
12628.0 7528.0 488.0 100.0 Richard
13236.0 7532.0 436.0 116.0 Martin,
13792.0 7532.0 112.0 92.0 43

11724.0 7728.0 304.0 84.0 years
12116.0 7700.0 204.0 116.0 old,
12408.0 7700.0 232.0 96.0 4315
12720.0 7700.0 616.0 112.0 Decoursey
13416.0 7700.0 484.0 100.0 Avenue,

11728.0 7868.0 632.0 116.0 Covington,
12480.0 7868.0 476.0 108.0 charged
13088.0 7868.0 248.0 92.0 with
13468.0 7864.0 436.0 112.0 driving

11736.0 8040.0 292.0 92.0 when
12212.0 8036.0 652.0 96.0 intoxicated
13048.0 8036.0 204.0 92.0 and
13424.0 8032.0 480.0 92.0 reckless

11728.0 8208.0 56.0 88.0 d
11808.0 8208.0 368.0 112.0 living.

11844.0 8376.0 220.0 88.0 The
12168.0 8372.0 456.0 108.0 charges
12728.0 8392.0 284.0 68.0 were
13120.0 8368.0 240.0 100.0 filed
13464.0 8364.0 432.0 116.0 against

11736.0 8540.0 388.0 96.0 Martin
12232.0 8544.0 104.0 88.0 In
12436.0 8536.0 644.0 96.0 connection
13184.0 8536.0 248.0 92.0 with
13536.0 8560.0 68.0 64.0 a
13704.0 8532.0 164.0 92.0 col-

11736.0 8708.0 296.0 96.0 lision
12132.0 8704.0 284.0 100.0 June
12512.0 8708.0 108.0 96.0 27
12720.0 8708.0 100.0 92.0 In
12928.0 8704.0 348.0 92.0 which
13368.0 8728.0 140.0 64.0 an
13612.0 8708.0 264.0 84.0 auto-

11740.0 8876.0 376.0 92.0 mobile
12224.0 8872.0 372.0 92.0 owned
12696.0 8872.0 140.0 112.0 by
12940.0 8872.0 132.0 92.0 H.
13176.0 8868.0 100.0 92.0 C.
13380.0 8868.0 532.0 100.0 Johnson,

11732.0 9012.0 632.0 100.0 Covington,
12460.0 9036.0 212.0 72.0 was
12776.0 9004.0 556.0 112.0 damaged.
13496.0 9004.0 376.0 92.0 Patrol-

11736.0 9168.0 236.0 72.0 men
12076.0 9148.0 332.0 104.0 Hugh
12512.0 9148.0 516.0 84.0 Semones
13124.0 9140.0 204.0 92.0 and
13424.0 9132.0 488.0 96.0 William

11744.0 9284.0 616.0 96.0 Broderlck,
12476.0 9280.0 172.0 92.0 the
12772.0 9280.0 544.0 112.0 arresting
13424.0 9272.0 488.0 104.0 officers,

11740.0 9416.0 164.0 100.0 did
11988.0 9420.0 180.0 88.0 not
12260.0 9440.0 392.0 84.0 appear
12732.0 9412.0 104.0 92.0 in
12920.0 9416.0 312.0 88.0 court
13300.0 9404.0 612.0 120.0 yesterday.

11852.0 9552.0 472.0 108.0 Murphy
12424.0 9548.0 368.0 92.0 moved
12900.0 9548.0 180.0 96.0 for
13176.0 9568.0 56.0 68.0 a
13332.0 9544.0 580.0 104.0 dismissal,

11736.0 9684.0 180.0 92.0 but
12024.0 9684.0 360.0 92.0 Judce
12492.0 9684.0 732.0 92.0 Goodenough
13324.0 9672.0 584.0 96.0 continued

11740.0 9824.0 172.0 92.0 the
12036.0 9844.0 256.0 64.0 case
12420.0 9820.0 164.0 88.0 for
12700.0 9840.0 68.0 68.0 a
12896.0 9816.0 328.0 88.0 week.
13444.0 9812.0 464.0 112.0 Murphy
14012.0 9804.0 172.0 112.0 lug
14264.0 9812.0 228.0 88.0 and
14568.0 9800.0 412.0 108.0 driving
15064.0 9796.0 312.0 92.0 wlthi
15412.0 9800.0 100.0 84.0 ut
15588.0 9820.0 60.0 64.0 a
15732.0 9788.0 448.0 96.0 driver's

11752.0 9960.0 596.0 108.0 thereupon
12440.0 9952.0 328.0 100.0 asked
12864.0 9952.0 252.0 92.0 that
13204.0 9952.0 168.0 84.0 the
13468.0 9948.0 452.0 108.0 hearing
13960.0 9940.0 428.0 96.0 license.

11748.0 10404.0 820.0 448.0 Crops
12680.0 10388.0 1052.0 368.0 Unhurt
13844.0 10388.0 372.0 452.0 By
14336.0 10388.0 544.0 444.0 Dry
14988.0 10368.0 900.0 444.0 Week;

11932.0 10888.0 1440.0 380.0 Week-End
13520.0 10884.0 1208.0 372.0 Showers
14868.0 10868.0 1048.0 456.0 Helpful
15992.0 11016.0 68.0 292.0 ;

12184.0 11400.0 1208.0 372.0 Tobacco
13632.0 11384.0 1056.0 452.0 Making
14916.0 11384.0 1264.0 448.0 Progress

11848.0 12092.0 604.0 104.0 Louisville,
12576.0 12096.0 228.0 108.0 Ky.,
12932.0 12088.0 256.0 116.0 July
13300.0 12080.0 56.0 100.0 7
13492.0 12084.0 292.0 92.0 (API-

11736.0 12268.0 212.0 112.0 Dry
12048.0 12264.0 476.0 92.0 weather
12620.0 12264.0 168.0 92.0 for
12884.0 12260.0 188.0 88.0 the
13172.0 12260.0 288.0 84.0 week
13564.0 12252.0 340.0 92.0 ended

11732.0 12436.0 568.0 116.0 yesterday
12364.0 12436.0 96.0 84.0 in
12568.0 12428.0 444.0 112.0 general
13080.0 12424.0 620.0 108.0 "adversely
13756.0 12420.0 116.0 92.0 af-

11736.0 12600.0 348.0 96.0 fected
12188.0 12600.0 248.0 108.0 only
12536.0 12600.0 264.0 88.0 such
12920.0 12596.0 476.0 112.0 poitions
13504.0 12592.0 120.0 88.0 of
13736.0 12588.0 172.0 88.0 the

11728.0 12772.0 336.0 112.0 staple
12152.0 12792.0 312.0 92.0 crops
12548.0 12792.0 120.0 64.0 as
12748.0 12764.0 220.0 88.0 had
13052.0 12756.0 476.0 96.0 suffered
13632.0 12756.0 272.0 88.0 from

11732.0 12940.0 436.0 108.0 delayed
12304.0 12936.0 644.0 88.0 cultivation
13072.0 12948.0 120.0 68.0 or
13312.0 12924.0 328.0 92.0 stand
13776.0 12948.0 128.0 64.0 on

11736.0 13104.0 552.0 108.0 relatively
12348.0 13104.0 224.0 92.0 thin
12632.0 13100.0 296.0 104.0 soil,"
12992.0 13104.0 76.0 84.0 it
13128.0 13120.0 212.0 64.0 was
13400.0 13088.0 500.0 116.0 reported

11736.0 13276.0 320.0 112.0 today
12160.0 13268.0 140.0 116.0 by
12392.0 13268.0 92.0 96.0 J.
12588.0 13268.0 108.0 96.0 L.
12800.0 13264.0 492.0 104.0 Kendall,
13392.0 13260.0 512.0 92.0 Weather

11736.0 13440.0 428.0 92.0 Bureau
12240.0 13436.0 832.0 108.0 meteorologist.

11852.0 13612.0 284.0 88.0 "The
12232.0 13608.0 300.0 92.0 week
12616.0 13628.0 228.0 64.0 was
12944.0 13600.0 312.0 92.0 much
13360.0 13620.0 300.0 68.0 morn
13760.0 13592.0 108.0 96.0 fa-

11740.0 13744.0 428.0 96.0 vorable
12276.0 13744.0 252.0 88.0 than
12628.0 13732.0 668.0 100.0 otherwise,"
13388.0 13736.0 240.0 88.0 said
13732.0 13732.0 176.0 92.0 the

11740.0 13888.0 356.0 104.0 report
12184.0 13880.0 168.0 92.0 lor
12436.0 13876.0 612.0 108.0 Kentucky.
13192.0 13868.0 396.0 116.0 "Crops
13676.0 13868.0 224.0 92.0 that

11744.0 14044.0 268.0 64.0 were
12124.0 14016.0 584.0 88.0 cultivated
12824.0 14008.0 244.0 92.0 well
13180.0 14012.0 192.0 88.0 and
13492.0 14008.0 128.0 88.0 at
13732.0 14004.0 176.0 88.0 the

11728.0 14172.0 388.0 96.0 proper
12168.0 14152.0 264.0 96.0 time
12484.0 14148.0 304.0 100.0 made
12844.0 14144.0 704.0 112.0 satisfactory
13608.0 14164.0 264.0 92.0 prog-

11744.0 14308.0 248.0 72.0 ress.
11860.0 14428.0 620.0 92.0 "Moderate
12576.0 14428.0 108.0 88.0 to
12780.0 14412.0 356.0 120.0 heavy
13228.0 14412.0 484.0 92.0 showers
13812.0 14404.0 96.0 92.0 In

11740.0 14568.0 436.0 92.0 Central
12268.0 14568.0 212.0 92.0 and
12572.0 14560.0 540.0 92.0 Southern
13200.0 14556.0 476.0 88.0 sections
13764.0 14552.0 108.0 84.0 to-

11740.0 14704.0 284.0 100.0 ward
12140.0 14704.0 180.0 92.0 the
12424.0 14704.0 196.0 92.0 end
12728.0 14696.0 116.0 92.0 of
12948.0 14696.0 184.0 92.0 the
13220.0 14692.0 292.0 88.0 week
13624.0 14704.0 280.0 76.0 were

11736.0 14844.0 568.0 92.0 beneficial
12368.0 14844.0 104.0 88.0 to
12528.0 14840.0 136.0 92.0 all
12728.0 14836.0 484.0 116.0 growing
13268.0 14852.0 344.0 88.0 crops.
13680.0 14824.0 220.0 96.0 Thi

11732.0 14988.0 476.0 88.0 showers
12340.0 15004.0 264.0 68.0 were
12736.0 14976.0 396.0 104.0 lighter
13256.0 14968.0 204.0 92.0 and
13604.0 14988.0 292.0 64.0 more

11732.0 15124.0 260.0 88.0 local
12068.0 15132.0 104.0 88.0 in
12240.0 15120.0 172.0 92.0 the
12476.0 15116.0 548.0 92.0 Northern
13096.0 15112.0 512.0 88.0 counties.
13676.0 15104.0 220.0 88.0 The

11728.0 15264.0 220.0 108.0 dry,
12004.0 15260.0 232.0 88.0 cool
12304.0 15260.0 468.0 88.0 weather
12836.0 15256.0 284.0 88.0 most
13184.0 15252.0 104.0 88.0 of
13344.0 15248.0 188.0 88.0 the
13596.0 15240.0 292.0 92.0 week

11732.0 15400.0 436.0 92.0 favored
12272.0 15392.0 664.0 100.0 cultivation,
13020.0 15388.0 336.0 92.0 which
13464.0 15384.0 92.0 96.0 Is
13664.0 15404.0 224.0 68.0 now

11736.0 15536.0 628.0 116.0 practically
12464.0 15556.0 132.0 92.0 up
12692.0 15532.0 268.0 88.0 with
13060.0 15552.0 248.0 84.0 crop
13404.0 15520.0 452.0 112.0 develop-

11740.0 15672.0 376.0 96.0 ment."
11960.0 16112.0 976.0 376.0 DAYTON
13088.0 16104.0 552.0 376.0 MAN

11732.0 16836.0 660.0 212.0 Shoots
12516.0 16832.0 360.0 212.0 Self
13004.0 16832.0 204.0 204.0 In
13336.0 16760.0 612.0 276.0 Head.1

11736.0 17428.0 468.0 128.0 William
12300.0 17424.0 340.0 136.0 Hictz,
12720.0 17424.0 900.0 136.0 Patternmaker,
13708.0 17420.0 148.0 124.0 Dp

11944.0 17648.0 552.0 108.0 sioineiit
12560.0 17636.0 300.0 120.0 0er
12936.0 17624.0 116.0 128.0 III
13128.0 17624.0 392.0 124.0 Health

12108.0 17828.0 468.0 124.0 Worked
12660.0 17828.0 116.0 124.0 In
12860.0 17824.0 652.0 128.0 Cincinnati.

11848.0 18336.0 776.0 112.0 Despondency
12688.0 18336.0 456.0 88.0 because
13204.0 18332.0 104.0 92.0 of
13376.0 18328.0 96.0 92.0 ill
13524.0 18328.0 364.0 92.0 health

11732.0 18476.0 388.0 88.0 caused
12264.0 18476.0 456.0 92.0 William
12864.0 18472.0 332.0 100.0 Dietz,
13328.0 18468.0 112.0 92.0 55
13580.0 18484.0 312.0 88.0 years

11728.0 18616.0 196.0 104.0 old,
12024.0 18612.0 844.0 112.0 patternmaker,
12964.0 18608.0 224.0 92.0 1001
13284.0 18604.0 604.0 104.0 McKinncy

11736.0 18756.0 464.0 96.0 Avenue,
12280.0 18748.0 448.0 112.0 Dayton,
12812.0 18756.0 112.0 84.0 to
13004.0 18744.0 196.0 96.0 end
13276.0 18744.0 164.0 88.0 his
13520.0 18744.0 192.0 92.0 life
13792.0 18744.0 96.0 84.0 In

11732.0 18892.0 160.0 88.0 his
11988.0 18888.0 508.0 92.0 bedroom
12588.0 18884.0 300.0 112.0 early
12984.0 18880.0 600.0 116.0 yesterday.
13732.0 18876.0 156.0 92.0 He

11728.0 19024.0 228.0 88.0 shot
12072.0 19024.0 436.0 88.0 himself
12604.0 19024.0 104.0 84.0 in
12816.0 19020.0 184.0 88.0 the
13108.0 19012.0 256.0 92.0 head
13472.0 19016.0 268.0 88.0 with
13844.0 19036.0 52.0 64.0 a

11728.0 19164.0 140.0 92.0 .38
11932.0 19160.0 408.0 88.0 caliber
12412.0 19156.0 512.0 88.0 revolver.

11848.0 19300.0 340.0 100.0 Dietz,
12336.0 19300.0 232.0 84.0 who
12704.0 19296.0 212.0 88.0 had
13068.0 19292.0 252.0 92.0 been
13468.0 19280.0 108.0 100.0 HI
13732.0 19288.0 156.0 88.0 for

11732.0 19436.0 464.0 100.0 months,
12284.0 19432.0 420.0 88.0 worked
12796.0 19428.0 520.0 108.0 Tuesday.
13464.0 19424.0 388.0 88.0 Yester-

11728.0 19572.0 200.0 108.0 day
12012.0 19572.0 496.0 104.0 morning
12592.0 19568.0 248.0 88.0 Mrs.
12928.0 19568.0 308.0 92.0 Diet,
13308.0 19560.0 580.0 112.0 suggested

11732.0 19712.0 228.0 84.0 that
12112.0 19708.0 128.0 88.0 he
12380.0 19708.0 408.0 88.0 remain
12944.0 19712.0 112.0 88.0 at
13196.0 19700.0 340.0 92.0 home.
13688.0 19692.0 200.0 96.0 She

11732.0 19848.0 244.0 88.0 then
12088.0 19844.0 432.0 88.0 entered
12624.0 19844.0 180.0 88.0 the
12916.0 19836.0 428.0 92.0 kitchen
13448.0 19844.0 116.0 80.0 to
13668.0 19856.0 180.0 92.0 pre-

11732.0 20004.0 244.0 88.0 pare
12132.0 19976.0 556.0 92.0 breakfast
12844.0 19976.0 176.0 92.0 for
13168.0 19972.0 164.0 92.0 Ihe
13476.0 19968.0 408.0 116.0 family.

11732.0 20116.0 472.0 108.0 Hearing
12284.0 20116.0 176.0 96.0 the
12532.0 20116.0 240.0 92.0 shot
12852.0 20112.0 308.0 108.0 later,
13232.0 20112.0 176.0 88.0 she
13492.0 20108.0 388.0 92.0 rushed

11732.0 20260.0 100.0 84.0 to
11904.0 20256.0 160.0 88.0 bis
12144.0 20252.0 524.0 96.0 bedroom.
12808.0 20252.0 228.0 88.0 Her
13112.0 20248.0 480.0 92.0 husband
13672.0 20268.0 216.0 64.0 was

11732.0 20392.0 276.0 108.0 lying
12096.0 20412.0 132.0 64.0 on
12316.0 20388.0 176.0 92.0 the
12576.0 20392.0 308.0 88.0 floor.

11836.0 20528.0 640.0 104.0 Magistrate
12544.0 20532.0 288.0 88.0 John
12908.0 20524.0 116.0 96.0 E.
13100.0 20520.0 492.0 104.0 Wallace,
13664.0 20524.0 176.0 100.0 Acl-

11720.0 20672.0 168.0 100.0 ing
12004.0 20668.0 552.0 112.0 Campbell
12664.0 20660.0 436.0 124.0 County
13204.0 20664.0 480.0 88.0 Coroner
13832.0 20680.0 60.0 68.0 n

11716.0 20808.0 172.0 84.0 the
11980.0 20804.0 472.0 92.0 absence
12544.0 20808.0 112.0 92.0 of
12748.0 20808.0 184.0 104.0 Dr.
13032.0 20800.0 400.0 104.0 August
13536.0 20796.0 316.0 88.0 Helm

11716.0 20944.0 264.0 104.0 hold,
12064.0 20948.0 508.0 96.0 returned
12648.0 20972.0 64.0 64.0 a
12784.0 20944.0 416.0 88.0 verdict
13268.0 20940.0 112.0 92.0 of
13456.0 20936.0 408.0 88.0 suicide

11716.0 21084.0 212.0 88.0 The
12020.0 21080.0 284.0 116.0 body
12384.0 21108.0 216.0 68.0 was
12692.0 21080.0 496.0 96.0 removed
13272.0 21088.0 108.0 76.0 to
13464.0 21080.0 192.0 84.0 the
13748.0 21076.0 104.0 88.0 fu-

11716.0 21220.0 288.0 92.0 neral
12148.0 21220.0 316.0 92.0 home
12596.0 21228.0 112.0 88.0 of
12848.0 21212.0 700.0 96.0 Vonderhaar
13684.0 21212.0 204.0 88.0 and

11712.0 21360.0 436.0 104.0 Stetter,
12224.0 21360.0 328.0 92.0 Third
12624.0 21356.0 212.0 96.0 and
12912.0 21360.0 460.0 84.0 Overton
13448.0 21352.0 440.0 92.0 Streets,

11716.0 21500.0 540.0 108.0 Newpoit.

11832.0 21636.0 312.0 96.0 Dicta
12316.0 21664.0 212.0 60.0 ws
12692.0 21636.0 548.0 108.0 employed
13412.0 21624.0 136.0 112.0 by
13720.0 21624.0 172.0 84.0 the

11720.0 21776.0 572.0 96.0 American
12388.0 21776.0 244.0 92.0 Tool
12736.0 21772.0 420.0 96.0 Works,
13248.0 21760.0 640.0 96.0 Cincinnati.

11724.0 21916.0 152.0 88.0 He
11960.0 21916.0 88.0 92.0 is
12132.0 21920.0 488.0 92.0 survived
12704.0 21912.0 132.0 108.0 by
12916.0 21912.0 168.0 88.0 his
13160.0 21900.0 404.0 104.0 widow,
13652.0 21900.0 236.0 88.0 Mrs.

11720.0 22052.0 380.0 104.0 Lillian
12212.0 22056.0 332.0 104.0 Dietz,
12652.0 22052.0 208.0 88.0 and
12972.0 22048.0 292.0 88.0 three
13372.0 22036.0 520.0 100.0 children,

11716.0 22196.0 416.0 92.0 Walter
12204.0 22196.0 324.0 100.0 Dietz,
12600.0 22188.0 252.0 88.0 Mrs.
12932.0 22180.0 472.0 108.0 Dorothy
13476.0 22172.0 416.0 104.0 Harris,

11724.0 22336.0 204.0 88.0 and
12016.0 22336.0 200.0 92.0 Ida
12304.0 22332.0 228.0 88.0 Mae
12612.0 22324.0 332.0 92.0 Diet..

11724.0 22588.0 1104.0 236.0 Kentuckian
12908.0 22580.0 180.0 224.0 Is
13164.0 22568.0 608.0 232.0 Killed

11796.0 22928.0 200.0 228.0 In
12092.0 22916.0 404.0 232.0 Fall
12576.0 22920.0 356.0 224.0 Out
13032.0 22904.0 788.0 236.0 Window

11872.0 23260.0 260.0 228.0 Of
12224.0 23248.0 532.0 232.0 Hotel
12856.0 23244.0 240.0 228.0 At
13188.0 23248.0 700.0 280.0 Dayton

11728.0 23752.0 168.0 60.0 Spf'
11940.0 23744.0 128.0 60.0 UI.
12140.0 23744.0 408.0 56.0 PLSI'ATCH
12612.0 23740.0 108.0 56.0 TO
12780.0 23740.0 180.0 56.0 TIIH
13024.0 23736.0 436.0 64.0 ENQK'm.B.

11844.0 23872.0 468.0 108.0 Dayton,
12368.0 23860.0 292.0 104.0 Ohio,
12712.0 23856.0 260.0 116.0 July
13024.0 23852.0 600.0 96.0 7-Hubert
13664.0 23844.0 188.0 92.0 Val-

11732.0 24008.0 392.0 100.0 entine,
12196.0 24008.0 116.0 92.0 19
12380.0 24024.0 308.0 92.0 years
12764.0 23996.0 208.0 100.0 old,
13048.0 23984.0 540.0 100.0 Heidrick,
13676.0 23980.0 216.0 116.0 Ky.,

11736.0 24144.0 236.0 92.0 died
12044.0 24144.0 216.0 96.0 late
12332.0 24144.0 316.0 112.0 today
12712.0 24136.0 116.0 92.0 of
12900.0 24128.0 440.0 116.0 injuries
13404.0 24120.0 488.0 92.0 suffered

11740.0 24284.0 104.0 92.0 15
11912.0 24288.0 340.0 88.0 hours
12320.0 24276.0 380.0 92.0 earlier
12772.0 24276.0 308.0 88.0 when
13160.0 24276.0 116.0 92.0 he
13352.0 24260.0 188.0 92.0 fell
13624.0 24260.0 268.0 88.0 from

11732.0 24448.0 64.0 64.0 a
11864.0 24416.0 624.0 92.0 third-floor
12552.0 24412.0 464.0 92.0 window
13088.0 24408.0 108.0 92.0 of
13264.0 24404.0 180.0 92.0 the
13520.0 24400.0 376.0 92.0 Antler

11732.0 24560.0 348.0 100.0 Hotel,
12148.0 24560.0 116.0 92.0 25
12324.0 24560.0 284.0 84.0 West
12672.0 24548.0 304.0 96.0 Sixth
13052.0 24544.0 364.0 96.0 Street.

11852.0 24692.0 416.0 92.0 Robert
12328.0 24692.0 596.0 96.0 Valentine,
12996.0 24692.0 136.0 96.0 23,
13200.0 24684.0 156.0 88.0 his
13428.0 24676.0 464.0 104.0 brother,

11732.0 24836.0 236.0 84.0 who
12036.0 24856.0 228.0 64.0 was
12332.0 24836.0 420.0 108.0 present
12824.0 24828.0 308.0 84.0 when
13204.0 24812.0 416.0 96.0 Hubert
13692.0 24808.0 204.0 108.0 fell,

11736.0 24996.0 216.0 64.0 was
12048.0 24968.0 624.0 108.0 questioned
12772.0 24964.0 140.0 116.0 by
13008.0 24960.0 348.0 116.0 police,
13456.0 24952.0 192.0 92.0 but
13752.0 24972.0 100.0 68.0 re-

11740.0 25108.0 384.0 92.0 leased.
11856.0 25244.0 424.0 96.0 Hubert
12352.0 25244.0 228.0 92.0 died
12664.0 25240.0 112.0 92.0 of
12852.0 25268.0 60.0 60.0 a
12992.0 25224.0 540.0 100.0 fractured
13620.0 25224.0 272.0 92.0 skull

11736.0 25388.0 204.0 88.0 and
12036.0 25384.0 460.0 88.0 internal
12588.0 25376.0 452.0 108.0 injuries
13128.0 25380.0 100.0 76.0 at
13316.0 25368.0 148.0 88.0 St.
13556.0 25364.0 304.0 92.0 Eliza-

11740.0 25520.0 244.0 92.0 beth
12052.0 25516.0 524.0 116.0 Hospital.
12696.0 25516.0 164.0 88.0 He
12928.0 25508.0 204.0 96.0 had
13196.0 25504.0 256.0 88.0 been
13516.0 25524.0 72.0 64.0 a
13656.0 25500.0 200.0 92.0 resi-

11740.0 25660.0 244.0 88.0 dent
12072.0 25656.0 252.0 88.0 here
12408.0 25660.0 164.0 84.0 for
12652.0 25656.0 168.0 84.0 six
12904.0 25648.0 376.0 92.0 weeks,
13360.0 25636.0 200.0 92.0 but
13652.0 25640.0 240.0 112.0 only

11736.0 25792.0 472.0 112.0 recently
12268.0 25792.0 416.0 92.0 roomed
12748.0 25784.0 260.0 92.0 with
13072.0 25784.0 152.0 88.0 his
13280.0 25780.0 452.0 88.0 brother
13784.0 25788.0 108.0 84.0 at

11736.0 25932.0 172.0 92.0 the
11972.0 25928.0 316.0 96.0 hotel.

11716.0 26188.0 672.0 124.0 FEDERAL
12440.0 26188.0 500.0 116.0 GRANT
12996.0 26184.0 900.0 124.0 ANNOUNCED

11860.0 26392.0 612.0 100.0 Frankfort,
12584.0 26388.0 228.0 112.0 Ky.,
12932.0 26384.0 248.0 124.0 July
11740.0 26388.0 2152.0 252.0 7-(AP)-Recelpt

12300.0 26536.0 108.0 92.0 of
12524.0 26528.0 348.0 84.0 notice
13020.0 26524.0 112.0 92.0 of
13268.0 26556.0 60.0 68.0 a
13444.0 26528.0 452.0 96.0 Federal

11740.0 26672.0 308.0 100.0 grant
12192.0 26660.0 112.0 88.0 of
12436.0 26656.0 596.0 100.0 $750,570.64
13172.0 26656.0 164.0 92.0 for
13472.0 26664.0 424.0 112.0 old-age

11728.0 26808.0 500.0 108.0 pensions
12292.0 26800.0 100.0 88.0 in
12464.0 26796.0 580.0 116.0 Kentucky
13112.0 26800.0 156.0 88.0 for
13332.0 26800.0 192.0 92.0 the
13592.0 26808.0 296.0 88.0 three

11728.0 26940.0 432.0 88.0 months
12240.0 26936.0 388.0 108.0 ending
12708.0 26932.0 620.0 116.0 September
13400.0 26936.0 152.0 108.0 30,
13640.0 26940.0 252.0 100.0 1937,

11724.0 27096.0 216.0 60.0 was
12048.0 27068.0 620.0 92.0 announced
12816.0 27072.0 328.0 108.0 today
13272.0 27072.0 128.0 104.0 by
13548.0 27076.0 124.0 96.0 A.
13780.0 27076.0 112.0 88.0 Y.

11724.0 27208.0 356.0 104.0 Lloyd.
12156.0 27204.0 484.0 92.0 Director
12712.0 27208.0 116.0 88.0 of
12904.0 27212.0 176.0 84.0 the
13156.0 27208.0 476.0 92.0 Welfare
13708.0 27212.0 144.0 88.0 De-

11728.0 27340.0 628.0 108.0 partment's
12440.0 27344.0 416.0 108.0 old-age
12956.0 27348.0 600.0 88.0 assistance
11720.0 27348.0 2136.0 220.0 division.

14328.0 6000.0 200.0 168.0 r
14968.0 6000.0 264.0 168.0 u
15424.0 6064.0 48.0 64.0 .
16056.0 5808.0 168.0 360.0 J

13992.0 6704.0 112.0 88.0 he
14164.0 6704.0 164.0 88.0 set
14400.0 6704.0 172.0 88.0 for
14624.0 6692.0 492.0 112.0 Monday,
15180.0 6724.0 124.0 64.0 as
15364.0 6696.0 384.0 96.0 Martin
15812.0 6696.0 344.0 96.0 would

13996.0 6840.0 268.0 88.0 have
14400.0 6844.0 116.0 84.0 to
14636.0 6836.0 164.0 112.0 lay
14920.0 6840.0 168.0 96.0 off
15232.0 6836.0 268.0 96.0 from
15620.0 6836.0 304.0 96.0 work
16052.0 6840.0 108.0 84.0 to

13992.0 6992.0 436.0 88.0 appear.
14656.0 6968.0 340.0 112.0 Judge
15144.0 6968.0 724.0 112.0 doodenough
16012.0 6992.0 108.0 64.0 re-

14000.0 7104.0 336.0 104.0 fused,
14440.0 7112.0 524.0 108.0 asserting
15060.0 7104.0 260.0 92.0 that
15412.0 7104.0 444.0 112.0 Murphy
15956.0 7100.0 200.0 92.0 had

14000.0 7240.0 364.0 92.0 talked
14448.0 7240.0 252.0 92.0 with
14772.0 7244.0 212.0 92.0 him
15068.0 7240.0 316.0 88.0 three
15452.0 7244.0 304.0 88.0 times
15840.0 7236.0 316.0 92.0 about

14000.0 7376.0 172.0 88.0 the
14272.0 7400.0 284.0 88.0 case,
14652.0 7380.0 196.0 92.0 and
14948.0 7396.0 236.0 68.0 was
15284.0 7376.0 348.0 108.0 trying
15720.0 7376.0 116.0 88.0 to
15932.0 7392.0 196.0 88.0 sup-

14000.0 7532.0 296.0 88.0 press
14392.0 7508.0 668.0 116.0 prosecution
15156.0 7508.0 140.0 112.0 by
15376.0 7508.0 388.0 116.0 having
15836.0 7504.0 288.0 96.0 John-

13996.0 7644.0 284.0 92.0 son's
14360.0 7640.0 648.0 96.0 automobile
15088.0 7640.0 516.0 112.0 repaired.

14108.0 7780.0 884.0 112.0 Characterizing
15084.0 7776.0 540.0 112.0 Murphy's
15700.0 7768.0 456.0 100.0 conduct

14000.0 7916.0 96.0 92.0 In
14156.0 7920.0 192.0 88.0 the
14420.0 7916.0 380.0 96.0 Martin
14864.0 7920.0 420.0 84.0 matter
15340.0 7936.0 112.0 64.0 as
15508.0 7932.0 128.0 68.0 an
15700.0 7912.0 456.0 108.0 attempt

14000.0 8056.0 100.0 88.0 to
14156.0 8048.0 284.0 92.0 "fix"
14496.0 8056.0 176.0 88.0 the
14728.0 8072.0 264.0 76.0 case,
15036.0 8044.0 360.0 112.0 Judge
15444.0 8044.0 724.0 104.0 Goodenough

14000.0 8184.0 224.0 96.0 said
14312.0 8188.0 252.0 88.0 that
14636.0 8184.0 340.0 88.0 where
15060.0 8184.0 196.0 88.0 the
15336.0 8176.0 488.0 92.0 evidence
15908.0 8200.0 224.0 68.0 war-

14004.0 8344.0 24.0 64.0 i
14056.0 8328.0 332.0 88.0 anted
14492.0 8324.0 104.0 88.0 In
14680.0 8344.0 300.0 68.0 cases
15080.0 8316.0 536.0 108.0 Involving
15708.0 8316.0 460.0 104.0 charges

14004.0 8460.0 104.0 88.0 of
14236.0 8456.0 324.0 88.0 drlvh
14792.0 8456.0 308.0 84.0 when
15244.0 8444.0 668.0 112.0 Intoxicated,
16044.0 8448.0 124.0 88.0 he

14004.0 8588.0 348.0 108.0 would
14420.0 8592.0 284.0 92.0 refer
14760.0 8588.0 288.0 88.0 them
15116.0 8588.0 120.0 84.0 to
15296.0 8584.0 172.0 92.0 the
15528.0 8588.0 336.0 104.0 grand
15928.0 8576.0 240.0 120.0 Jury

14008.0 8732.0 160.0 88.0 for
14240.0 8724.0 792.0 108.0 investigation.

14120.0 8860.0 80.0 92.0 A
14264.0 8856.0 600.0 116.0 suspended
14924.0 8852.0 512.0 92.0 svnlence
15492.0 8852.0 108.0 92.0 of
15652.0 8852.0 216.0 92.0 five
15912.0 8848.0 264.0 116.0 days

14008.0 8996.0 100.0 92.0 in
14224.0 8988.0 204.0 116.0 Jail
14540.0 9020.0 212.0 64.0 was
14864.0 8992.0 488.0 108.0 Imposed
15460.0 9008.0 124.0 72.0 on
15704.0 8984.0 468.0 96.0 William

14012.0 9128.0 580.0 108.0 tlewllng,.
14636.0 9128.0 132.0 104.0 26,
14864.0 9128.0 180.0 88.0 813
15148.0 9124.0 300.0 92.0 Scott,
15544.0 9120.0 628.0 96.0 Boulevard,

14004.0 9260.0 636.0 112.0 Covington,
14732.0 9260.0 432.0 88.0 taxlcab
15260.0 9256.0 368.0 104.0 driver,
15716.0 9252.0 456.0 92.0 accused

14004.0 9408.0 108.0 92.0 of
14212.0 9396.0 412.0 116.0 hitting
14708.0 9396.0 356.0 108.0 Harry
15180.0 9388.0 304.0 116.0 Rose,
15568.0 9392.0 608.0 112.0 Covington

14008.0 9532.0 656.0 112.0 motorcycle
14824.0 9528.0 640.0 116.0 patrolman,
15616.0 9528.0 288.0 88.0 June
16032.0 9528.0 140.0 88.0 18.

13952.0 9680.0 12.0 80.0 I
14008.0 9668.0 504.0 108.0 Hewling
14600.0 9692.0 212.0 72.0 was
14896.0 9660.0 488.0 104.0 chnrged
15472.0 9660.0 244.0 92.0 with
15812.0 9656.0 320.0 112.0 speed

14128.0 12080.0 284.0 96.0 Most
14500.0 12100.0 244.0 68.0 corn
14824.0 12064.0 588.0 100.0 continued
15492.0 12068.0 104.0 92.0 to
15676.0 12088.0 504.0 92.0 progresi

14016.0 12224.0 264.0 100.0 well,
14420.0 12216.0 180.0 88.0 but
14708.0 12212.0 220.0 92.0 that
15080.0 12216.0 108.0 84.0 in
15324.0 12204.0 536.0 96.0 Northern
15968.0 12204.0 204.0 92.0 and

14012.0 12380.0 296.0 72.0 some
14396.0 12356.0 428.0 92.0 Central
14904.0 12348.0 500.0 92.0 districts
15480.0 12348.0 320.0 88.0 needs
15888.0 12368.0 288.0 64.0 more

14016.0 12504.0 236.0 88.0 rain
14324.0 12500.0 220.0 88.0 and
14616.0 12484.0 656.0 100.0 "additional
15344.0 12484.0 216.0 92.0 rain
15632.0 12484.0 348.0 92.0 would
16056.0 12480.0 124.0 92.0 be

14016.0 12636.0 416.0 112.0 helpful
14512.0 12636.0 96.0 88.0 In
14684.0 12656.0 308.0 88.0 many
15076.0 12624.0 516.0 96.0 localities
15664.0 12628.0 112.0 84.0 to
15848.0 12624.0 280.0 88.0 main-

14016.0 12780.0 224.0 88.0 tain
14352.0 12772.0 412.0 108.0 growth
14880.0 12780.0 108.0 80.0 at
15132.0 12772.0 144.0 84.0 its
15380.0 12768.0 420.0 108.0 present
15924.0 12760.0 248.0 108.0 high

14012.0 12912.0 328.0 96.0 rate."

14120.0 13052.0 340.0 108.0 Early
14560.0 13048.0 428.0 92.0 tobacco
15096.0 13044.0 316.0 92.0 made
15504.0 13044.0 264.0 108.0 good
15876.0 13068.0 256.0 88.0 prog-

14000.0 13216.0 224.0 64.0 ress
14328.0 13184.0 216.0 96.0 and
14668.0 13184.0 548.0 116.0 Improved
15324.0 13184.0 564.0 112.0 generally,
15992.0 13180.0 176.0 92.0 but

13996.0 13332.0 396.0 120.0 drylnjf
14492.0 13324.0 188.0 96.0 soil
14768.0 13328.0 404.0 92.0 slowed
15280.0 13324.0 168.0 88.0 the
15544.0 13324.0 416.0 112.0 growth
16064.0 13320.0 112.0 92.0 of

14000.0 13468.0 204.0 88.0 lata
14292.0 13468.0 432.0 108.0 setting.
14868.0 13464.0 328.0 88.0 Some
15284.0 13460.0 492.0 92.0 northern
15864.0 13484.0 312.0 68.0 areas

14004.0 13608.0 320.0 88.0 failed
14440.0 13612.0 108.0 88.0 to
14632.0 13600.0 168.0 116.0 get
14888.0 13600.0 440.0 112.0 enough
15412.0 13604.0 224.0 92.0 rain
15732.0 13600.0 172.0 92.0 for
16000.0 13600.0 132.0 88.0 Im-

14000.0 13744.0 472.0 92.0 mediate
14552.0 13744.0 344.0 108.0 needs,
14980.0 13740.0 220.0 92.0 and
15292.0 13740.0 220.0 96.0 rain
15592.0 13736.0 92.0 96.0 Is
15772.0 13736.0 404.0 92.0 needed

14016.0 13884.0 100.0 88.0 In
14252.0 13884.0 308.0 112.0 pHce
14688.0 13884.0 104.0 84.0 to
14920.0 13876.0 536.0 96.0 maintain
15580.0 13872.0 592.0 96.0 maximum

14004.0 14024.0 456.0 112.0 growth,
14528.0 14016.0 512.0 108.0 although
15120.0 14040.0 140.0 68.0 on
15332.0 14016.0 172.0 92.0 the
15576.0 14016.0 344.0 92.0 whole
16000.0 14016.0 180.0 88.0 the

14000.0 14180.0 256.0 88.0 crop
14340.0 14160.0 100.0 92.0 la
14516.0 14156.0 112.0 100.0 iu
14696.0 14156.0 268.0 112.0 good
15040.0 14152.0 576.0 100.0 oonidllon.

14116.0 14296.0 236.0 96.0 The
14464.0 14296.0 464.0 96.0 weather
15024.0 14312.0 240.0 72.0 was
15356.0 14288.0 388.0 116.0 mainly
15840.0 14288.0 308.0 96.0 favor-

14004.0 14432.0 232.0 92.0 able
14320.0 14436.0 176.0 88.0 for
14564.0 14436.0 380.0 100.0 cotton,
15020.0 14432.0 356.0 88.0 which
15452.0 14436.0 76.0 80.0 la
15604.0 14428.0 580.0 112.0 beginning

13996.0 14580.0 104.0 84.0 to
14160.0 14568.0 396.0 96.0 bloom.
14668.0 14568.0 708.0 116.0 Haymaking
15436.0 14592.0 204.0 68.0 was
15700.0 14568.0 480.0 88.0 affected

14000.0 14708.0 124.0 112.0 by
14196.0 14708.0 196.0 92.0 the
14456.0 14704.0 196.0 92.0 low
14716.0 14708.0 732.0 108.0 temperature
15504.0 14704.0 212.0 96.0 and
15788.0 14700.0 344.0 96.0 cloudi-

13996.0 14868.0 272.0 72.0 ness.
14440.0 14844.0 428.0 92.0 Growth
14968.0 14840.0 124.0 92.0 of
15196.0 14844.0 372.0 88.0 second
15672.0 14864.0 260.0 92.0 crop
16032.0 14844.0 100.0 92.0 al-

13996.0 14984.0 272.0 88.0 falfa
14340.0 15004.0 228.0 68.0 was
14640.0 14988.0 168.0 84.0 not
14880.0 15004.0 120.0 64.0 so
15072.0 14980.0 336.0 112.0 rapid.
15528.0 14976.0 344.0 96.0 Home
15936.0 15008.0 196.0 84.0 gar-

13988.0 15120.0 264.0 92.0 dens
14328.0 15128.0 212.0 92.0 and
14612.0 15120.0 296.0 88.0 truck
14992.0 15116.0 276.0 92.0 need
15344.0 15116.0 216.0 92.0 rain
15632.0 15120.0 104.0 88.0 In
15808.0 15120.0 316.0 88.0 north-

13984.0 15280.0 180.0 72.0 ern
14232.0 15256.0 484.0 92.0 districts
14776.0 15280.0 296.0 68.0 more
15136.0 15256.0 264.0 88.0 than
15460.0 15256.0 304.0 92.0 other
15824.0 15280.0 336.0 88.0 crops.

13984.0 15392.0 640.0 104.0 Conditions
14700.0 15416.0 268.0 68.0 were
15052.0 15388.0 448.0 96.0 "almost
15584.0 15388.0 336.0 96.0 Ideal"
16000.0 15396.0 168.0 88.0 for

13988.0 15528.0 596.0 112.0 threshing,
14672.0 15528.0 340.0 92.0 which
15108.0 15532.0 540.0 88.0 advanced
15748.0 15524.0 416.0 116.0 rapidly

13964.0 15668.0 200.0 92.0 and
14252.0 15664.0 380.0 96.0 moved
14720.0 15672.0 212.0 88.0 Into
15016.0 15672.0 508.0 88.0 northern
15596.0 15668.0 512.0 96.0 dlsticts,

14392.0 16104.0 1368.0 376.0 SIGNATURE

14000.0 16824.0 192.0 212.0 Of
14400.0 16824.0 1052.0 264.0 Employers
15652.0 16828.0 508.0 212.0 Issue

14008.0 17416.0 104.0 120.0 In
14240.0 17408.0 772.0 156.0 Ncgolinlions
15120.0 17416.0 676.0 148.0 Concerning
15904.0 17412.0 208.0 128.0 Ash-

14092.0 17612.0 304.0 144.0 land,
14488.0 17616.0 228.0 164.0 Ky.,
14784.0 17616.0 580.0 164.0 Company
15472.0 17620.0 568.0 136.0 -Question

14244.0 17820.0 116.0 124.0 Is
14436.0 17820.0 200.0 128.0 Put
14704.0 17824.0 140.0 124.0 To
14924.0 17816.0 524.0 136.0 National
15520.0 17820.0 388.0 132.0 Hoard.

14108.0 18320.0 604.0 92.0 Essentials
14776.0 18324.0 108.0 88.0 of
14956.0 18348.0 60.0 68.0 a
15096.0 18324.0 584.0 112.0 nationally
15748.0 18320.0 368.0 112.0 signifi-

13988.0 18492.0 252.0 88.0 cant
14300.0 18492.0 464.0 88.0 decision
14832.0 18496.0 124.0 112.0 by
15024.0 18492.0 192.0 92.0 the
15260.0 18488.0 492.0 96.0 National
15816.0 18492.0 352.0 92.0 Labor

13992.0 18656.0 560.0 92.0 Relations
14612.0 18660.0 340.0 96.0 Board
15024.0 18684.0 288.0 64.0 were
15356.0 18660.0 640.0 92.0 formulated
16060.0 18668.0 100.0 88.0 In

13988.0 18824.0 620.0 96.0 Cincinnati
14724.0 18824.0 584.0 120.0 yesterday
15416.0 18828.0 300.0 92.0 when
15836.0 18840.0 288.0 80.0 attor-

13996.0 19016.0 252.0 88.0 neys
14324.0 18996.0 180.0 88.0 for
14568.0 18996.0 176.0 88.0 the
14816.0 19000.0 132.0 88.0 M.
15024.0 18996.0 132.0 92.0 D.
15240.0 18996.0 552.0 96.0 Friedman
15868.0 18996.0 252.0 92.0 Com-

13996.0 19184.0 312.0 88.0 pany,
14376.0 19164.0 500.0 100.0 Ashland,
14948.0 19164.0 248.0 112.0 Ky.,
15268.0 19168.0 428.0 88.0 reached
15772.0 19188.0 136.0 68.0 an
15984.0 19192.0 136.0 68.0 un-

13988.0 19328.0 708.0 108.0 derstanding
14760.0 19336.0 256.0 88.0 with
15088.0 19332.0 352.0 112.0 Philip
15504.0 19332.0 108.0 92.0 G.
15688.0 19336.0 472.0 112.0 rhlllips,

13996.0 19492.0 528.0 112.0 Regional
14600.0 19500.0 492.0 92.0 Director
15172.0 19500.0 168.0 92.0 for
15412.0 19504.0 164.0 88.0 the
15656.0 19504.0 380.0 92.0 Board.

14100.0 19664.0 232.0 92.0 The
14464.0 19692.0 516.0 88.0 company
15120.0 19668.0 380.0 108.0 agreed
15612.0 19672.0 244.0 88.0 that
15980.0 19672.0 176.0 88.0 the

13996.0 19832.0 348.0 92.0 Hoard
14456.0 19836.0 368.0 92.0 should
14924.0 19836.0 380.0 88.0 decide
15404.0 19840.0 476.0 88.0 whether
15980.0 19840.0 176.0 88.0 the

13988.0 20004.0 480.0 108.0 Wagner
14536.0 20008.0 200.0 88.0 Act
14808.0 20004.0 500.0 112.0 required
15388.0 20008.0 584.0 112.0 employers
16052.0 20012.0 108.0 88.0 to

13984.0 20172.0 232.0 112.0 sign
14300.0 20176.0 676.0 108.0 agreements
15116.0 20200.0 200.0 60.0 one
15388.0 20176.0 100.0 88.0 of
15556.0 20176.0 180.0 88.0 the
15812.0 20176.0 348.0 112.0 major

13992.0 20344.0 340.0 88.0 issues
14436.0 20344.0 100.0 88.0 in
14636.0 20344.0 168.0 88.0 the
14904.0 20348.0 432.0 108.0 present
15432.0 20344.0 252.0 92.0 steel
15792.0 20344.0 368.0 96.0 strike.

13984.0 20508.0 216.0 92.0 The
14280.0 20532.0 520.0 92.0 company
14876.0 20512.0 524.0 88.0 contends
15472.0 20516.0 220.0 88.0 also
15768.0 20516.0 240.0 88.0 that
16084.0 20520.0 76.0 88.0 It

13988.0 20680.0 84.0 88.0 Is
14136.0 20684.0 188.0 84.0 not
14392.0 20680.0 308.0 92.0 linble
14760.0 20684.0 344.0 88.0 under
15176.0 20684.0 172.0 88.0 the
15412.0 20684.0 460.0 104.0 Wagner
15932.0 20688.0 228.0 92.0 Act.

14104.0 20848.0 416.0 92.0 Robeit
14604.0 20848.0 116.0 88.0 D.
14800.0 20848.0 544.0 108.0 Caldwell,
15420.0 20852.0 508.0 104.0 Ashland,
16008.0 20860.0 100.0 80.0 at-

13988.0 21020.0 384.0 112.0 torney
14472.0 21020.0 164.0 88.0 for
14728.0 21020.0 172.0 84.0 the
15000.0 21044.0 556.0 88.0 company,
15648.0 21020.0 232.0 88.0 said
15984.0 21024.0 176.0 88.0 the

13992.0 21184.0 244.0 88.0 firm
14308.0 21188.0 264.0 112.0 buys
14632.0 21192.0 224.0 108.0 pait
14920.0 21188.0 116.0 88.0 of
15100.0 21192.0 144.0 88.0 its
15304.0 21188.0 508.0 104.0 material,
15864.0 21192.0 296.0 96.0 steel,

13988.0 21352.0 424.0 92.0 outside
14504.0 21356.0 172.0 88.0 the
14764.0 21364.0 320.0 92.0 state,
15188.0 21352.0 172.0 96.0 but
15452.0 21360.0 240.0 88.0 sells
15788.0 21360.0 140.0 92.0 all
16024.0 21360.0 136.0 92.0 its

13992.0 21524.0 512.0 112.0 products
14580.0 21524.0 100.0 88.0 in
14760.0 21524.0 612.0 112.0 Kentucky.

14108.0 21688.0 484.0 116.0 Phillips,
14676.0 21696.0 228.0 84.0 who
14984.0 21696.0 256.0 88.0 rent,
15320.0 21720.0 56.0 64.0 a
15452.0 21724.0 260.0 88.0 copy
15796.0 21696.0 112.0 92.0 of
15984.0 21700.0 176.0 88.0 the

13984.0 21860.0 584.0 108.0 cotnpbiint
14644.0 21864.0 100.0 84.0 to
14808.0 21860.0 712.0 112.0 Washington
15584.0 21868.0 204.0 88.0 last
15860.0 21872.0 300.0 104.0 night

13988.0 22024.0 128.0 116.0 by
14260.0 22028.0 456.0 104.0 airmail,
14864.0 22032.0 572.0 92.0 conferred
15588.0 22036.0 568.0 112.0 yesterday

13984.0 22196.0 576.0 92.0 afternoon
14648.0 22200.0 248.0 88.0 with
14988.0 22200.0 500.0 92.0 Caldwell
15572.0 22196.0 212.0 96.0 and
15880.0 22204.0 272.0 92.0 John

13996.0 22360.0 384.0 112.0 Voting
14508.0 22364.0 408.0 108.0 Brown,
15056.0 22368.0 492.0 108.0 attorney
15680.0 22368.0 172.0 92.0 for
15980.0 22372.0 176.0 84.0 the

13992.0 22500.0 356.0 96.0 union.

14096.0 22636.0 232.0 92.0 The
14396.0 22636.0 560.0 112.0 complaint
15012.0 22660.0 232.0 64.0 was
15308.0 22636.0 236.0 92.0 filed
15588.0 22640.0 564.0 112.0 originally

13988.0 22768.0 128.0 116.0 by
14192.0 22776.0 192.0 84.0 the
14460.0 22776.0 304.0 92.0 Sheet
14840.0 22772.0 220.0 92.0 and
15144.0 22776.0 196.0 92.0 Tin
15412.0 22776.0 296.0 92.0 Hate
15788.0 22776.0 320.0 92.0 Work-

13984.0 22932.0 200.0 80.0 ers,
14276.0 22936.0 144.0 64.0 an
14508.0 22912.0 460.0 88.0 affiliate
15056.0 22908.0 124.0 92.0 of
15268.0 22916.0 164.0 84.0 the
15512.0 22916.0 636.0 88.0 Committee

13984.0 23040.0 208.0 92.0 For
14300.0 23048.0 576.0 92.0 Industrial
14984.0 23044.0 796.0 108.0 Organization.
15932.0 23048.0 220.0 92.0 The

13988.0 23180.0 328.0 88.0 union
14436.0 23180.0 452.0 112.0 charged
15004.0 23184.0 196.0 88.0 the
15308.0 23204.0 520.0 92.0 company
15936.0 23208.0 216.0 64.0 was

13988.0 23316.0 456.0 108.0 "failing
14548.0 23324.0 108.0 84.0 to
14760.0 23316.0 556.0 112.0 bargain,"
15416.0 23344.0 112.0 64.0 as
15644.0 23320.0 504.0 108.0 provided

13988.0 23452.0 344.0 88.0 under
14396.0 23456.0 176.0 88.0 the
14632.0 23452.0 468.0 108.0 Wagner
15160.0 23456.0 224.0 104.0 Act,
15444.0 23452.0 124.0 112.0 by
15636.0 23460.0 180.0 88.0 not
15876.0 23456.0 232.0 108.0 sign-

13992.0 23588.0 172.0 112.0 ing
14236.0 23612.0 144.0 68.0 an
14452.0 23596.0 644.0 100.0 agreement.

14152.0 23916.0 396.0 120.0 AUTO
14620.0 23916.0 848.0 120.0 MECHANICS
15540.0 23920.0 436.0 120.0 MEET.

14100.0 24112.0 676.0 92.0 Automobile
14852.0 24112.0 620.0 96.0 mechanics
15548.0 24116.0 284.0 92.0 from
15916.0 24112.0 188.0 92.0 Cin-

13984.0 24248.0 416.0 92.0 cinnati
14544.0 24252.0 196.0 88.0 and
14888.0 24252.0 544.0 92.0 Northern
15576.0 24248.0 576.0 112.0 Kentucky

13980.0 24384.0 308.0 92.0 cities
14400.0 24384.0 492.0 96.0 attended
15004.0 24412.0 64.0 64.0 a
15188.0 24384.0 448.0 108.0 meeting
15736.0 24384.0 116.0 88.0 of
15972.0 24384.0 176.0 88.0 the

13984.0 24520.0 400.0 88.0 United
14520.0 24520.0 668.0 88.0 Automobile
15320.0 24520.0 492.0 92.0 Workers
15944.0 24520.0 204.0 92.0 last

13988.0 24656.0 336.0 104.0 night.
14484.0 24656.0 212.0 92.0 The
14780.0 24652.0 616.0 92.0 mechanics
15484.0 24656.0 264.0 88.0 have
15840.0 24656.0 308.0 88.0 made

13988.0 24792.0 652.0 108.0 application
14712.0 24792.0 164.0 88.0 for
14944.0 24816.0 64.0 68.0 a
15080.0 24792.0 424.0 88.0 charter
15568.0 24788.0 116.0 88.0 of
15752.0 24788.0 356.0 92.0 affilia-

13984.0 24932.0 220.0 88.0 tion
14284.0 24932.0 264.0 88.0 with
14616.0 24928.0 176.0 92.0 the
14856.0 24928.0 576.0 92.0 Committe
15504.0 24924.0 204.0 92.0 For
15780.0 24920.0 328.0 92.0 Indus-

13984.0 25064.0 252.0 88.0 trial
14340.0 25064.0 800.0 108.0 Organization.
15284.0 25060.0 204.0 92.0 The
15572.0 25060.0 576.0 92.0 American

13992.0 25196.0 644.0 92.0 Federation
14736.0 25200.0 108.0 88.0 of
14948.0 25196.0 360.0 92.0 Iabor
15404.0 25192.0 468.0 112.0 recently
15968.0 25220.0 140.0 64.0 an-

13992.0 25340.0 488.0 88.0 nounced
14592.0 25336.0 288.0 112.0 plans
14988.0 25336.0 180.0 84.0 for
15260.0 25332.0 612.0 112.0 organizing
15972.0 25336.0 180.0 88.0 the

13992.0 25472.0 648.0 88.0 mechanics.

14080.0 25772.0 360.0 116.0 NEW
14524.0 25764.0 888.0 128.0 PATROLMAN
15492.0 25764.0 564.0 124.0 NAMED.

14108.0 25980.0 764.0 112.0 Appointment
14952.0 25976.0 112.0 88.0 of
15152.0 25968.0 448.0 92.0 Enunett
15680.0 25968.0 464.0 104.0 Ireland,

13992.0 26112.0 168.0 96.0 822
14224.0 26116.0 304.0 88.0 Scott
14592.0 26104.0 628.0 104.0 Boulevard,
15284.0 26128.0 112.0 64.0 as
15448.0 26128.0 60.0 64.0 a
15564.0 26100.0 584.0 96.0 substitute

13984.0 26248.0 604.0 104.0 Covington
14768.0 26240.0 604.0 112.0 patrolman
15556.0 26260.0 224.0 64.0 was
15972.0 26260.0 128.0 68.0 an-

13996.0 26392.0 488.0 84.0 nounced
14564.0 26380.0 568.0 116.0 yesterday
15212.0 26376.0 124.0 116.0 by
15412.0 26372.0 344.0 92.0 Police
15832.0 26368.0 308.0 96.0 Chief

13992.0 26528.0 284.0 88.0 John
14360.0 26520.0 508.0 96.0 Putthoff.
15004.0 26512.0 420.0 92.0 Ireland
15488.0 26508.0 404.0 96.0 headed
15964.0 26512.0 176.0 88.0 the

13996.0 26660.0 424.0 100.0 eligible
14508.0 26660.0 184.0 84.0 list.
14832.0 26652.0 164.0 92.0 He
15084.0 26652.0 212.0 88.0 will
15376.0 26656.0 108.0 84.0 be
15564.0 26644.0 256.0 92.0 used
15908.0 26644.0 192.0 92.0 dur

14000.0 26800.0 180.0 108.0 ing
14276.0 26800.0 356.0 84.0 illness
14720.0 26792.0 112.0 88.0 of
14920.0 26788.0 464.0 92.0 another
15472.0 26780.0 472.0 92.0 member
16032.0 26780.0 112.0 88.0 of

14000.0 26940.0 176.0 84.0 the
14252.0 26932.0 660.0 112.0 department
14988.0 26928.0 220.0 88.0 and
15284.0 26928.0 96.0 88.0 In
15448.0 26928.0 168.0 88.0 the
15688.0 26920.0 456.0 92.0 absence
16192.0 26956.0 4.0 64.0 i

13996.0 27072.0 112.0 84.0 of
14212.0 27068.0 608.0 92.0 Patrolman
14928.0 27068.0 400.0 92.0 Robert
15432.0 27056.0 380.0 112.0 Teipel.
15912.0 27036.0 288.0 112.0 who!

14004.0 27212.0 80.0 84.0 is
14164.0 27216.0 116.0 76.0 to
14364.0 27208.0 280.0 84.0 leave
14724.0 27204.0 544.0 104.0 Saturday
15344.0 27212.0 96.0 80.0 to
15516.0 27196.0 364.0 92.0 attend
15968.0 27200.0 176.0 88.0 the

14000.0 27348.0 512.0 88.0 National
14584.0 27340.0 336.0 92.0 Police
14992.0 27340.0 540.0 108.0 Academy
15608.0 27340.0 104.0 88.0 in
15776.0 27332.0 364.0 92.0 Wash-

14000.0 27484.0 424.0 116.0 int'ton,
14476.0 27484.0 120.0 92.0 V.
14652.0 27476.0 104.0 100.0 C
16188.0 27472.0 16.0 64.0 1

16416.0 4992.0 640.0 448.0 PLEA
17176.0 4992.0 264.0 456.0 IS
17568.0 5000.0 704.0 456.0 FILED

16272.0 5824.0 304.0 328.0 By
16704.0 5824.0 1016.0 328.0 Building
17840.0 5840.0 600.0 256.0 Firm

16280.0 6552.0 220.0 200.0 On
16660.0 6540.0 1016.0 212.0 Mechanic's
17832.0 6548.0 376.0 212.0 Lien

16460.0 6872.0 588.0 268.0 $N,Slil
17160.0 6884.0 404.0 260.0 Due,
17656.0 6884.0 568.0 212.0 Claim.

16280.0 7460.0 780.0 192.0 Injunction
17188.0 7464.0 340.0 160.0 Also
17664.0 7464.0 132.0 164.0 Is
17928.0 7464.0 532.0 204.0 Sought

16408.0 7700.0 192.0 156.0 To
16764.0 7692.0 592.0 164.0 Prevent
17536.0 7704.0 760.0 200.0 Gambling,

16500.0 7928.0 424.0 164.0 Other
16996.0 7932.0 324.0 160.0 Law
17396.0 7936.0 804.0 164.0 Violations.

16380.0 8436.0 504.0 104.0 Troubles
16952.0 8444.0 232.0 96.0 that
17272.0 8448.0 272.0 96.0 have
17616.0 8444.0 288.0 100.0 beset
17976.0 8452.0 452.0 120.0 Beverly

16268.0 8608.0 264.0 92.0 Hills
16696.0 8612.0 476.0 116.0 Country
17348.0 8616.0 300.0 112.0 Club,
17816.0 8640.0 232.0 72.0 new
18216.0 8616.0 212.0 100.0 anfl

16264.0 8776.0 436.0 112.0 swnnky
16796.0 8784.0 544.0 104.0 Northern
17448.0 8788.0 576.0 120.0 Kentucky
18128.0 8788.0 304.0 112.0 night

16268.0 8948.0 260.0 108.0 spot,
16592.0 8952.0 280.0 92.0 since
16944.0 8956.0 132.0 92.0 Its
17140.0 8956.0 480.0 116.0 opening
17680.0 8956.0 392.0 92.0 almost
18132.0 8960.0 312.0 92.0 three

16276.0 9116.0 416.0 88.0 months
16776.0 9144.0 228.0 84.0 ago,
17096.0 9128.0 344.0 96.0 found
17528.0 9124.0 284.0 96.0 their
17892.0 9144.0 240.0 96.0 way
18224.0 9124.0 228.0 88.0 Into

16272.0 9244.0 372.0 104.0 United
16748.0 9256.0 352.0 96.0 States
17192.0 9260.0 352.0 92.0 Court
17644.0 9264.0 100.0 88.0 In
17840.0 9260.0 608.0 108.0 Covington

16276.0 9392.0 552.0 116.0 yesterday
16892.0 9400.0 100.0 84.0 In
17056.0 9420.0 56.0 68.0 a
17180.0 9400.0 208.0 88.0 suit
17460.0 9392.0 452.0 112.0 seeking
17972.0 9392.0 488.0 120.0 appoint

16280.0 9528.0 280.0 88.0 ment
16640.0 9540.0 112.0 88.0 of
16836.0 9556.0 56.0 72.0 a
16972.0 9536.0 492.0 92.0 receiver
17544.0 9540.0 176.0 92.0 for
17796.0 9532.0 184.0 100.0 the
18056.0 9532.0 280.0 92.0 club.

16400.0 9660.0 212.0 100.0 The
16680.0 9668.0 240.0 108.0 suit,
16992.0 9664.0 256.0 96.0 filed
17324.0 9672.0 440.0 108.0 against
17832.0 9672.0 180.0 88.0 the
18084.0 9668.0 336.0 92.0 South-

16276.0 9800.0 240.0 100.0 gale
16652.0 9800.0 296.0 88.0 show
17096.0 9800.0 304.0 108.0 place
17556.0 9796.0 128.0 116.0 by
17820.0 9800.0 184.0 88.0 the
18156.0 9800.0 312.0 112.0 Mays

16284.0 9932.0 488.0 116.0 Building
16924.0 9936.0 604.0 120.0 Company,
17684.0 9968.0 64.0 68.0 a
17904.0 9940.0 564.0 96.0 Delaware

16276.0 10084.0 708.0 104.0 corporation,
17072.0 10080.0 344.0 100.0 asked
17512.0 10084.0 232.0 92.0 also
17832.0 10088.0 168.0 92.0 for
18084.0 10108.0 144.0 68.0 an
18320.0 10084.0 108.0 92.0 In-

16280.0 10212.0 480.0 108.0 junction
16832.0 10220.0 432.0 104.0 against
17344.0 10216.0 564.0 116.0 gambling
17972.0 10244.0 120.0 64.0 or
18164.0 10216.0 308.0 92.0 other

16288.0 10348.0 556.0 108.0 violations
16924.0 10360.0 116.0 92.0 of
17120.0 10352.0 208.0 96.0 law
17412.0 10356.0 116.0 88.0 at
17612.0 10356.0 184.0 92.0 the
17872.0 10352.0 248.0 92.0 club
18204.0 10348.0 268.0 104.0 until

16288.0 10484.0 180.0 96.0 the
16536.0 10492.0 312.0 88.0 claim
16920.0 10492.0 112.0 92.0 of
17104.0 10496.0 184.0 84.0 the
17372.0 10488.0 312.0 120.0 Miys
17752.0 10492.0 588.0 112.0 Company,
18412.0 10516.0 64.0 72.0 a

16288.0 10628.0 636.0 96.0 mechanic's
17064.0 10632.0 208.0 92.0 lien
17424.0 10632.0 176.0 100.0 for
17740.0 10628.0 508.0 112.0 $8,801.97,
18388.0 10632.0 80.0 92.0 h

16288.0 10768.0 512.0 92.0 satisfied.

16416.0 10900.0 216.0 92.0 The
16720.0 10904.0 240.0 100.0 suit,
17048.0 10924.0 136.0 68.0 an
17280.0 10904.0 372.0 88.0 action
17744.0 10904.0 108.0 92.0 to
17940.0 10904.0 524.0 96.0 foreclose

16296.0 11060.0 132.0 68.0 on
16504.0 11036.0 176.0 96.0 the
16756.0 11040.0 652.0 88.0 mechanic's
17488.0 11036.0 208.0 96.0 Hen
17772.0 11040.0 240.0 96.0 held
18080.0 11044.0 136.0 116.0 by
18284.0 11044.0 180.0 92.0 the

16288.0 11172.0 296.0 112.0 Mays
16668.0 11196.0 556.0 92.0 company,
17320.0 11172.0 348.0 96.0 asked
17764.0 11176.0 164.0 96.0 for
18020.0 11180.0 184.0 96.0 the
18300.0 11200.0 136.0 88.0 ap-

16304.0 11312.0 588.0 108.0 pointment
16980.0 11312.0 112.0 92.0 of
17180.0 11316.0 188.0 92.0 the
17464.0 11312.0 472.0 96.0 receiver
18024.0 11316.0 172.0 92.0 "to
18284.0 11316.0 140.0 92.0 Im-

16300.0 11456.0 344.0 96.0 pound
16752.0 11448.0 176.0 88.0 the
17040.0 11444.0 376.0 96.0 lawful
17532.0 11448.0 452.0 116.0 profits"
18080.0 11452.0 116.0 104.0 of
18288.0 11452.0 176.0 92.0 the

16296.0 11584.0 240.0 92.0 club
16628.0 11584.0 164.0 92.0 for
16892.0 11580.0 176.0 96.0 the
17172.0 11584.0 420.0 96.0 benefit
17692.0 11588.0 116.0 100.0 of
17904.0 11588.0 180.0 96.0 the
18176.0 11588.0 244.0 96.0 cred-

16300.0 11720.0 284.0 92.0 itors.
16404.0 11856.0 432.0 104.0 Charles
16932.0 11860.0 112.0 100.0 E.
17144.0 11864.0 412.0 108.0 lister,
17652.0 11872.0 180.0 108.0 Jr,
17920.0 11864.0 548.0 120.0 Newport,

16284.0 12000.0 484.0 112.0 attorney
16884.0 12004.0 168.0 92.0 for
17160.0 12004.0 188.0 88.0 the
17464.0 12004.0 308.0 116.0 Mays
17880.0 12000.0 584.0 124.0 Company,

16284.0 12140.0 224.0 88.0 said
16616.0 12140.0 124.0 88.0 he
16844.0 12140.0 336.0 96.0 would
17296.0 12164.0 316.0 72.0 move
17712.0 12148.0 168.0 92.0 for
17968.0 12148.0 456.0 112.0 appoint-

16288.0 12280.0 284.0 88.0 ment
16680.0 12280.0 108.0 92.0 of
16888.0 12304.0 64.0 68.0 a
17056.0 12280.0 488.0 92.0 receiver
17644.0 12280.0 132.0 120.0 by
17872.0 12280.0 356.0 120.0 Judge
18332.0 12280.0 128.0 100.0 H.

16284.0 12416.0 420.0 92.0 Church
16804.0 12420.0 268.0 92.0 Foid
17168.0 12420.0 552.0 116.0 Saturday
17812.0 12420.0 108.0 104.0 In
18016.0 12420.0 404.0 116.0 Lexing-

16288.0 12564.0 204.0 84.0 ton.
16412.0 12716.0 360.0 92.0 y.Kl.
16932.0 12716.0 956.0 100.0 SUTTI.KMENT
17952.0 12724.0 404.0 92.0 SEEN.

16396.0 12880.0 216.0 92.0 The
16688.0 12888.0 192.0 88.0 suit
16972.0 12888.0 164.0 92.0 for
17216.0 12888.0 724.0 120.0 receivership
18016.0 12896.0 216.0 96.0 and
18312.0 12896.0 108.0 92.0 In-

16272.0 13016.0 476.0 112.0 junction
16876.0 13020.0 516.0 96.0 climaxes
17524.0 13028.0 636.0 96.0 difficulties
18284.0 13056.0 136.0 68.0 en-

16276.0 13160.0 564.0 92.0 countered
16936.0 13156.0 124.0 112.0 by
17148.0 13168.0 572.0 104.0 operators
17800.0 13172.0 116.0 92.0 of
18004.0 13172.0 456.0 108.0 Beverly

16280.0 13288.0 264.0 96.0 Hills
16620.0 13300.0 96.0 88.0 In
16788.0 13304.0 352.0 84.0 recent
17208.0 13300.0 396.0 96.0 weeks.
17704.0 13304.0 84.0 92.0 A
17856.0 13304.0 300.0 96.0 short
18200.0 13308.0 256.0 92.0 time

16276.0 13452.0 200.0 84.0 ago
16544.0 13432.0 592.0 116.0 employees
17204.0 13436.0 116.0 88.0 of
17392.0 13436.0 184.0 88.0 the
17644.0 13440.0 240.0 92.0 club
17952.0 13464.0 128.0 68.0 en
18148.0 13452.0 308.0 88.0 route

16284.0 13564.0 268.0 92.0 from
16672.0 13568.0 176.0 92.0 the
16964.0 13572.0 348.0 92.0 Glenn
17440.0 13572.0 352.0 104.0 Hotel,
17912.0 13576.0 544.0 116.0 Newport,

16276.0 13700.0 252.0 92.0 with
16612.0 13724.0 60.0 72.0 a
16752.0 13700.0 340.0 108.0 "bank
17176.0 13708.0 268.0 96.0 roll"
17524.0 13716.0 116.0 96.0 of
17720.0 13708.0 380.0 112.0 $10,000
18180.0 13740.0 212.0 68.0 war

16280.0 13836.0 236.0 96.0 held
16576.0 13860.0 136.0 92.0 up
16760.0 13836.0 136.0 120.0 by
16956.0 13864.0 64.0 68.0 a
17076.0 13868.0 352.0 92.0 group
17484.0 13848.0 120.0 96.0 of
16276.0 13852.0 2184.0 216.0 machine-gun-armed

16732.0 13972.0 432.0 104.0 bandits
17256.0 13984.0 256.0 92.0 who
17600.0 13984.0 488.0 96.0 crowded
18184.0 13992.0 284.0 88.0 their

16280.0 14112.0 636.0 100.0 automobile
17064.0 14120.0 288.0 96.0 from
17492.0 14120.0 192.0 96.0 the
17816.0 14124.0 656.0 96.0 Alexandria

16292.0 14244.0 256.0 96.0 Pike
16604.0 14276.0 64.0 64.0 a
16724.0 14248.0 300.0 96.0 short
17080.0 14256.0 508.0 92.0 distance
17644.0 14256.0 280.0 96.0 from
17980.0 14260.0 184.0 92.0 the
18200.0 14260.0 272.0 96.0 club.

16408.0 14376.0 304.0 100.0 Prior
16804.0 14384.0 104.0 92.0 to
17004.0 14388.0 240.0 96.0 that
17336.0 14384.0 444.0 124.0 holdup,
17868.0 14396.0 608.0 112.0 employee)

16284.0 14520.0 116.0 88.0 of
16452.0 14524.0 176.0 88.0 the
16680.0 14520.0 240.0 92.0 club
16968.0 14528.0 204.0 96.0 had
17240.0 14524.0 272.0 96.0 been
17576.0 14528.0 388.0 100.0 robbed
18024.0 14532.0 116.0 88.0 of
18180.0 14552.0 292.0 76.0 more

16280.0 14652.0 256.0 96.0 than
16624.0 14652.0 320.0 104.0 12,500
17024.0 14660.0 140.0 112.0 by
17244.0 14660.0 368.0 108.0 thugs,
17696.0 14668.0 580.0 112.0 according
18360.0 14672.0 112.0 88.0 to

16276.0 14808.0 360.0 76.0 rumor
16708.0 14800.0 100.0 84.0 In
16884.0 14800.0 560.0 108.0 Campbell
17524.0 14800.0 448.0 120.0 County.

16408.0 14924.0 664.0 104.0 Defendants
17152.0 14956.0 116.0 76.0 m
17356.0 14944.0 192.0 92.0 the
17636.0 14952.0 348.0 80.0 action
18076.0 14940.0 120.0 96.0 of
18276.0 14948.0 176.0 88.0 the

16276.0 15060.0 296.0 112.0 Mays
16636.0 15064.0 548.0 116.0 Company
17224.0 15092.0 192.0 68.0 are
17460.0 15076.0 356.0 100.0 Agnes
17856.0 15080.0 208.0 88.0 and
18144.0 15084.0 320.0 88.0 Peter

16280.0 15204.0 504.0 108.0 Schmidt,
16936.0 15208.0 180.0 88.0 t28
17272.0 15208.0 640.0 100.0 Monmouth
18064.0 15216.0 384.0 108.0 Street,

16280.0 15336.0 524.0 112.0 Newport,
16896.0 15348.0 384.0 92.0 named
17384.0 15352.0 104.0 88.0 In
17588.0 15352.0 176.0 88.0 the
17856.0 15352.0 592.0 108.0 complaint

16276.0 15496.0 120.0 68.0 as
16464.0 15500.0 404.0 72.0 owners
16940.0 15484.0 208.0 88.0 and
17228.0 15492.0 568.0 100.0 operators
17868.0 15492.0 116.0 92.0 of
18056.0 15488.0 324.0 92.0 Beei

16280.0 15612.0 88.0 120.0 ly
16448.0 15608.0 288.0 96.0 Hills.
16864.0 15616.0 344.0 116.0 Along
17280.0 15624.0 260.0 92.0 with
17612.0 15620.0 180.0 96.0 the
17860.0 15624.0 580.0 104.0 Schmidts.

16272.0 15744.0 112.0 92.0 13
16456.0 15768.0 440.0 92.0 persons
16968.0 15760.0 200.0 92.0 and
17248.0 15760.0 780.0 108.0 corporations,
18108.0 15756.0 140.0 96.0 all
18328.0 15764.0 116.0 92.0 of

16276.0 15884.0 344.0 88.0 whom
16732.0 15888.0 200.0 88.0 had
17044.0 15892.0 496.0 108.0 supplied
17660.0 15896.0 556.0 92.0 materials
18324.0 15920.0 120.0 72.0 or

16276.0 16024.0 300.0 88.0 aided
16664.0 16020.0 96.0 96.0 In
16836.0 16036.0 536.0 84.0 construed
17408.0 16032.0 168.0 92.0 ion
17656.0 16032.0 112.0 92.0 of
17844.0 16036.0 180.0 88.0 the
18104.0 16032.0 332.0 116.0 place,

16276.0 16176.0 272.0 68.0 were
16608.0 16160.0 368.0 96.0 namrd
17040.0 16188.0 120.0 64.0 as
17224.0 16164.0 688.0 100.0 defendants.

16576.0 16320.0 544.0 100.0 (.AMINO
17196.0 16324.0 128.0 92.0 IS
17404.0 16328.0 724.0 104.0 CilAKGKn.

16388.0 16484.0 532.0 120.0 Charging
17004.0 16496.0 580.0 120.0 definitely
17668.0 16500.0 244.0 100.0 that
18000.0 16508.0 440.0 112.0 gaming

16276.0 16628.0 84.0 88.0 Is
16420.0 16628.0 300.0 112.0 being
16776.0 16632.0 604.0 96.0 conducted
17448.0 16648.0 104.0 84.0 at
17624.0 16640.0 452.0 124.0 Beverly
18136.0 16644.0 304.0 100.0 Hills,

16272.0 16768.0 176.0 84.0 the
16528.0 16772.0 204.0 80.0 suit
16816.0 16764.0 328.0 96.0 asked
17236.0 16772.0 236.0 92.0 that
17576.0 16780.0 76.0 92.0 It
17732.0 16780.0 124.0 92.0 be
17936.0 16780.0 500.0 108.0 enjoined

16268.0 16900.0 436.0 88.0 because
16816.0 16904.0 304.0 88.0 there
17240.0 16908.0 88.0 88.0 Is
17448.0 16912.0 416.0 108.0 danger
17968.0 16916.0 116.0 92.0 of
18200.0 16920.0 240.0 88.0 "the

16268.0 17032.0 788.0 100.0 establishment
17164.0 17040.0 332.0 120.0 being
17588.0 17048.0 348.0 100.0 closed
18036.0 17048.0 140.0 116.0 by
18260.0 17056.0 180.0 92.0 the

16260.0 17176.0 596.0 108.0 regulatory
16892.0 17180.0 660.0 92.0 authorities
17596.0 17188.0 208.0 92.0 and
17864.0 17192.0 180.0 88.0 the
18088.0 17188.0 316.0 96.0 abate-

16268.0 17316.0 272.0 80.0 ment
16620.0 17312.0 112.0 88.0 of
16804.0 17316.0 224.0 88.0 snid
17108.0 17316.0 572.0 116.0 gambling
17756.0 17324.0 496.0 96.0 business
18320.0 17352.0 124.0 68.0 as

16264.0 17472.0 60.0 64.0 a
16424.0 17452.0 524.0 96.0 nuisance,
17040.0 17456.0 140.0 88.0 all
17284.0 17460.0 116.0 80.0 to
17504.0 17460.0 184.0 92.0 the
17780.0 17464.0 664.0 112.0 irreparahla

16268.0 17580.0 208.0 88.0 loss
16584.0 17584.0 200.0 92.0 and
16896.0 17588.0 460.0 108.0 damage
17476.0 17600.0 120.0 88.0 of
17704.0 17600.0 740.0 108.0 complainant

16268.0 17716.0 204.0 92.0 and
16552.0 17720.0 304.0 92.0 other
16928.0 17724.0 200.0 92.0 Hen
17208.0 17728.0 540.0 100.0 creditors
17824.0 17736.0 112.0 88.0 of
18012.0 17736.0 184.0 88.0 the
18272.0 17744.0 124.0 88.0 de-

16268.0 17852.0 532.0 92.0 fendant."
16380.0 17988.0 752.0 112.0 Appointment
17240.0 17992.0 124.0 92.0 of
17468.0 17996.0 184.0 96.0 the
17752.0 18008.0 480.0 92.0 receiver
18332.0 18008.0 112.0 96.0 to

16264.0 18132.0 428.0 100.0 operate
16800.0 18132.0 172.0 92.0 the
17080.0 18132.0 248.0 92.0 club
17440.0 18160.0 124.0 68.0 as
17672.0 18164.0 64.0 68.0 a
17840.0 18140.0 600.0 112.0 legitimate

16256.0 18264.0 312.0 108.0 going
16632.0 18288.0 480.0 88.0 concern,
17180.0 18272.0 456.0 92.0 without
17704.0 18284.0 556.0 112.0 gambling
18320.0 18308.0 120.0 68.0 or

16260.0 18396.0 304.0 92.0 other
16624.0 18400.0 196.0 88.0 law
16876.0 18408.0 612.0 104.0 violations,
17560.0 18416.0 260.0 88.0 until
17888.0 18420.0 180.0 88.0 the
18108.0 18424.0 288.0 88.0 credi-

16264.0 18540.0 220.0 88.0 tors
16564.0 18500.0 176.0 128.0 ade
16824.0 18544.0 240.0 104.0 paid
17148.0 18568.0 224.0 68.0 was
17452.0 18552.0 340.0 92.0 asked
17876.0 18556.0 108.0 104.0 If,
18064.0 18556.0 108.0 96.0 In
18252.0 18560.0 184.0 92.0 the

16260.0 18672.0 420.0 112.0 opinion
16768.0 18680.0 116.0 88.0 of
16964.0 18684.0 176.0 84.0 the
17224.0 18692.0 352.0 96.0 court,
17664.0 18692.0 176.0 92.0 the
17928.0 18700.0 512.0 108.0 property

16264.0 18812.0 84.0 88.0 is
16412.0 18816.0 172.0 84.0 too
16648.0 18816.0 480.0 92.0 valuable
17196.0 18820.0 112.0 92.0 to
17376.0 18820.0 128.0 96.0 be
17568.0 18828.0 220.0 88.0 sold
17856.0 18832.0 112.0 88.0 at
18032.0 18856.0 64.0 68.0 a
18160.0 18856.0 236.0 68.0 com-

16260.0 18948.0 644.0 96.0 missioner's
16968.0 18960.0 252.0 88.0 sale.

16376.0 19084.0 248.0 96.0 Cost
16708.0 19092.0 112.0 88.0 of
16896.0 19100.0 756.0 96.0 construction
17736.0 19100.0 116.0 96.0 of
17932.0 19104.0 184.0 92.0 the
18196.0 19108.0 248.0 92.0 club

16260.0 19244.0 212.0 64.0 was
16624.0 19224.0 564.0 100.0 estimated
17356.0 19236.0 108.0 92.0 in
17624.0 19240.0 180.0 92.0 the
17956.0 19244.0 224.0 96.0 suit
18332.0 19240.0 112.0 104.0 at

16256.0 19352.0 460.0 112.0 $150,000.

16380.0 19504.0 644.0 108.0 Spokesmen
17096.0 19508.0 168.0 92.0 for
17332.0 19512.0 460.0 116.0 Beverly
17848.0 19516.0 280.0 92.0 Hills
18188.0 19520.0 212.0 92.0 indi-

16256.0 19640.0 300.0 92.0 cated
16620.0 19640.0 192.0 96.0 last
16888.0 19644.0 312.0 108.0 night
17264.0 19652.0 248.0 92.0 that
17580.0 19656.0 176.0 88.0 the
17820.0 19660.0 216.0 88.0 suit
18096.0 19656.0 348.0 100.0 would

16260.0 19768.0 120.0 96.0 be
16460.0 19780.0 380.0 88.0 settled
16928.0 19784.0 216.0 92.0 this
17232.0 19788.0 340.0 96.0 week.

16392.0 19912.0 312.0 96.0 Peter
16760.0 19920.0 492.0 96.0 Schmidt
17320.0 19928.0 240.0 96.0 said
17624.0 19928.0 208.0 96.0 last
17888.0 19932.0 312.0 112.0 night
18260.0 19936.0 184.0 88.0 the

16256.0 20048.0 312.0 96.0 claim
16676.0 20056.0 112.0 92.0 of
16888.0 20060.0 180.0 88.0 the
17184.0 20060.0 312.0 116.0 Maya
17600.0 20088.0 532.0 96.0 company
18236.0 20072.0 208.0 92.0 had

16268.0 20192.0 188.0 84.0 not
16556.0 20188.0 256.0 96.0 teen
16928.0 20196.0 240.0 112.0 paid
17288.0 20200.0 464.0 100.0 because
17852.0 20208.0 184.0 88.0 the
18144.0 20212.0 292.0 88.0 work

16272.0 20324.0 264.0 88.0 done
16600.0 20324.0 128.0 112.0 by
16796.0 20332.0 180.0 88.0 the
17040.0 20360.0 548.0 92.0 company
17652.0 20340.0 204.0 92.0 had
17920.0 20348.0 184.0 84.0 not
18176.0 20340.0 264.0 96.0 been

16268.0 20468.0 504.0 104.0 accepted
16852.0 20472.0 252.0 92.0 thus
17184.0 20480.0 184.0 84.0 far
17444.0 20476.0 132.0 112.0 by
17652.0 20480.0 180.0 88.0 the
17908.0 20480.0 524.0 92.0 architect

16276.0 20600.0 164.0 88.0 for
16512.0 20604.0 176.0 88.0 the
16760.0 20608.0 268.0 88.0 club.
17164.0 20608.0 172.0 96.0 He
17412.0 20616.0 236.0 88.0 said
17728.0 20616.0 124.0 88.0 he
17924.0 20620.0 508.0 112.0 expected

16272.0 20740.0 176.0 84.0 the
16524.0 20744.0 204.0 84.0 suit
16804.0 20748.0 108.0 84.0 to
16984.0 20744.0 120.0 96.0 be
17172.0 20748.0 396.0 92.0 settled
17648.0 20752.0 368.0 96.0 within
18092.0 20780.0 64.0 64.0 a
18228.0 20756.0 204.0 88.0 few

16268.0 20872.0 288.0 112.0 days.

16432.0 21136.0 1048.0 384.0 YOOTH'S
17624.0 21152.0 616.0 376.0 BODY

16268.0 21860.0 172.0 208.0 Is
16512.0 21860.0 604.0 212.0 Taken
17200.0 21864.0 536.0 212.0 From
17824.0 21868.0 600.0 228.0 River.

16272.0 22448.0 500.0 156.0 Newport
16864.0 22448.0 600.0 152.0 Ilrowninc
17536.0 22452.0 388.0 132.0 Victim
18016.0 22456.0 360.0 132.0 Identi-

16344.0 22648.0 220.0 128.0 fied
16640.0 22648.0 144.0 160.0 l!y
16864.0 22648.0 36.0 124.0 I
16960.0 22648.0 236.0 124.0 ncle
17324.0 22648.0 412.0 136.0 -Found
17820.0 22664.0 152.0 156.0 By
18048.0 22668.0 148.0 120.0 Co-

16460.0 22852.0 368.0 148.0 ington
16904.0 22852.0 664.0 136.0 Honsehnat
17632.0 22860.0 572.0 144.0 Resident.

16360.0 23348.0 216.0 92.0 The
16648.0 23348.0 268.0 120.0 body
16984.0 23356.0 120.0 92.0 of
17172.0 23360.0 496.0 112.0 Douglas
17736.0 23364.0 500.0 120.0 Sentney,
18312.0 23372.0 116.0 96.0 15

16244.0 23512.0 304.0 84.0 years
16644.0 23488.0 200.0 108.0 old,
16936.0 23492.0 176.0 92.0 206
17216.0 23496.0 724.0 120.0 Washington
18040.0 23508.0 384.0 108.0 Street,

16248.0 23624.0 524.0 108.0 Newport,
16892.0 23628.0 520.0 96.0 drowned
17540.0 23640.0 304.0 92.0 when
17972.0 23640.0 456.0 112.0 bathing

16248.0 23760.0 96.0 84.0 in
16468.0 23760.0 176.0 88.0 the
16760.0 23756.0 276.0 96.0 Ohio
17152.0 23764.0 352.0 96.0 River
17612.0 23796.0 264.0 68.0 near
17988.0 23772.0 428.0 116.0 Dayton

16252.0 23892.0 480.0 108.0 Monday,
16824.0 23920.0 224.0 68.0 was
17148.0 23912.0 580.0 88.0 recovered
17820.0 23912.0 600.0 108.0 yesterday.

16360.0 24020.0 396.0 120.0 Joseph
16868.0 24028.0 704.0 124.0 Bergmeyer,
17684.0 24040.0 332.0 112.0 living
18132.0 24044.0 108.0 92.0 in
18360.0 24068.0 64.0 68.0 a

16244.0 24160.0 568.0 96.0 houseboat
16928.0 24172.0 116.0 88.0 at
17144.0 24172.0 188.0 88.0 the
17448.0 24172.0 216.0 92.0 foot
17772.0 24176.0 116.0 88.0 of
17988.0 24176.0 432.0 92.0 Russell

16244.0 24292.0 372.0 104.0 Street,
16772.0 24296.0 640.0 116.0 Covington,
17568.0 24308.0 512.0 92.0 observed
18240.0 24312.0 180.0 92.0 the

16244.0 24428.0 272.0 112.0 body
16584.0 24432.0 456.0 112.0 floating
17104.0 24436.0 112.0 96.0 in
17288.0 24436.0 188.0 92.0 the
17552.0 24440.0 280.0 92.0 river
17900.0 24460.0 268.0 72.0 near
18240.0 24436.0 180.0 96.0 the

16244.0 24564.0 224.0 92.0 foot
16572.0 24568.0 112.0 88.0 of
16808.0 24568.0 756.0 116.0 Philadelphia
17672.0 24576.0 380.0 104.0 Street,
18164.0 24572.0 212.0 92.0 Cov-

16244.0 24700.0 396.0 112.0 ington.
16788.0 24704.0 180.0 96.0 Dr.
17052.0 24704.0 384.0 92.0 James
17524.0 24708.0 112.0 92.0 P.
17720.0 24708.0 328.0 104.0 Riffe,
18136.0 24704.0 236.0 92.0 Ken-

16244.0 24840.0 180.0 88.0 ton
16504.0 24836.0 416.0 108.0 County
16992.0 24836.0 516.0 104.0 Coroner,
17592.0 24844.0 200.0 88.0 had
17876.0 24844.0 180.0 88.0 the
18148.0 24840.0 272.0 112.0 body

16248.0 24972.0 484.0 88.0 removed
16840.0 24976.0 112.0 84.0 to
17052.0 24972.0 184.0 88.0 the
17348.0 24972.0 528.0 108.0 Donnelly
17992.0 24972.0 420.0 92.0 funeral

16240.0 25104.0 340.0 92.0 home.

16364.0 25240.0 216.0 92.0 The
16688.0 25236.0 272.0 112.0 body
17068.0 25264.0 224.0 68.0 waj
17404.0 25240.0 236.0 88.0 clad
17776.0 25240.0 248.0 112.0 only
18136.0 25240.0 104.0 92.0 In
18352.0 25260.0 68.0 72.0 a

16252.0 25376.0 228.0 108.0 pair
16584.0 25376.0 116.0 88.0 of
16812.0 25372.0 444.0 116.0 bathing
17380.0 25376.0 420.0 100.0 trunks,
17920.0 25400.0 64.0 64.0 a
18100.0 25376.0 316.0 92.0 small

16240.0 25508.0 312.0 92.0 chain
16624.0 25532.0 212.0 68.0 was
16908.0 25508.0 324.0 92.0 about
17308.0 25532.0 204.0 68.0 one
17584.0 25512.0 324.0 88.0 wrist.
18048.0 25508.0 372.0 92.0 Elmer

16248.0 25644.0 484.0 108.0 Sentney,
16844.0 25668.0 132.0 64.0 an
17088.0 25640.0 352.0 104.0 uncle.
17560.0 25640.0 560.0 96.0 Identified
18172.0 25716.0 8.0 12.0 .
18236.0 25644.0 180.0 92.0 the

16244.0 25780.0 268.0 120.0 body
16576.0 25804.0 116.0 64.0 as
16768.0 25780.0 232.0 84.0 that
17072.0 25780.0 116.0 88.0 of
17260.0 25776.0 172.0 92.0 his
17504.0 25780.0 476.0 108.0 nephew.

16300.0 26040.0 672.0 120.0 DRIVERS'
17056.0 26040.0 664.0 120.0 PERMITS
17804.0 26040.0 548.0 128.0 READY.

16360.0 26240.0 660.0 96.0 Automobile
17128.0 26244.0 456.0 92.0 drivers'
17688.0 26244.0 452.0 92.0 licenses
18248.0 26248.0 168.0 88.0 for

16248.0 26380.0 384.0 96.0 1937-38
16744.0 26380.0 204.0 88.0 will
17064.0 26376.0 128.0 96.0 be
17316.0 26404.0 136.0 76.0 on
17580.0 26384.0 248.0 96.0 sale,
17940.0 26380.0 476.0 112.0 starting

16252.0 26516.0 476.0 112.0 Monday,
16816.0 26524.0 104.0 84.0 at
17016.0 26520.0 184.0 88.0 the
17300.0 26516.0 336.0 96.0 office
17728.0 26512.0 112.0 92.0 of
17932.0 26516.0 476.0 92.0 Richard

16244.0 26656.0 152.0 92.0 W.
16460.0 26652.0 472.0 112.0 Phillips,
17000.0 26652.0 420.0 96.0 Circuit
17484.0 26656.0 328.0 96.0 Court
17884.0 26648.0 352.0 108.0 Clerk,
18308.0 26664.0 104.0 88.0 in

16244.0 26796.0 176.0 88.0 the
16488.0 26796.0 496.0 104.0 Newpoit
17048.0 26792.0 712.0 92.0 Courthouse.
17888.0 26788.0 224.0 92.0 The
18184.0 26812.0 232.0 72.0 new

16252.0 26928.0 380.0 88.0 license
16716.0 26932.0 284.0 84.0 costs
17096.0 26932.0 144.0 104.0 $1.
17404.0 26928.0 448.0 108.0 Phillips
17944.0 26928.0 232.0 88.0 said
18268.0 26928.0 140.0 88.0 all

16252.0 27068.0 532.0 84.0 motorists
16852.0 27064.0 236.0 84.0 who
17156.0 27064.0 308.0 88.0 drive
17536.0 27056.0 704.0 100.0 automobiles
18308.0 27064.0 108.0 84.0 in

16244.0 27196.0 536.0 112.0 Campbell
16992.0 27200.0 432.0 116.0 County
17644.0 27208.0 280.0 80.0 must
18144.0 27200.0 268.0 88.0 have

16252.0 27340.0 460.0 88.0 licenses.
16844.0 27332.0 216.0 92.0 The
17144.0 27336.0 520.0 100.0 1936-1937
17740.0 27340.0 384.0 92.0 license
18200.0 27328.0 208.0 96.0 will

16252.0 27476.0 348.0 120.0 expire
16660.0 27472.0 244.0 124.0 July
16968.0 27476.0 144.0 92.0 31.
