19300 28876
800.0 984.0 1648.0 312.0 FINAL

792.0 1368.0 1664.0 240.0 EDITION

16236.0 936.0 1416.0 136.0 WFATHFP-OHlOi
17768.0 928.0 264.0 108.0 Mr

17384.0 1092.0 380.0 108.0 Warm
17840.0 1084.0 404.0 120.0 Today.

16244.0 1248.0 768.0 116.0 Temperature
17088.0 1232.0 648.0 116.0 Yesterdays
17816.0 1228.0 328.0 120.0 Hlfh,
18224.0 1224.0 168.0 124.0 (Wj

16424.0 1388.0 276.0 112.0 Low,
16768.0 1392.0 164.0 104.0 6H;
17004.0 1384.0 312.0 96.0 Minn
17388.0 1372.0 600.0 116.0 Humidity,
18056.0 1372.0 156.0 100.0 67.

16236.0 1520.0 376.0 84.0 n-tallnl
16680.0 1528.0 396.0 80.0 HmlniT
17132.0 1528.0 404.0 80.0 Hfimni,
17604.0 1520.0 268.0 68.0 rM
17928.0 1508.0 48.0 80.0 i
18028.0 1520.0 124.0 64.0 mm
18268.0 1504.0 128.0 80.0 l.

720.0 1968.0 428.0 172.0 VOL.
1348.0 1972.0 596.0 172.0 XCVII.
2128.0 1980.0 328.0 176.0 NO.
2640.0 1988.0 1056.0 172.0 91-DAILY

4060.0 2000.0 368.0 76.0 Rnt-rrd
4488.0 2016.0 100.0 64.0 m
4640.0 1992.0 580.0 84.0 awo-id-Flua
5272.0 1996.0 328.0 76.0 matter

4060.0 2108.0 216.0 80.0 1'nt
4352.0 2112.0 316.0 84.0 OlflM,
4752.0 2108.0 512.0 84.0 Cta-inaatl,
5344.0 2104.0 256.0 80.0 Oklo.

7276.0 1984.0 1312.0 172.0 THURSDAY
8772.0 1972.0 1180.0 196.0 MORNING,
10128.0 1980.0 596.0 168.0 JULY
10908.0 1988.0 168.0 188.0 8,
11272.0 1984.0 552.0 172.0 1937

14152.0 1972.0 696.0 164.0 THREE
15040.0 1968.0 648.0 164.0 CENTS

15988.0 1972.0 104.0 80.0 in
16224.0 1976.0 540.0 72.0 n.miito.
16896.0 1964.0 404.0 88.0 meat?
17720.0 1936.0 256.0 88.0 rnra
18108.0 1936.0 232.0 128.0 f.jfT

15988.0 2072.0 440.0 88.0 OampbrU
16508.0 2088.0 116.0 56.0 mm
16780.0 2060.0 332.0 84.0 Kmloa
17196.0 2056.0 420.0 84.0 CmuUm

17792.0 2028.0 696.0 92.0 CUtEWHCRI

3680.0 2624.0 1584.0 560.0 map

3696.0 3184.0 1744.0 384.0 UVllinllW

3024.0 896.0 1904.0 672.0 THE
5392.0 896.0 5280.0 688.0 CINCINNATI
10992.0 896.0 4896.0 704.0 ENQUIRER

2592.0 2624.0 496.0 960.0 I

544.0 4000.0 1488.0 544.0 Britain
2152.0 4000.0 560.0 544.0 To
2904.0 4008.0 1864.0 552.0 Partition

856.0 4728.0 736.0 552.0 For
1768.0 4720.0 1416.0 664.0 Arabs,
3392.0 4736.0 1512.0 656.0 Crown,

728.0 5616.0 920.0 464.0 TRIPLE
1760.0 5616.0 776.0 456.0 SPLIT
2752.0 5552.0 32.0 544.0 I

544.0 6464.0 732.0 272.0 Waits
1376.0 6472.0 292.0 260.0 On
1756.0 6468.0 952.0 324.0 League.

560.0 7192.0 604.0 276.0 Report
1316.0 7196.0 192.0 208.0 Of
1636.0 7180.0 1076.0 224.0 Commission

672.0 7532.0 852.0 272.0 Approved
1596.0 7532.0 168.0 204.0 In
1852.0 7524.0 720.0 208.0 London.

560.0 8100.0 364.0 212.0 Holy
1024.0 8112.0 396.0 160.0 Land
1524.0 8108.0 596.0 160.0 Tension
2224.0 8096.0 508.0 164.0 Sizzles

744.0 8344.0 180.0 172.0 As
992.0 8344.0 952.0 164.0 Intervention
2024.0 8336.0 512.0 160.0 Threat

904.0 8584.0 132.0 160.0 Is
1108.0 8580.0 476.0 160.0 Added
1656.0 8580.0 192.0 160.0 To
1932.0 8568.0 428.0 168.0 Okeh.

668.0 9084.0 460.0 116.0 London,
1264.0 9084.0 252.0 116.0 July
1632.0 9080.0 56.0 96.0 7
1948.0 9080.0 280.0 96.0 (AP)
2484.0 9072.0 228.0 96.0 The

532.0 9252.0 412.0 108.0 British
1028.0 9252.0 728.0 104.0 Government
1844.0 9240.0 636.0 104.0 announced
2572.0 9240.0 144.0 96.0 Its

544.0 9404.0 508.0 136.0 a'pproval
1148.0 9420.0 436.0 116.0 tonight
1672.0 9416.0 112.0 96.0 of
1880.0 9440.0 68.0 68.0 a
2048.0 9412.0 288.0 116.0 royal
2428.0 9432.0 244.0 72.0 com-

540.0 9592.0 440.0 96.0 mission
1132.0 9596.0 404.0 108.0 report,
1676.0 9580.0 460.0 116.0 carving
2280.0 9580.0 436.0 96.0 ancient

544.0 9760.0 536.0 96.0 Palestine
1216.0 9756.0 236.0 92.0 Into
1564.0 9756.0 296.0 92.0 three
1988.0 9772.0 236.0 72.0 new
2340.0 9748.0 372.0 108.0 states,

540.0 9920.0 224.0 100.0 and
832.0 9920.0 432.0 96.0 warned
1344.0 9920.0 232.0 92.0 that
1644.0 9920.0 296.0 92.0 swift
2016.0 9916.0 464.0 120.0 military
2564.0 9916.0 112.0 92.0 in-

488.0 10144.0 12.0 36.0 ,
544.0 10092.0 604.0 96.0 tervention
1280.0 10088.0 344.0 96.0 would
1740.0 10088.0 372.0 92.0 follow
2228.0 10108.0 204.0 88.0 any
2560.0 10108.0 112.0 68.0 re-

544.0 10256.0 340.0 100.0 newal
960.0 10260.0 120.0 96.0 of
1160.0 10256.0 344.0 96.0 racial
1580.0 10252.0 308.0 96.0 strife
1976.0 10252.0 108.0 92.0 in
2172.0 10256.0 176.0 92.0 the
2428.0 10248.0 288.0 120.0 Holy

540.0 10420.0 336.0 104.0 liand.

680.0 10596.0 212.0 96.0 The
1004.0 10592.0 548.0 100.0 Cabinet's
1668.0 10592.0 520.0 112.0 adoption
2304.0 10592.0 112.0 92.0 of
2528.0 10584.0 188.0 96.0 the

540.0 10760.0 408.0 100.0 drastic
1020.0 10764.0 260.0 116.0 plan
1364.0 10760.0 164.0 96.0 for
1600.0 10756.0 500.0 124.0 splitting
2176.0 10756.0 540.0 96.0 Palestine

544.0 10928.0 236.0 100.0 Into
840.0 10928.0 500.0 116.0 separate
1400.0 10924.0 580.0 116.0 sovereign,
2044.0 10924.0 388.0 96.0 Jewish
2496.0 10920.0 220.0 96.0 and

548.0 11100.0 296.0 96.0 Arab
960.0 11096.0 352.0 96.0 states
1440.0 11120.0 204.0 68.0 was
1764.0 11092.0 528.0 96.0 disclosed
2420.0 11092.0 104.0 92.0 in
2656.0 11116.0 60.0 68.0 a

544.0 11260.0 360.0 100.0 White
980.0 11288.0 348.0 92.0 paper
1368.0 11260.0 328.0 96.0 which
1736.0 11252.0 764.0 120.0 accompanied
2544.0 11260.0 188.0 92.0 the

544.0 11432.0 488.0 120.0 400-page
1112.0 11436.0 372.0 116.0 report
1552.0 11428.0 112.0 96.0 of
1732.0 11428.0 188.0 92.0 the
1996.0 11424.0 720.0 96.0 commission.

680.0 11600.0 348.0 96.0 Under
1084.0 11624.0 64.0 68.0 a
1212.0 11620.0 248.0 76.0 new
1516.0 11596.0 636.0 116.0 permanent
2212.0 11592.0 504.0 96.0 mandate

548.0 11760.0 416.0 108.0 Britain
1108.0 11764.0 360.0 92.0 would
1600.0 11788.0 400.0 92.0 govern
2152.0 11764.0 176.0 88.0 the
2468.0 11760.0 252.0 112.0 holy

544.0 11940.0 316.0 88.0 cities
916.0 11936.0 108.0 92.0 of
1076.0 11932.0 636.0 112.0 Jerusalem,
1772.0 11928.0 664.0 108.0 Bethlehem,
2500.0 11928.0 220.0 96.0 and

548.0 12100.0 540.0 100.0 Nazareth
1156.0 12100.0 224.0 92.0 and
1440.0 12124.0 64.0 68.0 a
1556.0 12100.0 480.0 92.0 corridor
2096.0 12100.0 108.0 92.0 to
2264.0 12100.0 172.0 92.0 the
2500.0 12120.0 220.0 72.0 sea.

680.0 12268.0 336.0 96.0 Bitter
1068.0 12268.0 600.0 112.0 objections
1720.0 12268.0 112.0 100.0 to
1888.0 12268.0 196.0 92.0 the
2140.0 12264.0 240.0 116.0 plan
2436.0 12284.0 284.0 72.0 were

624.0 12436.0 428.0 116.0 xpected
1132.0 12436.0 116.0 96.0 In
1328.0 12432.0 564.0 108.0 Palestine,
1976.0 12432.0 216.0 96.0 and
2264.0 12432.0 456.0 108.0 Britain,

552.0 12628.0 68.0 72.0 a
792.0 12604.0 172.0 92.0 she
1072.0 12600.0 488.0 96.0 released
1664.0 12604.0 184.0 92.0 the
1960.0 12596.0 760.0 116.0 long-awaited

552.0 12772.0 360.0 116.0 report
988.0 12768.0 116.0 96.0 of
1180.0 12768.0 196.0 96.0 the
1452.0 12768.0 464.0 116.0 year-old
1996.0 12768.0 724.0 104.0 commission,

560.0 12932.0 264.0 120.0 kept
944.0 12936.0 376.0 116.0 troops
1460.0 12932.0 196.0 96.0 and
1792.0 12960.0 64.0 68.0 a
2004.0 12932.0 464.0 120.0 warship
2612.0 12932.0 108.0 92.0 in

552.0 13104.0 544.0 92.0 readiness
1156.0 13104.0 124.0 92.0 to
1340.0 13104.0 344.0 120.0 stamp
1744.0 13104.0 188.0 92.0 out
1992.0 13100.0 456.0 116.0 possible
2508.0 13100.0 172.0 96.0 dis-

552.0 13268.0 396.0 100.0 orders.
812.0 13472.0 544.0 96.0 AWAITS
1424.0 13472.0 560.0 96.0 LEAGUE
2060.0 13472.0 420.0 96.0 OKEH.

696.0 13668.0 212.0 104.0 The
960.0 13696.0 516.0 96.0 program
1532.0 13676.0 156.0 92.0 for
1744.0 13668.0 580.0 104.0 Palestine,
2380.0 13664.0 352.0 96.0 which

560.0 13840.0 196.0 100.0 the
884.0 13840.0 688.0 100.0 commission
1704.0 13840.0 564.0 96.0 described
2400.0 13860.0 124.0 72.0 as
2668.0 13864.0 68.0 68.0 a

568.0 14004.0 520.0 120.0 "surgical
1192.0 13996.0 644.0 132.0 operation,"
1948.0 14012.0 216.0 92.0 will
2268.0 14008.0 116.0 92.0 be
2492.0 14004.0 204.0 96.0 sub-

568.0 14180.0 376.0 100.0 mitted
1048.0 14180.0 432.0 120.0 shortly
1576.0 14192.0 104.0 88.0 to
1788.0 14180.0 192.0 92.0 the
2096.0 14176.0 412.0 112.0 League
2624.0 14180.0 116.0 92.0 of

564.0 14340.0 484.0 124.0 Nations,
1120.0 14352.0 364.0 96.0 which
1548.0 14356.0 192.0 92.0 has
1808.0 14352.0 192.0 96.0 the
2076.0 14344.0 268.0 96.0 final
2408.0 14348.0 336.0 100.0 word,

568.0 14544.0 132.0 68.0 as
780.0 14520.0 412.0 92.0 Britain
1288.0 14524.0 92.0 88.0 Is
1464.0 14524.0 168.0 92.0 the
1708.0 14516.0 832.0 96.0 administrator
2624.0 14516.0 120.0 96.0 of

564.0 14712.0 76.0 72.0 a
700.0 14692.0 356.0 108.0 league
1120.0 14692.0 512.0 92.0 mandate
1688.0 14712.0 256.0 72.0 over
2008.0 14696.0 180.0 88.0 the
2252.0 14688.0 484.0 112.0 country.

704.0 14860.0 84.0 92.0 A
848.0 14856.0 400.0 120.0 special
1320.0 14860.0 456.0 112.0 meeting
1844.0 14864.0 120.0 92.0 of
2028.0 14864.0 184.0 92.0 the
2276.0 14852.0 468.0 112.0 league's

560.0 15020.0 664.0 108.0 Permanent
1332.0 15024.0 560.0 100.0 Mandates
1992.0 15024.0 748.0 112.0 Commission,

572.0 15196.0 124.0 96.0 to
764.0 15192.0 120.0 100.0 be
956.0 15196.0 248.0 96.0 held
1284.0 15200.0 252.0 116.0 July
1604.0 15196.0 108.0 100.0 30
1784.0 15192.0 116.0 100.0 in
1984.0 15200.0 456.0 104.0 Geneva,
2516.0 15192.0 224.0 96.0 will

568.0 15368.0 492.0 100.0 consider
1120.0 15372.0 196.0 88.0 the
1380.0 15368.0 240.0 120.0 plan
1672.0 15376.0 216.0 88.0 and
1956.0 15364.0 364.0 120.0 report
2376.0 15364.0 108.0 92.0 to
2552.0 15364.0 184.0 96.0 the

560.0 15524.0 380.0 124.0 league
1012.0 15532.0 432.0 92.0 council
1512.0 15532.0 164.0 96.0 for
1744.0 15532.0 288.0 96.0 final
2104.0 15528.0 380.0 96.0 action.

696.0 15700.0 412.0 100.0 Britain
1176.0 15708.0 216.0 92.0 has
1456.0 15704.0 284.0 104.0 ruled
1808.0 15728.0 268.0 76.0 over
2140.0 15704.0 176.0 96.0 the
2380.0 15700.0 320.0 96.0 strife-

560.0 15868.0 260.0 100.0 torn
904.0 15872.0 280.0 116.0 Holy
1288.0 15872.0 296.0 92.0 Land
1672.0 15872.0 300.0 92.0 since
2072.0 15864.0 228.0 96.0 1923
2396.0 15868.0 348.0 92.0 under

572.0 16044.0 504.0 100.0 mandate
1148.0 16040.0 548.0 120.0 following
1752.0 16036.0 524.0 120.0 Turkey's
2340.0 16032.0 216.0 100.0 loss
2624.0 16036.0 120.0 96.0 of

572.0 16208.0 96.0 104.0 It
732.0 16216.0 100.0 96.0 in
892.0 16216.0 176.0 100.0 the
1128.0 16212.0 380.0 96.0 World
1568.0 16216.0 276.0 96.0 War.

700.0 16384.0 216.0 100.0 The
1024.0 16388.0 712.0 116.0 government
1852.0 16384.0 112.0 100.0 in
2092.0 16380.0 176.0 96.0 the
2384.0 16376.0 360.0 100.0 White

568.0 16576.0 336.0 96.0 paper
960.0 16548.0 448.0 96.0 warned
1476.0 16548.0 368.0 96.0 hostile
1916.0 16544.0 516.0 96.0 elements
2500.0 16548.0 244.0 92.0 that

580.0 16720.0 520.0 120.0 "pending
1200.0 16720.0 828.0 100.0 establishment
2124.0 16724.0 108.0 96.0 of
2316.0 16724.0 260.0 92.0 such
2680.0 16740.0 64.0 72.0 a

572.0 16896.0 456.0 108.0 acheme,
1112.0 16896.0 216.0 96.0 His
1412.0 16892.0 544.0 116.0 Majesty's
2044.0 16884.0 700.0 124.0 government

580.0 17068.0 272.0 96.0 have
932.0 17088.0 132.0 72.0 no
1156.0 17064.0 528.0 96.0 intention
1768.0 17068.0 124.0 92.0 of
1980.0 17056.0 768.0 116.0 surrendering

572.0 17232.0 288.0 88.0 their
1036.0 17224.0 800.0 120.0 responsibility
2032.0 17228.0 172.0 92.0 for
2388.0 17248.0 360.0 96.0 peace,

576.0 17404.0 344.0 108.0 order,
1128.0 17404.0 228.0 92.0 and
1560.0 17408.0 264.0 108.0 good
2048.0 17396.0 704.0 116.0 government

580.0 17572.0 668.0 112.0 throughout
1324.0 17572.0 560.0 96.0 Palestine.
2028.0 17572.0 292.0 108.0 They
2380.0 17592.0 184.0 72.0 are
2640.0 17564.0 108.0 96.0 In

576.0 17744.0 428.0 112.0 general
1108.0 17744.0 620.0 112.0 agreement
1820.0 17740.0 280.0 96.0 with
2192.0 17736.0 176.0 100.0 the
2464.0 17760.0 244.0 72.0 com-

580.0 17908.0 532.0 100.0 mission's
1216.0 17908.0 1044.0 96.0 recommendations
2360.0 17904.0 104.0 100.0 in
2564.0 17908.0 184.0 96.0 the

580.0 18088.0 396.0 92.0 matter
1040.0 18084.0 116.0 92.0 of
1228.0 18080.0 356.0 120.0 public
1644.0 18072.0 568.0 120.0 security."

828.0 18280.0 1092.0 100.0 INTERVENTION
1988.0 18284.0 136.0 100.0 IS
2192.0 18284.0 312.0 96.0 DUE.

708.0 18484.0 104.0 96.0 It
888.0 18488.0 344.0 92.0 added
1328.0 18492.0 240.0 88.0 that
1648.0 18484.0 488.0 120.0 military
2224.0 18484.0 492.0 96.0 Interven-

572.0 18644.0 244.0 100.0 tion
876.0 18656.0 352.0 92.0 would
1304.0 18652.0 348.0 92.0 follow
1720.0 18676.0 220.0 84.0 any
2012.0 18648.0 464.0 96.0 "serious
2552.0 18652.0 168.0 92.0 dis-

580.0 18824.0 428.0 100.0 orders"
1072.0 18828.0 108.0 96.0 in
1248.0 18832.0 192.0 92.0 the
1500.0 18828.0 268.0 112.0 Holy
1824.0 18820.0 344.0 96.0 Land.

700.0 19092.0 636.0 116.0 Jerusalem,
1416.0 19096.0 236.0 120.0 July
1728.0 19096.0 56.0 96.0 7
1988.0 19096.0 276.0 96.0 (AP)
2460.0 19096.0 296.0 96.0 Arab

580.0 19272.0 220.0 92.0 and
880.0 19272.0 224.0 100.0 Jew
1196.0 19272.0 452.0 92.0 listened
1736.0 19268.0 108.0 92.0 in
1940.0 19296.0 328.0 92.0 grave
2356.0 19268.0 400.0 96.0 silence

576.0 19440.0 420.0 116.0 tonight
1132.0 19448.0 120.0 88.0 to
1392.0 19440.0 500.0 96.0 Britain's
2036.0 19440.0 464.0 96.0 decision
2644.0 19444.0 116.0 88.0 to

576.0 19616.0 360.0 92.0 cleave
1028.0 19616.0 192.0 88.0 the
1332.0 19620.0 436.0 108.0 country
1872.0 19612.0 248.0 96.0 that
2224.0 19612.0 252.0 92.0 each
2588.0 19608.0 128.0 92.0 be-

576.0 19780.0 324.0 100.0 lieves
964.0 19784.0 88.0 96.0 is
1120.0 19788.0 204.0 92.0 his.

712.0 19956.0 424.0 100.0 Modern
1216.0 19956.0 308.0 100.0 radio
1596.0 19960.0 416.0 96.0 carried
2092.0 19956.0 176.0 92.0 the
2340.0 19952.0 420.0 96.0 British

576.0 20128.0 344.0 116.0 Royal
1016.0 20128.0 800.0 104.0 Commission's
1924.0 20132.0 364.0 112.0 report
2384.0 20152.0 376.0 68.0 across

580.0 20300.0 196.0 92.0 the
872.0 20300.0 276.0 116.0 Holy
1260.0 20300.0 328.0 112.0 Land,
1692.0 20304.0 216.0 96.0 and
2020.0 20300.0 260.0 92.0 with
2384.0 20300.0 84.0 96.0 it
2576.0 20324.0 144.0 64.0 an-

580.0 20476.0 732.0 92.0 nouncement
1400.0 20472.0 228.0 100.0 that
1708.0 20476.0 188.0 92.0 the
1992.0 20472.0 408.0 96.0 British
2484.0 20468.0 240.0 100.0 Gov-

584.0 20644.0 492.0 92.0 ernment
1168.0 20644.0 356.0 96.0 would
1612.0 20644.0 380.0 112.0 accept
2092.0 20644.0 176.0 92.0 the
2360.0 20668.0 364.0 68.0 recom-

584.0 20816.0 624.0 92.0 mendation
1280.0 20820.0 116.0 92.0 to
1460.0 20816.0 232.0 112.0 split
1756.0 20820.0 192.0 88.0 the
2016.0 20816.0 448.0 112.0 country
2532.0 20816.0 236.0 92.0 into

584.0 20984.0 304.0 96.0 three
940.0 20988.0 312.0 116.0 parts
1384.0 21008.0 188.0 72.0 one
1612.0 20980.0 436.0 116.0 Jewish,
2092.0 21008.0 188.0 72.0 one
2340.0 20980.0 424.0 112.0 Arabic,

580.0 21156.0 224.0 100.0 end
868.0 21180.0 188.0 76.0 one
1124.0 21156.0 412.0 92.0 British
1604.0 21156.0 324.0 96.0 ruled.

720.0 21324.0 212.0 100.0 The
1036.0 21328.0 412.0 96.0 streets
1552.0 21328.0 108.0 92.0 of
1760.0 21324.0 612.0 100.0 Jerusalem
2484.0 21348.0 288.0 72.0 were

588.0 21496.0 484.0 100.0 deserted
1152.0 21500.0 268.0 116.0 long
1492.0 21500.0 352.0 92.0 before
1928.0 21500.0 188.0 92.0 the
2196.0 21496.0 576.0 96.0 broadcast

592.0 21668.0 364.0 116.0 began.
1144.0 21668.0 236.0 92.0 The
1500.0 21668.0 512.0 116.0 populace
2144.0 21668.0 384.0 96.0 rushed
2660.0 21672.0 112.0 92.0 to

592.0 21844.0 324.0 112.0 cafes,
1036.0 21840.0 516.0 104.0 theaters,
1672.0 21844.0 212.0 96.0 and
2016.0 21840.0 348.0 116.0 public
2488.0 21840.0 280.0 92.0 halls

588.0 22016.0 356.0 92.0 where
996.0 22012.0 372.0 100.0 radios
1428.0 22032.0 260.0 72.0 were
1744.0 22008.0 560.0 100.0 available.

728.0 22188.0 260.0 116.0 Only
1100.0 22188.0 376.0 92.0 native
1584.0 22180.0 204.0 96.0 and
1908.0 22180.0 408.0 92.0 British
2432.0 22180.0 344.0 116.0 police

592.0 22356.0 220.0 104.0 and
896.0 22356.0 452.0 96.0 soldiers
1432.0 22352.0 544.0 96.0 remained
2060.0 22352.0 116.0 92.0 at
2256.0 22352.0 524.0 112.0 strategic

596.0 22552.0 436.0 80.0 corners
1116.0 22532.0 120.0 96.0 to
1328.0 22524.0 328.0 124.0 guard
1740.0 22524.0 444.0 116.0 against
2268.0 22516.0 508.0 100.0 violence.

596.0 22704.0 304.0 116.0 They
1032.0 22724.0 296.0 76.0 were
1476.0 22696.0 416.0 120.0 heavily
2044.0 22692.0 364.0 96.0 armed
2556.0 22692.0 224.0 96.0 and

596.0 22872.0 524.0 124.0 equipped
1184.0 22868.0 272.0 104.0 with
1508.0 22868.0 592.0 128.0 protective
2156.0 22888.0 188.0 96.0 gas
2400.0 22864.0 384.0 96.0 masks

600.0 23048.0 228.0 100.0 and
900.0 23048.0 256.0 92.0 with
1244.0 23048.0 244.0 104.0 tear
1564.0 23064.0 184.0 100.0 gas
1828.0 23036.0 388.0 96.0 bombs
2292.0 23032.0 108.0 100.0 to
2480.0 23032.0 304.0 120.0 repel

600.0 23220.0 416.0 96.0 rioters.

816.0 23420.0 968.0 100.0 ATMOSPHERE
1868.0 23412.0 136.0 100.0 IS
2096.0 23412.0 488.0 100.0 TENSE.

724.0 23620.0 220.0 104.0 The
1008.0 23624.0 684.0 120.0 atmosphere
1760.0 23644.0 232.0 72.0 was
2064.0 23616.0 324.0 112.0 tense,
2452.0 23612.0 336.0 116.0 quiet.

604.0 23792.0 288.0 100.0 Both
948.0 23800.0 300.0 92.0 Arab
1320.0 23804.0 208.0 96.0 and
1588.0 23792.0 224.0 100.0 Jew
1880.0 23792.0 280.0 96.0 have
2228.0 23784.0 556.0 120.0 professed

608.0 23968.0 608.0 116.0 opposition
1300.0 23972.0 116.0 96.0 to
1492.0 23968.0 448.0 92.0 division
2024.0 23960.0 116.0 92.0 of
2216.0 23956.0 172.0 100.0 the
2468.0 23980.0 280.0 72.0 coun-

608.0 24140.0 208.0 116.0 try.
952.0 24088.0 248.0 144.0 But'
1256.0 24140.0 300.0 92.0 there
1640.0 24160.0 216.0 72.0 was
1948.0 24156.0 140.0 68.0 no
2172.0 24128.0 616.0 96.0 immediate

616.0 24308.0 584.0 96.0 Indication
1280.0 24308.0 124.0 92.0 of
1472.0 24308.0 172.0 96.0 the
1720.0 24300.0 324.0 100.0 trend
2124.0 24296.0 112.0 100.0 of
2308.0 24296.0 480.0 92.0 reaction

616.0 24476.0 120.0 100.0 to
796.0 24480.0 348.0 92.0 actual
1216.0 24480.0 444.0 124.0 reading
1724.0 24480.0 116.0 96.0 of
1904.0 24476.0 192.0 92.0 the
2164.0 24472.0 380.0 112.0 report.

756.0 24648.0 212.0 96.0 The
1020.0 24656.0 492.0 112.0 greatest
1564.0 24656.0 400.0 108.0 throng
2024.0 24644.0 116.0 96.0 of
2192.0 24636.0 340.0 100.0 Arabs
2592.0 24640.0 168.0 92.0 col-

640.0 24808.0 332.0 104.0 lected
1092.0 24824.0 120.0 92.0 at
1340.0 24820.0 180.0 92.0 the
1632.0 24816.0 456.0 116.0 Mosque
2204.0 24808.0 112.0 100.0 of
2432.0 24808.0 368.0 112.0 Omar,

632.0 24980.0 352.0 96.0 where
1044.0 25008.0 68.0 68.0 a
1180.0 24984.0 716.0 116.0 loudspeaker
1964.0 25008.0 232.0 68.0 was
2264.0 24972.0 532.0 100.0 installed.

632.0 25144.0 648.0 104.0 Thousands
1364.0 25152.0 476.0 96.0 crowded
1924.0 25152.0 236.0 92.0 into
2236.0 25148.0 176.0 96.0 the
2492.0 25140.0 308.0 120.0 yard.

628.0 25312.0 292.0 100.0 Arab
968.0 25320.0 616.0 96.0 watchmen
1632.0 25344.0 132.0 72.0 on
1820.0 25320.0 276.0 116.0 duty
2152.0 25320.0 104.0 92.0 in
2312.0 25312.0 492.0 116.0 outlying

636.0 25480.0 476.0 112.0 districts
1164.0 25492.0 536.0 116.0 arranged
1748.0 25488.0 276.0 96.0 time
2076.0 25484.0 164.0 96.0 off
2288.0 25488.0 104.0 88.0 to
2444.0 25480.0 360.0 96.0 listen.

764.0 25644.0 340.0 100.0 Arabs
1168.0 25652.0 120.0 96.0 in
1356.0 25652.0 176.0 96.0 the
1592.0 25652.0 452.0 100.0 interior
2112.0 25648.0 512.0 120.0 gathered
2688.0 25648.0 120.0 92.0 at

644.0 25812.0 284.0 100.0 their
1028.0 25816.0 620.0 100.0 headmen's
1760.0 25824.0 404.0 92.0 houses
2272.0 25820.0 104.0 96.0 in
2488.0 25812.0 320.0 96.0 small

636.0 25980.0 468.0 116.0 villages,
1164.0 25984.0 224.0 96.0 and
1448.0 25984.0 360.0 116.0 puffed
1868.0 25984.0 432.0 116.0 silently
2352.0 25988.0 112.0 92.0 at
2516.0 25984.0 292.0 96.0 their

640.0 26144.0 388.0 116.0 tiubbly
1080.0 26156.0 356.0 88.0 water
1492.0 26156.0 280.0 120.0 pipes
1828.0 26156.0 320.0 96.0 while
2208.0 26156.0 172.0 92.0 the
2436.0 26156.0 368.0 108.0 report

648.0 26340.0 228.0 72.0 was
944.0 26316.0 252.0 96.0 read
1284.0 26320.0 112.0 92.0 In
1476.0 26320.0 400.0 96.0 Arabic.

776.0 26480.0 272.0 96.0 Jews
1152.0 26484.0 456.0 96.0 listened
1712.0 26492.0 104.0 88.0 in
1932.0 26492.0 372.0 88.0 homes
2404.0 26508.0 120.0 68.0 or
2628.0 26488.0 184.0 88.0 the

656.0 26652.0 344.0 120.0 public
1096.0 26648.0 316.0 96.0 halls.
1508.0 26648.0 204.0 96.0 The
1804.0 26652.0 300.0 96.0 Jews
2196.0 26656.0 204.0 92.0 had
2492.0 26648.0 320.0 100.0 voted

656.0 26844.0 140.0 72.0 an
864.0 26816.0 264.0 96.0 hour
1196.0 26816.0 368.0 96.0 before
1628.0 26844.0 132.0 68.0 on
1828.0 26824.0 548.0 112.0 delegates
2444.0 26824.0 112.0 88.0 to
2628.0 26820.0 184.0 92.0 the

656.0 26984.0 736.0 120.0 forthcoming
1444.0 26988.0 592.0 96.0 Twentieth
2096.0 26988.0 392.0 96.0 Zionist
2544.0 26988.0 232.0 92.0 Con-

656.0 27176.0 324.0 92.0 gress,
1036.0 27152.0 220.0 96.0 and
1320.0 27156.0 220.0 92.0 also
1596.0 27176.0 124.0 68.0 on
1780.0 27156.0 300.0 92.0 their
2136.0 27156.0 260.0 92.0 view
2452.0 27156.0 120.0 96.0 of
2628.0 27156.0 188.0 92.0 the

668.0 27288.0 500.0 116.0 partition
1344.0 27284.0 508.0 116.0 question.
2052.0 27288.0 292.0 112.0 They
2500.0 27292.0 320.0 88.0 voted

668.0 27424.0 464.0 112.0 actually
1244.0 27424.0 368.0 92.0 before
1712.0 27428.0 184.0 88.0 the
2016.0 27428.0 508.0 108.0 partition
2644.0 27448.0 188.0 68.0 an-

728.0 27656.0 604.0 104.0 Contlnued
1408.0 27656.0 160.0 104.0 On
1632.0 27652.0 296.0 120.0 Page
2004.0 27660.0 88.0 112.0 3,
2168.0 27656.0 448.0 100.0 Column
2696.0 27656.0 88.0 96.0 3.

2816.0 5632.0 808.0 464.0 Jaos
3792.0 5640.0 1200.0 456.0 Defeat

3004.0 6268.0 1160.0 456.0 Scores
4364.0 6268.0 1512.0 460.0 Believed
6080.0 6268.0 872.0 452.0 Slain

3272.0 6904.0 352.0 444.0 In
3780.0 6900.0 952.0 452.0 Clash
4888.0 6896.0 852.0 460.0 Near
5888.0 6900.0 1352.0 556.0 Peiping

3088.0 7664.0 512.0 84.0 (Universal
3656.0 7672.0 316.0 80.0 Service
4032.0 7676.0 328.0 84.0 Special
4412.0 7676.0 300.0 76.0 Cabin

2952.0 7800.0 488.0 120.0 Peiping,
3548.0 7800.0 356.0 116.0 China,
4008.0 7804.0 256.0 116.0 July
4368.0 7804.0 52.0 96.0 8
4552.0 7808.0 392.0 100.0 (Thurs-

2836.0 7968.0 244.0 120.0 day)
3220.0 7972.0 548.0 112.0 Japanese
3876.0 7980.0 516.0 112.0 troops
4496.0 7976.0 492.0 96.0 defeated

2840.0 8140.0 452.0 100.0 Chinese
3376.0 8168.0 312.0 88.0 army
3756.0 8144.0 580.0 96.0 battalions
4412.0 8168.0 256.0 76.0 near
4744.0 8148.0 244.0 96.0 here

2844.0 8312.0 312.0 116.0 today
3212.0 8316.0 116.0 92.0 in
3388.0 8336.0 68.0 72.0 a
3508.0 8312.0 384.0 100.0 violent
3944.0 8320.0 504.0 92.0 ten-hour
4500.0 8316.0 328.0 100.0 battle
4884.0 8320.0 100.0 96.0 In

2840.0 8480.0 340.0 100.0 which
3288.0 8508.0 368.0 72.0 scores
3748.0 8508.0 128.0 68.0 on
3976.0 8484.0 260.0 96.0 both
4340.0 8488.0 276.0 96.0 sides
4716.0 8512.0 272.0 72.0 were

2840.0 8652.0 312.0 96.0 killed
3216.0 8684.0 132.0 68.0 or
3408.0 8656.0 540.0 96.0 wounded.

2956.0 8824.0 216.0 96.0 The
3316.0 8828.0 704.0 116.0 engagement
4212.0 8828.0 464.0 104.0 heaviest
4816.0 8840.0 176.0 104.0 yet

2844.0 8996.0 360.0 116.0 waged
3296.0 9000.0 480.0 96.0 between
3856.0 9000.0 536.0 116.0 Japanese
4472.0 9004.0 204.0 96.0 and
4756.0 9008.0 192.0 92.0 Chi-

2832.0 9192.0 240.0 68.0 nese
3148.0 9168.0 372.0 96.0 forces
3592.0 9168.0 276.0 100.0 since
3940.0 9172.0 180.0 92.0 the
4196.0 9168.0 432.0 96.0 historic
4700.0 9180.0 284.0 112.0 siege

2828.0 9332.0 108.0 92.0 of
3052.0 9336.0 568.0 112.0 Shanghai
3732.0 9340.0 100.0 88.0 in
3960.0 9332.0 236.0 100.0 1932
4324.0 9340.0 324.0 92.0 ended
4768.0 9340.0 216.0 92.0 this

2832.0 9504.0 528.0 112.0 morning,
3468.0 9504.0 296.0 92.0 when
3860.0 9504.0 176.0 92.0 the
4128.0 9504.0 524.0 116.0 Japanese
4748.0 9532.0 200.0 88.0 cap-

2832.0 9668.0 296.0 96.0 tured
3220.0 9668.0 196.0 96.0 the
3516.0 9668.0 352.0 96.0 Marco
3952.0 9668.0 264.0 96.0 Polo
4304.0 9668.0 380.0 116.0 Bridge
4776.0 9672.0 212.0 92.0 and

2832.0 9836.0 168.0 96.0 the
3040.0 9836.0 460.0 116.0 near-by
3564.0 9840.0 272.0 92.0 town
3900.0 9836.0 112.0 92.0 of
4072.0 9836.0 644.0 108.0 Lukuchiao,
4760.0 9844.0 188.0 108.0 put-

2832.0 10004.0 220.0 116.0 ting
3120.0 10004.0 296.0 96.0 their
3492.0 10004.0 224.0 92.0 foes
3776.0 10004.0 104.0 92.0 to
3944.0 10008.0 272.0 88.0 rout.

2960.0 10172.0 500.0 96.0 Nervous
3520.0 10168.0 516.0 100.0 residents
4092.0 10172.0 116.0 96.0 of
4264.0 10172.0 208.0 100.0 this
4532.0 10172.0 464.0 120.0 teeming

2848.0 10340.0 792.0 100.0 Northeastern
3760.0 10340.0 448.0 100.0 Chinese
4332.0 10340.0 212.0 116.0 city
4664.0 10340.0 332.0 96.0 heard

2852.0 10516.0 392.0 116.0 plainly
3344.0 10512.0 192.0 96.0 the
3632.0 10512.0 292.0 96.0 boom
4016.0 10512.0 116.0 92.0 of
4224.0 10512.0 468.0 116.0 artillery
4784.0 10508.0 208.0 96.0 and

2848.0 10688.0 368.0 96.0 trench
3296.0 10688.0 420.0 96.0 mortar
3780.0 10684.0 416.0 96.0 salvoes
4264.0 10680.0 204.0 100.0 and
4540.0 10684.0 176.0 92.0 the
4788.0 10684.0 172.0 92.0 rat-

2848.0 10856.0 136.0 92.0 tle
3048.0 10864.0 112.0 96.0 of
3228.0 10852.0 500.0 100.0 machine
3792.0 10880.0 208.0 88.0 gun
4068.0 10852.0 208.0 100.0 and
4344.0 10852.0 236.0 96.0 rifle
4644.0 10852.0 232.0 96.0 fire.

2956.0 11028.0 476.0 120.0 Gravely
3532.0 11028.0 552.0 116.0 menacing
4184.0 11028.0 180.0 96.0 the
4464.0 11052.0 312.0 96.0 peace
4876.0 11024.0 112.0 96.0 of

2848.0 11200.0 168.0 92.0 the
3096.0 11200.0 504.0 96.0 troubled
3676.0 11200.0 200.0 96.0 Far
3952.0 11196.0 300.0 108.0 East,
4332.0 11200.0 176.0 92.0 the
4596.0 11196.0 392.0 96.0 violent

2844.0 11372.0 592.0 92.0 encounter
3496.0 11368.0 316.0 96.0 broke
3872.0 11372.0 176.0 92.0 out
4108.0 11368.0 212.0 96.0 last
4376.0 11368.0 296.0 116.0 night
4732.0 11392.0 260.0 72.0 near

2844.0 11536.0 172.0 92.0 the
3072.0 11536.0 420.0 112.0 bridge,
3556.0 11536.0 208.0 112.0 just
3820.0 11540.0 312.0 92.0 south
4200.0 11536.0 116.0 96.0 of
4376.0 11536.0 172.0 92.0 the
4608.0 11536.0 384.0 96.0 border

2844.0 11704.0 476.0 96.0 between
3396.0 11708.0 340.0 96.0 China
3804.0 11712.0 204.0 92.0 and
2852.0 11704.0 2092.0 268.0 Japanese-dominated

3240.0 11876.0 776.0 96.0 Manchoukuo.

2960.0 12044.0 140.0 96.0 As
3180.0 12048.0 196.0 88.0 the
3456.0 12044.0 556.0 96.0 hostilities
4088.0 12044.0 500.0 96.0 mounted
4668.0 12048.0 100.0 92.0 in
4848.0 12048.0 104.0 88.0 fe

3280.0 12480.0 1272.0 376.0 LICENSING

2856.0 13228.0 232.0 260.0 Of
3152.0 13224.0 980.0 328.0 Bicycles
4196.0 13220.0 796.0 268.0 Voted.

2868.0 13940.0 676.0 212.0 Council
3688.0 13944.0 376.0 204.0 Acts
4212.0 13948.0 212.0 196.0 To
4576.0 13948.0 420.0 204.0 Curb

2996.0 14276.0 588.0 204.0 Thefts
3656.0 14276.0 328.0 204.0 And
4072.0 14272.0 764.0 264.0 Injuries.

2860.0 14848.0 936.0 196.0 Registration
3864.0 14852.0 300.0 160.0 And
4236.0 14848.0 776.0 200.0 Inspection

2964.0 15084.0 696.0 196.0 Required
3840.0 15080.0 456.0 160.0 Police
4364.0 15084.0 252.0 156.0 Are
4692.0 15084.0 192.0 156.0 To

3216.0 15316.0 424.0 164.0 Work
3720.0 15312.0 264.0 164.0 Out
4052.0 15312.0 572.0 164.0 Details.

2960.0 15820.0 748.0 120.0 Registration
3768.0 15824.0 204.0 96.0 and
4036.0 15820.0 592.0 120.0 inspection
4688.0 15824.0 112.0 96.0 of
4856.0 15812.0 100.0 104.0 bi-

2848.0 15996.0 336.0 116.0 cycles
3280.0 15996.0 92.0 100.0 is
3468.0 15992.0 476.0 120.0 required
4028.0 15996.0 340.0 100.0 under
4452.0 16016.0 60.0 72.0 a
4600.0 15992.0 400.0 120.0 bicycle

2848.0 16164.0 528.0 124.0 licensing
3476.0 16168.0 568.0 92.0 ordinance
4152.0 16168.0 444.0 96.0 enacted
4696.0 16164.0 140.0 124.0 by
4940.0 16192.0 64.0 72.0 a

2848.0 16340.0 736.0 92.0 seven-to-one
3640.0 16340.0 232.0 92.0 vote
3936.0 16340.0 104.0 92.0 in
4108.0 16336.0 436.0 96.0 Council
4604.0 16344.0 360.0 112.0 yester-

2852.0 16508.0 220.0 116.0 day.
3180.0 16508.0 240.0 96.0 The
3504.0 16516.0 164.0 92.0 fee
3740.0 16512.0 164.0 100.0 for
3980.0 16512.0 264.0 92.0 each
4328.0 16512.0 384.0 92.0 license
4792.0 16512.0 208.0 92.0 will

2848.0 16680.0 124.0 92.0 be
3060.0 16680.0 116.0 96.0 25
3280.0 16684.0 340.0 104.0 cents,
3716.0 16684.0 496.0 116.0 covering
4312.0 16680.0 688.0 116.0 registration

2848.0 16856.0 200.0 92.0 and
3172.0 16852.0 604.0 112.0 inspection
3888.0 16856.0 496.0 100.0 services,
4500.0 16852.0 500.0 96.0 effective

2852.0 17020.0 632.0 116.0 September
3552.0 17016.0 80.0 100.0 1,

2968.0 17188.0 708.0 100.0 Councilman
3784.0 17192.0 336.0 96.0 Willis
4236.0 17192.0 124.0 96.0 D.
4476.0 17196.0 524.0 92.0 Gradison

2840.0 17364.0 304.0 92.0 voted
3200.0 17364.0 444.0 116.0 against
3696.0 17364.0 172.0 96.0 the
3920.0 17364.0 580.0 92.0 ordinance
4552.0 17360.0 452.0 100.0 because

2856.0 17536.0 124.0 88.0 he
3120.0 17528.0 476.0 100.0 believes
3740.0 17556.0 284.0 72.0 some
4176.0 17536.0 568.0 112.0 principles
4892.0 17536.0 116.0 96.0 of

2852.0 17700.0 396.0 120.0 bicycle
3344.0 17704.0 516.0 124.0 licensing
3940.0 17704.0 264.0 92.0 laws
4292.0 17708.0 100.0 92.0 in
4480.0 17704.0 336.0 96.0 effect
4900.0 17708.0 104.0 92.0 in

2856.0 17872.0 296.0 96.0 other
3268.0 17876.0 344.0 108.0 cities,
3716.0 17880.0 176.0 92.0 not
4004.0 17876.0 492.0 96.0 included
4608.0 17880.0 104.0 88.0 in
4828.0 17884.0 176.0 88.0 the

2852.0 18044.0 620.0 96.0 Cincinnati
3616.0 18048.0 600.0 112.0 ordinance,
4364.0 18044.0 372.0 100.0 should
4884.0 18048.0 120.0 92.0 be

2860.0 18216.0 364.0 92.0 added.
3344.0 18216.0 176.0 92.0 He
3608.0 18212.0 524.0 100.0 indicated
4220.0 18244.0 68.0 68.0 a
4368.0 18216.0 320.0 100.0 belief
4772.0 18220.0 236.0 96.0 that

2864.0 18384.0 392.0 116.0 bicycle
3324.0 18384.0 348.0 96.0 riders
3728.0 18388.0 372.0 96.0 should
4168.0 18392.0 128.0 92.0 be
4356.0 18392.0 484.0 112.0 required
4904.0 18396.0 104.0 88.0 to

2864.0 18580.0 236.0 92.0 pass
3152.0 18556.0 792.0 100.0 examinations
3996.0 18584.0 132.0 68.0 on
4188.0 18564.0 688.0 112.0 competency
4932.0 18564.0 80.0 92.0 if

2864.0 18728.0 552.0 92.0 accidents
3516.0 18752.0 176.0 68.0 are
3784.0 18732.0 104.0 88.0 to
3976.0 18728.0 132.0 92.0 be
4200.0 18728.0 452.0 100.0 reduced
4748.0 18736.0 108.0 92.0 to
4952.0 18756.0 60.0 72.0 a

2868.0 18892.0 600.0 100.0 minimum.

2980.0 19068.0 892.0 92.0 Administrative
3964.0 19068.0 388.0 92.0 details
4444.0 19072.0 164.0 92.0 for
4700.0 19076.0 284.0 112.0 regis-

2876.0 19232.0 396.0 100.0 tiation
3388.0 19240.0 208.0 92.0 and
3704.0 19236.0 588.0 112.0 inspection
4396.0 19264.0 176.0 68.0 are
4684.0 19244.0 104.0 92.0 to
4900.0 19244.0 120.0 88.0 be

2872.0 19404.0 428.0 92.0 worked
3396.0 19412.0 180.0 88.0 out
3660.0 19400.0 132.0 116.0 by
3868.0 19408.0 176.0 88.0 the
4140.0 19404.0 348.0 92.0 Police
4572.0 19408.0 408.0 116.0 Depart-

2876.0 19576.0 308.0 88.0 ment.
3328.0 19572.0 732.0 112.0 Registration
4132.0 19572.0 216.0 92.0 will
4408.0 19572.0 244.0 100.0 take
4724.0 19576.0 300.0 112.0 place

2864.0 19736.0 384.0 116.0 during
3308.0 19744.0 192.0 88.0 the
3552.0 19760.0 488.0 72.0 summer.
4160.0 19732.0 420.0 100.0 Failure
4636.0 19736.0 108.0 92.0 to
4804.0 19764.0 184.0 88.0 reg-

2864.0 19900.0 256.0 96.0 ister
3184.0 19908.0 224.0 92.0 will
3480.0 19908.0 416.0 92.0 become
3964.0 19904.0 520.0 96.0 unlawful
4556.0 19908.0 428.0 112.0 Septem-

2868.0 20072.0 176.0 96.0 ber
3116.0 20072.0 84.0 96.0 1.

2988.0 20240.0 708.0 100.0 Councilman
3764.0 20244.0 508.0 100.0 Nicholas
4340.0 20248.0 300.0 92.0 Klein
4716.0 20276.0 264.0 88.0 spon-

2868.0 20412.0 296.0 96.0 sored
3220.0 20416.0 200.0 92.0 the
3472.0 20416.0 564.0 96.0 ordinance
4092.0 20420.0 108.0 92.0 in
4256.0 20416.0 428.0 96.0 Council
4740.0 20420.0 280.0 92.0 after

2880.0 20576.0 172.0 96.0 the
3192.0 20584.0 760.0 108.0 Metropolitan
4088.0 20584.0 376.0 116.0 Safety
4588.0 20584.0 440.0 96.0 Council

2880.0 20748.0 476.0 92.0 outlined
3440.0 20748.0 140.0 92.0 its
3648.0 20748.0 300.0 96.0 form.
4080.0 20748.0 228.0 96.0 The
4380.0 20772.0 484.0 76.0 measure
4944.0 20752.0 84.0 96.0 is

2884.0 20912.0 632.0 116.0 designated
3652.0 20920.0 108.0 88.0 to
3880.0 20920.0 180.0 88.0 cut
4200.0 20920.0 300.0 88.0 down
4632.0 20916.0 396.0 120.0 bicycle

2884.0 21080.0 332.0 92.0 thefts
3284.0 21084.0 220.0 92.0 and
3572.0 21084.0 560.0 92.0 accidents.
4268.0 21084.0 92.0 92.0 It
4424.0 21088.0 204.0 92.0 will
4696.0 21088.0 336.0 92.0 affect

2880.0 21244.0 320.0 112.0 18,000
3276.0 21272.0 424.0 72.0 owners
3768.0 21248.0 112.0 96.0 of
3944.0 21252.0 488.0 116.0 bicycles.

2996.0 21416.0 84.0 88.0 A
3144.0 21416.0 592.0 116.0 refunding
3796.0 21416.0 244.0 116.0 plan
4104.0 21420.0 112.0 92.0 to
4280.0 21416.0 312.0 96.0 retire
4660.0 21420.0 348.0 108.0 $1,500,-

2884.0 21584.0 168.0 92.0 000
3116.0 21592.0 104.0 88.0 In
3296.0 21588.0 728.0 92.0 Waterworks
4088.0 21588.0 340.0 92.0 bonds
4492.0 21592.0 204.0 92.0 and
4768.0 21592.0 280.0 92.0 issue

2888.0 21756.0 292.0 92.0 short
3312.0 21760.0 288.0 92.0 term
3708.0 21764.0 296.0 88.0 notes
4128.0 21760.0 104.0 92.0 in
4352.0 21760.0 276.0 92.0 their
4744.0 21764.0 296.0 108.0 place

2888.0 21956.0 208.0 68.0 was
3184.0 21932.0 552.0 112.0 approved
3820.0 21928.0 776.0 116.0 unanimously.
4680.0 21932.0 368.0 88.0 Here's

2888.0 22096.0 224.0 96.0 how
3176.0 22100.0 196.0 92.0 the
3436.0 22100.0 248.0 116.0 plan
3744.0 22104.0 200.0 92.0 will
4000.0 22104.0 304.0 92.0 work
4360.0 22104.0 220.0 92.0 out:

2996.0 22268.0 216.0 96.0 The
3288.0 22272.0 236.0 116.0 city
3584.0 22272.0 192.0 96.0 has
3840.0 22272.0 332.0 100.0 called
4248.0 22272.0 112.0 96.0 in
4432.0 22268.0 440.0 116.0 $500,000
4940.0 22268.0 104.0 96.0 in

2884.0 22436.0 156.0 108.0 3Vi
3108.0 22468.0 196.0 92.0 per
3368.0 22444.0 244.0 92.0 cent
3672.0 22444.0 720.0 92.0 Waterworks
4448.0 22440.0 336.0 92.0 bonds
4844.0 22440.0 200.0 92.0 due

2884.0 22604.0 104.0 100.0 in
3052.0 22608.0 248.0 96.0 1838
3372.0 22620.0 216.0 96.0 and
3656.0 22608.0 528.0 116.0 $1,000,000
4252.0 22612.0 116.0 96.0 of
4432.0 22608.0 52.0 100.0 3
4548.0 22632.0 184.0 96.0 per
4800.0 22612.0 248.0 92.0 cent

2892.0 22780.0 740.0 100.0 Waterworks
3704.0 22784.0 332.0 92.0 bonds
4108.0 22784.0 208.0 96.0 due
4388.0 22780.0 108.0 96.0 in
4568.0 22776.0 264.0 104.0 1939,
4972.0 22784.0 80.0 96.0 A

2952.0 23076.0 616.0 100.0 Continued
3640.0 23084.0 160.0 92.0 On
3868.0 23084.0 300.0 116.0 Page
4236.0 23088.0 88.0 112.0 8,
4396.0 23080.0 448.0 100.0 Column
4916.0 23088.0 88.0 96.0 6.

2912.0 23524.0 844.0 372.0 Seven
3868.0 23528.0 476.0 368.0 Die
4464.0 23528.0 276.0 364.0 In
4864.0 23528.0 784.0 372.0 Plane
5776.0 23536.0 1104.0 372.0 Crashes
6952.0 23688.0 68.0 292.0 ;

3316.0 24028.0 820.0 368.0 Cadet
4340.0 24024.0 668.0 376.0 Falls
5208.0 24036.0 568.0 364.0 Into
5984.0 24036.0 1332.0 452.0 Propellor

3016.0 24724.0 680.0 108.0 Morrisvillc,
3796.0 24720.0 208.0 112.0 Pa.,
4104.0 24720.0 256.0 120.0 July
4456.0 24716.0 56.0 100.0 7
4648.0 24716.0 272.0 108.0 (AP)
5088.0 24772.0 8.0 52.0 ,

2904.0 24892.0 244.0 96.0 Two
3212.0 24912.0 264.0 76.0 men
3540.0 24888.0 196.0 100.0 lost
3796.0 24888.0 280.0 100.0 their
4140.0 24884.0 260.0 104.0 lives
4464.0 24888.0 204.0 92.0 late
4728.0 24884.0 320.0 116.0 today

2904.0 25056.0 308.0 96.0 when
3312.0 25056.0 196.0 92.0 the
3600.0 25052.0 468.0 116.0 airplane
4164.0 25052.0 108.0 96.0 in
4368.0 25048.0 336.0 96.0 which
4804.0 25048.0 252.0 112.0 they

2896.0 25244.0 268.0 72.0 were
3284.0 25216.0 444.0 120.0 dusting
3836.0 25240.0 316.0 92.0 crops
4268.0 25208.0 256.0 96.0 with
4640.0 25208.0 380.0 96.0 insecti-

2912.0 25392.0 220.0 96.0 cide
3256.0 25392.0 388.0 92.0 struck
3752.0 25420.0 64.0 68.0 a
3924.0 25388.0 228.0 96.0 tree
4272.0 25384.0 208.0 92.0 and
4592.0 25376.0 460.0 124.0 plunged

2912.0 25560.0 216.0 92.0 into
3228.0 25556.0 200.0 92.0 the
3524.0 25552.0 164.0 96.0 old
3780.0 25552.0 408.0 116.0 Lehigh
4284.0 25548.0 356.0 96.0 Canal.

3020.0 25720.0 92.0 92.0 A
3184.0 25720.0 456.0 96.0 witness
3708.0 25716.0 216.0 96.0 told
4004.0 25716.0 268.0 104.0 how,
4352.0 25712.0 240.0 92.0 first
4664.0 25732.0 136.0 72.0 on
4876.0 25708.0 180.0 96.0 the

2900.0 25908.0 352.0 88.0 ecene,
3376.0 25884.0 136.0 92.0 he
3628.0 25880.0 232.0 96.0 held
3972.0 25880.0 184.0 96.0 the
4272.0 25872.0 264.0 96.0 head
4652.0 25872.0 116.0 92.0 of
4876.0 25872.0 180.0 92.0 the

2912.0 26048.0 428.0 116.0 Injured
3412.0 26048.0 260.0 116.0 pilot
3736.0 26044.0 328.0 96.0 above
4132.0 26048.0 332.0 92.0 water
4528.0 26036.0 176.0 92.0 but
4748.0 26032.0 304.0 96.0 could

2916.0 26220.0 176.0 88.0 not
3188.0 26216.0 232.0 120.0 pull
3516.0 26216.0 176.0 92.0 the
3788.0 26212.0 236.0 92.0 flier
4116.0 26208.0 184.0 96.0 out
4392.0 26208.0 444.0 96.0 because
4932.0 26200.0 124.0 92.0 he

2916.0 26404.0 208.0 68.0 was
3196.0 26376.0 408.0 120.0 pinned
3668.0 26380.0 96.0 92.0 in
3832.0 26376.0 172.0 92.0 the
4076.0 26368.0 576.0 112.0 wreckage.
4724.0 26364.0 332.0 92.0 When

2916.0 26568.0 288.0 68.0 more
3320.0 26568.0 248.0 64.0 men
3676.0 26536.0 412.0 96.0 arrived
4200.0 26540.0 108.0 88.0 to
4412.0 26536.0 268.0 112.0 help,
4784.0 26528.0 276.0 92.0 their

2920.0 26708.0 396.0 116.0 weight
3432.0 26700.0 380.0 120.0 proved
3916.0 26708.0 176.0 84.0 too
4196.0 26700.0 316.0 92.0 much
4616.0 26700.0 164.0 88.0 for
4888.0 26696.0 172.0 88.0 the

2920.0 26876.0 304.0 116.0 plane
3308.0 26876.0 220.0 92.0 and
3608.0 26872.0 72.0 92.0 it
3748.0 26868.0 264.0 96.0 sank
4088.0 26868.0 408.0 108.0 deeper,
4568.0 26864.0 492.0 112.0 carrying

2920.0 27040.0 172.0 96.0 the
3164.0 27036.0 436.0 120.0 Injured
3672.0 27060.0 236.0 68.0 man
3976.0 27032.0 260.0 92.0 with
4308.0 27032.0 108.0 92.0 it.

3036.0 27200.0 224.0 96.0 The
3376.0 27200.0 420.0 96.0 victims
3904.0 27220.0 276.0 68.0 were
4292.0 27192.0 548.0 92.0 identified
4952.0 27216.0 116.0 64.0 as

2924.0 27364.0 484.0 104.0 Richard
3540.0 27356.0 536.0 112.0 Shanklin,
4204.0 27356.0 116.0 92.0 25
4440.0 27380.0 304.0 100.0 years
4872.0 27352.0 196.0 112.0 old,

2924.0 27528.0 508.0 108.0 Chicago,
3568.0 27548.0 60.0 68.0 a
3756.0 27520.0 548.0 112.0 transport
4444.0 27520.0 284.0 116.0 pilot,
4864.0 27520.0 204.0 92.0 and

2916.0 27656.0 444.0 124.0 Stanley
3456.0 27648.0 532.0 128.0 Pengally,
4028.0 27652.0 144.0 116.0 25,
4208.0 27648.0 612.0 116.0 Trevorton,
4868.0 27648.0 208.0 124.0 Pa.,

4968.0 4008.0 1888.0 552.0 Palestine

5104.0 4728.0 880.0 552.0 And
6168.0 4736.0 1056.0 552.0 Jews

6752.0 5488.0 52.0 8.0 -

5152.0 5640.0 1496.0 456.0 Chinese:

5080.0 7684.0 364.0 116.0 rocity,
5508.0 7712.0 68.0 72.0 a
5640.0 7676.0 628.0 120.0 contingent
6328.0 7676.0 116.0 96.0 of
6504.0 7668.0 408.0 100.0 several
6980.0 7672.0 220.0 92.0 hun-

5076.0 7856.0 248.0 96.0 dred
5416.0 7848.0 844.0 104.0 steel-helmeted
6344.0 7844.0 532.0 116.0 Japanese
6968.0 7844.0 232.0 96.0 rein-

5084.0 8024.0 652.0 92.0 forcements
5804.0 8020.0 272.0 92.0 from
6144.0 8016.0 184.0 96.0 the
6392.0 8012.0 532.0 112.0 Japanese
6996.0 8004.0 208.0 96.0 Em-

5084.0 8192.0 312.0 116.0 bassy
5492.0 8188.0 344.0 120.0 guard
5924.0 8184.0 248.0 96.0 here
6268.0 8208.0 280.0 68.0 were
6640.0 8184.0 400.0 96.0 rushed
7140.0 8180.0 108.0 92.0 to

5084.0 8364.0 172.0 88.0 the
5328.0 8376.0 324.0 76.0 scene
5720.0 8360.0 108.0 92.0 in
5904.0 8352.0 400.0 96.0 trucks.
6440.0 8352.0 444.0 96.0 Chinese
6968.0 8348.0 232.0 96.0 rein-

5084.0 8528.0 652.0 88.0 forcements
5808.0 8516.0 220.0 100.0 also
6092.0 8520.0 288.0 92.0 went
6444.0 8524.0 108.0 92.0 to
6616.0 8520.0 176.0 92.0 the
6856.0 8516.0 348.0 100.0 battle-

5088.0 8692.0 276.0 100.0 field.
5200.0 8860.0 432.0 116.0 Shortly
5816.0 8852.0 276.0 96.0 after
6284.0 8856.0 524.0 120.0 midnight
6996.0 8852.0 220.0 116.0 Jap-

5088.0 9052.0 312.0 72.0 anese
5504.0 9052.0 308.0 92.0 army
5896.0 9024.0 444.0 96.0 officers
6440.0 9028.0 424.0 96.0 hurried
6960.0 9028.0 292.0 92.0 from

5084.0 9192.0 472.0 120.0 Peiping,
5652.0 9196.0 348.0 92.0 where
6152.0 9196.0 260.0 116.0 they
6556.0 9196.0 536.0 92.0 maintain
7188.0 9212.0 60.0 72.0 a

5088.0 9364.0 516.0 112.0 garrison,
5692.0 9372.0 112.0 84.0 to
5896.0 9360.0 652.0 112.0 Lukuchiao,
6640.0 9368.0 204.0 92.0 and
6936.0 9368.0 308.0 92.0 there

5092.0 9532.0 608.0 112.0 negotiated
5784.0 9560.0 68.0 68.0 a
5920.0 9548.0 600.0 108.0 temporary
6604.0 9536.0 300.0 96.0 truce
6988.0 9536.0 260.0 92.0 with

5088.0 9692.0 444.0 104.0 Chinese
5620.0 9720.0 300.0 100.0 army
6000.0 9700.0 472.0 96.0 officers.

5196.0 9856.0 224.0 100.0 The
5524.0 9864.0 328.0 104.0 truce,
5948.0 9860.0 524.0 108.0 however,
6568.0 9864.0 332.0 96.0 lasted
7012.0 9868.0 248.0 116.0 only

5092.0 10032.0 268.0 96.0 until
5416.0 10036.0 344.0 108.0 dawn,
5820.0 10040.0 204.0 92.0 and
6080.0 10036.0 256.0 100.0 then
6400.0 10040.0 176.0 96.0 the
6636.0 10040.0 332.0 96.0 battle
7032.0 10064.0 220.0 68.0 was

5096.0 10208.0 488.0 96.0 resumed
5652.0 10208.0 216.0 92.0 and
5940.0 10204.0 648.0 112.0 Intensified,
6668.0 10204.0 588.0 116.0 according

5152.0 10456.0 600.0 108.0 Continued
5832.0 10468.0 156.0 96.0 On
6064.0 10472.0 296.0 112.0 Page
6436.0 10480.0 84.0 104.0 2,
6588.0 10472.0 456.0 96.0 Column
7132.0 10476.0 80.0 96.0 7.

5092.0 10900.0 420.0 232.0 Mae
5588.0 10904.0 472.0 232.0 West
6136.0 10908.0 484.0 232.0 Tells
6680.0 10912.0 408.0 232.0 All!

5152.0 11236.0 704.0 236.0 Admits
5916.0 11244.0 344.0 232.0 She
6340.0 11244.0 876.0 276.0 Wedded;

5284.0 11572.0 648.0 236.0 Denies
6076.0 11580.0 556.0 288.0 Being
6784.0 11584.0 480.0 232.0 Wife

5224.0 12100.0 200.0 104.0 Los
5508.0 12116.0 484.0 108.0 Angeles,
6068.0 12120.0 256.0 120.0 July
6404.0 12116.0 56.0 96.0 7
6596.0 12124.0 268.0 96.0 (AP)
7016.0 12128.0 240.0 92.0 Mae

5116.0 12280.0 312.0 108.0 West,
5552.0 12308.0 368.0 72.0 screen
6044.0 12300.0 256.0 96.0 star,
6424.0 12292.0 516.0 100.0 admitted
7072.0 12296.0 188.0 96.0 her

5112.0 12456.0 532.0 108.0 marriage
5856.0 12460.0 104.0 96.0 to
6172.0 12460.0 368.0 96.0 Frank
6752.0 12468.0 504.0 108.0 Wallace,

5112.0 12624.0 592.0 96.0 vaudeville
5792.0 12636.0 320.0 104.0 actor,
6204.0 12660.0 328.0 92.0 many
6620.0 12660.0 308.0 92.0 years
7024.0 12668.0 232.0 84.0 ago,

5116.0 12788.0 100.0 100.0 in
5316.0 12820.0 132.0 68.0 an
5552.0 12820.0 420.0 84.0 answer
6064.0 12804.0 256.0 96.0 filed
6420.0 12804.0 208.0 100.0 late
6720.0 12812.0 336.0 116.0 today
7156.0 12816.0 104.0 88.0 to

5112.0 12964.0 552.0 100.0 Wallace's
5756.0 12972.0 208.0 92.0 suit
6048.0 12976.0 448.0 116.0 seeking
6584.0 12984.0 296.0 92.0 court
6976.0 13008.0 244.0 68.0 com-

5116.0 13136.0 412.0 116.0 pulsion
5620.0 13144.0 236.0 96.0 that
5940.0 13144.0 172.0 96.0 the
6200.0 13152.0 412.0 92.0 actress
6696.0 13156.0 560.0 108.0 recognize

5116.0 13308.0 212.0 92.0 him
5400.0 13336.0 120.0 68.0 as
5588.0 13316.0 196.0 92.0 her
5848.0 13316.0 520.0 96.0 husband.

5232.0 13476.0 216.0 96.0 The
5524.0 13492.0 436.0 100.0 actress,
6032.0 13488.0 240.0 96.0 who
6344.0 13492.0 296.0 96.0 often
6712.0 13492.0 208.0 96.0 had
7004.0 13492.0 220.0 120.0 pub-

5112.0 13648.0 240.0 124.0 licly
5416.0 13652.0 380.0 96.0 denied
5860.0 13660.0 176.0 92.0 the
6100.0 13660.0 560.0 116.0 marriage,
6728.0 13664.0 528.0 112.0 declared,

5116.0 13820.0 520.0 116.0 however,
5752.0 13828.0 236.0 92.0 that
6088.0 13832.0 472.0 100.0 Wallace
6664.0 13836.0 208.0 92.0 had
6992.0 13840.0 268.0 92.0 been

5116.0 13996.0 464.0 92.0 married
5656.0 14000.0 316.0 108.0 again
6044.0 14000.0 456.0 96.0 without
6568.0 14004.0 176.0 92.0 the
6820.0 14008.0 400.0 96.0 formal-

5116.0 14164.0 152.0 112.0 ity
5364.0 14168.0 116.0 92.0 of
5580.0 14168.0 396.0 116.0 having
6068.0 14172.0 504.0 92.0 obtained
6672.0 14204.0 56.0 64.0 a
6832.0 14176.0 432.0 96.0 divorce

5120.0 14336.0 280.0 92.0 from
5464.0 14336.0 216.0 96.0 her.

5232.0 14508.0 220.0 92.0 The
5520.0 14512.0 408.0 88.0 actress
6000.0 14512.0 524.0 92.0 admitted
6564.0 14516.0 400.0 112.0 having
7004.0 14520.0 264.0 92.0 been

5120.0 14676.0 464.0 92.0 married
5668.0 14676.0 112.0 96.0 in
5868.0 14680.0 660.0 112.0 Milwaukee,
6612.0 14688.0 184.0 92.0 but
6880.0 14688.0 388.0 92.0 denied

5120.0 14840.0 184.0 96.0 she
5376.0 14844.0 208.0 92.0 and
5664.0 14844.0 460.0 100.0 Wallace
6196.0 14872.0 248.0 76.0 ever
6512.0 14852.0 200.0 92.0 had
6788.0 14856.0 288.0 92.0 lived
7152.0 14880.0 112.0 68.0 as

5120.0 15036.0 244.0 72.0 man
5440.0 15016.0 212.0 92.0 and
5724.0 15020.0 268.0 92.0 wife.

5236.0 15184.0 260.0 96.0 Miss
5644.0 15192.0 296.0 92.0 West
6076.0 15192.0 496.0 96.0 declared
6712.0 15196.0 188.0 92.0 she
7056.0 15200.0 212.0 92.0 had

5120.0 15360.0 308.0 92.0 made
5520.0 15380.0 140.0 76.0 no
5744.0 15364.0 328.0 92.0 effort
6160.0 15368.0 116.0 92.0 to
6364.0 15368.0 268.0 92.0 have
6716.0 15368.0 184.0 92.0 the
6992.0 15396.0 236.0 68.0 mar-

5120.0 15524.0 292.0 116.0 riage
5524.0 15528.0 556.0 116.0 dissolved,
6188.0 15536.0 220.0 92.0 and
6516.0 15532.0 236.0 100.0 that
6856.0 15540.0 116.0 92.0 to
7088.0 15540.0 180.0 92.0 the

5116.0 15692.0 232.0 100.0 best
5412.0 15696.0 116.0 100.0 of
5588.0 15696.0 196.0 96.0 her
5836.0 15700.0 624.0 116.0 knowledge
6528.0 15704.0 464.0 100.0 Wallace
7060.0 15708.0 208.0 96.0 had

5116.0 15872.0 184.0 92.0 not
5408.0 15872.0 504.0 92.0 obtained
6020.0 15900.0 60.0 68.0 a
6184.0 15876.0 432.0 96.0 divorce
6716.0 15884.0 312.0 92.0 when
7140.0 15880.0 128.0 96.0 he

5116.0 16040.0 468.0 96.0 married
5648.0 16048.0 264.0 92.0 Miss
5968.0 16048.0 236.0 112.0 Ray
6264.0 16048.0 504.0 128.0 Blakesly
6828.0 16048.0 108.0 96.0 in
7008.0 16056.0 260.0 92.0 New

5120.0 16208.0 288.0 100.0 York
5528.0 16216.0 548.0 120.0 February
6188.0 16216.0 84.0 112.0 6,
6396.0 16220.0 252.0 100.0 1916.
6792.0 16224.0 476.0 96.0 Wallace

5120.0 16380.0 204.0 96.0 and
5388.0 16384.0 184.0 96.0 the
5636.0 16388.0 400.0 96.0 former
6096.0 16392.0 268.0 96.0 Miss
6428.0 16392.0 508.0 128.0 Blakesly
6992.0 16420.0 276.0 72.0 were

5124.0 16556.0 496.0 96.0 divorced
5724.0 16560.0 108.0 92.0 in
5936.0 16560.0 252.0 96.0 New
6292.0 16564.0 376.0 120.0 Jersey
6768.0 16564.0 108.0 96.0 in
6992.0 16568.0 280.0 116.0 May,

5124.0 16724.0 252.0 112.0 1935,
5476.0 16728.0 180.0 92.0 the
5744.0 16740.0 404.0 88.0 actress
6240.0 16740.0 168.0 88.0 set
6500.0 16736.0 284.0 92.0 forth
6880.0 16744.0 108.0 88.0 in
7088.0 16740.0 188.0 92.0 her

5124.0 16920.0 440.0 72.0 answer.

5112.0 17196.0 692.0 232.0 Broken
5872.0 17200.0 480.0 232.0 Neck
6424.0 17204.0 684.0 272.0 Bared;

5196.0 17532.0 648.0 232.0 Victim
5940.0 17540.0 448.0 228.0 Goes
6496.0 17544.0 236.0 228.0 To
6820.0 17544.0 384.0 232.0 Bed

5296.0 17868.0 548.0 232.0 After
5996.0 17872.0 564.0 236.0 Three
6712.0 17884.0 572.0 228.0 Years

5228.0 18400.0 504.0 112.0 Parsons,
5816.0 18404.0 152.0 100.0 W.
6048.0 18412.0 220.0 108.0 Va.,
6348.0 18412.0 248.0 120.0 July
6672.0 18412.0 52.0 96.0 7
6864.0 18420.0 292.0 104.0 (AP)

5120.0 18572.0 448.0 100.0 Medical
5648.0 18572.0 408.0 104.0 science
6136.0 18576.0 524.0 104.0 disclosed
6732.0 18588.0 108.0 92.0 to
6920.0 18588.0 168.0 96.0 W.
7164.0 18588.0 120.0 96.0 D.

5116.0 18736.0 296.0 96.0 Close
5500.0 18740.0 116.0 92.0 of
5708.0 18740.0 432.0 116.0 near-by
6224.0 18744.0 148.0 100.0 St.
6460.0 18748.0 404.0 112.0 George
6956.0 18756.0 328.0 116.0 today

5120.0 18908.0 232.0 92.0 that
5448.0 18908.0 128.0 96.0 he
5668.0 18908.0 208.0 92.0 had
5956.0 18908.0 264.0 96.0 been
6308.0 18916.0 468.0 116.0 walking
6860.0 18924.0 428.0 92.0 around

5120.0 19076.0 168.0 92.0 for
5416.0 19080.0 304.0 92.0 three
5852.0 19100.0 304.0 92.0 years
6288.0 19080.0 260.0 92.0 with
6680.0 19108.0 56.0 68.0 a
6872.0 19084.0 412.0 96.0 broken

5124.0 19244.0 288.0 92.0 neck.

5240.0 19408.0 132.0 92.0 So
5432.0 19408.0 304.0 96.0 Close
5800.0 19420.0 360.0 104.0 stayed
6228.0 19412.0 100.0 92.0 in
6396.0 19416.0 188.0 88.0 bed
6644.0 19420.0 100.0 88.0 to
6800.0 19420.0 260.0 92.0 wait
7124.0 19424.0 168.0 92.0 for

5124.0 19576.0 160.0 92.0 his
5360.0 19584.0 272.0 92.0 neck
5704.0 19584.0 112.0 88.0 to
5892.0 19584.0 340.0 88.0 mend.

5240.0 19744.0 180.0 96.0 Dr.
5576.0 19744.0 424.0 92.0 Samuel
6148.0 19748.0 536.0 92.0 Weisman
6832.0 19752.0 128.0 92.0 of
7112.0 19756.0 180.0 92.0 the

5124.0 19912.0 468.0 92.0 Parsons
5696.0 19912.0 332.0 92.0 Clinic
6136.0 19912.0 228.0 92.0 said
6480.0 19912.0 324.0 120.0 X-ray
6924.0 19924.0 332.0 108.0 photo-

5124.0 20084.0 396.0 112.0 graphs
5644.0 20084.0 512.0 92.0 disclosed
6276.0 20084.0 184.0 92.0 the
6576.0 20084.0 384.0 120.0 Injury,
7088.0 20088.0 164.0 116.0 pic-

5128.0 20252.0 360.0 112.0 turing
5572.0 20252.0 248.0 88.0 four
5904.0 20248.0 400.0 92.0 broken
6396.0 20252.0 588.0 96.0 vertebrae.

5244.0 20416.0 308.0 92.0 Close
5628.0 20440.0 216.0 72.0 was
5912.0 20420.0 104.0 92.0 in
6088.0 20440.0 132.0 68.0 an
6296.0 20416.0 648.0 100.0 automobile
7024.0 20424.0 228.0 88.0 acci-

5128.0 20584.0 252.0 88.0 dent
5488.0 20588.0 300.0 92.0 three
5892.0 20608.0 308.0 88.0 years
6308.0 20612.0 228.0 88.0 ago.
6704.0 20584.0 200.0 96.0 His
7016.0 20588.0 276.0 92.0 neck

5132.0 20752.0 544.0 92.0 remained
5788.0 20752.0 240.0 92.0 stiff
6132.0 20760.0 212.0 92.0 and
6456.0 20752.0 244.0 96.0 both
6816.0 20752.0 472.0 112.0 thumbs,

5132.0 20920.0 204.0 92.0 two
5480.0 20924.0 232.0 88.0 toes
5852.0 20924.0 200.0 92.0 and
6196.0 20944.0 132.0 68.0 an
6480.0 20944.0 220.0 80.0 arm
6844.0 20920.0 448.0 96.0 became

5132.0 21084.0 352.0 112.0 numb,
5588.0 21084.0 184.0 96.0 but
5872.0 21088.0 172.0 88.0 the
6140.0 21088.0 1152.0 116.0 forty-elght-year-old

5136.0 21276.0 244.0 68.0 man
5460.0 21256.0 564.0 92.0 continued
6104.0 21256.0 112.0 92.0 to
6292.0 21260.0 132.0 92.0 do
6504.0 21260.0 196.0 88.0 odd
6772.0 21256.0 272.0 116.0 jobs.

5252.0 21416.0 220.0 96.0 The
5544.0 21420.0 548.0 116.0 physician
6168.0 21424.0 236.0 92.0 said
6480.0 21428.0 120.0 92.0 he
6668.0 21452.0 216.0 72.0 was
6960.0 21424.0 292.0 92.0 confi-

5140.0 21588.0 248.0 92.0 dent
5464.0 21592.0 184.0 92.0 the
5724.0 21588.0 548.0 96.0 vertebrae
6348.0 21596.0 340.0 96.0 would
6760.0 21584.0 420.0 100.0 mend."

5260.0 21752.0 428.0 100.0 Broken
5828.0 21756.0 320.0 92.0 necks
6288.0 21780.0 180.0 72.0 are
6600.0 21760.0 284.0 116.0 quite
7024.0 21784.0 236.0 68.0 com-

5144.0 21920.0 336.0 108.0 mon,"
5560.0 21924.0 132.0 92.0 he
5772.0 21924.0 360.0 108.0 added,
6216.0 21924.0 272.0 92.0 "and
6568.0 21932.0 244.0 108.0 they
6892.0 21952.0 212.0 68.0 can
7188.0 21928.0 116.0 92.0 be

5140.0 22092.0 548.0 96.0 corrected
5768.0 22116.0 248.0 92.0 very
6088.0 22092.0 364.0 116.0 easily.

5260.0 22256.0 188.0 96.0 "In
5608.0 22260.0 256.0 104.0 fact,
6020.0 22280.0 324.0 92.0 many
6508.0 22260.0 356.0 116.0 people
7036.0 22260.0 272.0 96.0 have

5148.0 22420.0 400.0 96.0 broken
5656.0 22424.0 328.0 100.0 necks
6080.0 22428.0 212.0 92.0 and
6392.0 22424.0 288.0 96.0 don't
6776.0 22428.0 328.0 96.0 know
7200.0 22428.0 112.0 108.0 it,

5140.0 22612.0 124.0 68.0 as
5380.0 22616.0 68.0 68.0 a
5568.0 22592.0 336.0 100.0 result
6020.0 22592.0 112.0 92.0 of
6252.0 22592.0 572.0 96.0 accidents.
7016.0 22592.0 296.0 120.0 They

5144.0 22756.0 316.0 92.0 think
5520.0 22760.0 256.0 128.0 they
5836.0 22784.0 176.0 68.0 are
6068.0 22760.0 544.0 120.0 suffering
6668.0 22764.0 280.0 92.0 from
7016.0 22788.0 296.0 68.0 some

5148.0 22924.0 308.0 96.0 other
5640.0 22924.0 384.0 120.0 injury,
6212.0 22928.0 280.0 96.0 until
6668.0 22928.0 256.0 120.0 they
7132.0 22952.0 180.0 72.0 are

5144.0 23088.0 504.0 120.0 X-rayed.

5152.0 24720.0 400.0 120.0 duster,
5628.0 24728.0 140.0 112.0 by
5844.0 24728.0 112.0 92.0 A.
6036.0 24724.0 104.0 96.0 C.
6220.0 24724.0 436.0 116.0 Wilson,
6732.0 24728.0 292.0 100.0 their
7104.0 24756.0 168.0 76.0 em-

5156.0 24888.0 392.0 116.0 ployer.
5648.0 24888.0 220.0 100.0 The
5964.0 24888.0 312.0 116.0 plane
6376.0 24912.0 224.0 76.0 was
6692.0 24900.0 384.0 92.0 owned
7180.0 24896.0 132.0 120.0 by

5156.0 25052.0 176.0 96.0 the
5412.0 25052.0 400.0 96.0 Wilson
5876.0 25052.0 680.0 112.0 Agriculture
6620.0 25060.0 184.0 96.0 Air
6876.0 25060.0 436.0 100.0 Service

5156.0 25212.0 116.0 96.0 of
5392.0 25212.0 724.0 120.0 Vincentown,
6244.0 25216.0 132.0 100.0 N.
6504.0 25220.0 128.0 112.0 J.,
6748.0 25224.0 220.0 96.0 and
7104.0 25232.0 208.0 92.0 had

5160.0 25380.0 412.0 92.0 started
5688.0 25384.0 292.0 92.0 work
6092.0 25376.0 252.0 116.0 only
6460.0 25380.0 316.0 120.0 today
6892.0 25392.0 120.0 96.0 at
7132.0 25392.0 180.0 96.0 the

5148.0 25536.0 292.0 120.0 King
5528.0 25540.0 408.0 108.0 Farms,
6024.0 25540.0 212.0 92.0 two
6328.0 25544.0 308.0 100.0 miles
6724.0 25556.0 600.0 100.0 southwest

5144.0 25704.0 116.0 96.0 of
5324.0 25704.0 284.0 96.0 here.

5276.0 25880.0 476.0 96.0 Maurice
5872.0 25880.0 360.0 92.0 Pure
6368.0 25880.0 128.0 112.0 11,
6616.0 25888.0 712.0 116.0 twenty-two-

5152.0 26052.0 472.0 112.0 year-old
5800.0 26052.0 400.0 96.0 tractor
6372.0 26064.0 492.0 100.0 operator
7040.0 26064.0 280.0 92.0 from

5156.0 26212.0 292.0 104.0 Penn
5560.0 26216.0 408.0 108.0 Manor,
6068.0 26220.0 232.0 96.0 said
6408.0 26224.0 176.0 96.0 the
6688.0 26224.0 316.0 112.0 plane
7116.0 26228.0 208.0 96.0 had

5156.0 26392.0 212.0 108.0 just
5452.0 26392.0 464.0 96.0 finished
5992.0 26392.0 444.0 112.0 dusting
6504.0 26416.0 192.0 72.0 one
6772.0 26396.0 268.0 96.0 field
7112.0 26400.0 212.0 92.0 an.l

5156.0 26580.0 376.0 96.0 swung
5656.0 26560.0 404.0 92.0 toward
6180.0 26560.0 460.0 96.0 another
6756.0 26568.0 316.0 100.0 when
7208.0 26584.0 120.0 80.0 lie

5156.0 26728.0 328.0 100.0 heard
5636.0 26756.0 68.0 64.0 a
5852.0 26728.0 636.0 116.0 splinteiing
6636.0 26736.0 372.0 92.0 sound.
7176.0 26736.0 148.0 92.0 He

5164.0 26900.0 372.0 96.0 looked
5624.0 26928.0 136.0 88.0 up
5844.0 26904.0 196.0 92.0 and
6124.0 26924.0 224.0 68.0 saw
6424.0 26904.0 180.0 88.0 the
6676.0 26904.0 320.0 116.0 plane
7088.0 26928.0 244.0 68.0 veer

5164.0 27072.0 276.0 92.0 from
5592.0 27072.0 180.0 88.0 the
5920.0 27072.0 248.0 104.0 tree,
6320.0 27072.0 144.0 88.0 its
6604.0 27068.0 288.0 112.0 right
7048.0 27072.0 284.0 116.0 wing

5164.0 27240.0 436.0 104.0 broken,
5676.0 27240.0 212.0 92.0 and
5968.0 27236.0 384.0 120.0 plunge
6432.0 27240.0 220.0 92.0 into
6724.0 27240.0 180.0 92.0 the
6988.0 27244.0 340.0 92.0 canal.

5164.0 27416.0 88.0 92.0 A
5332.0 27412.0 320.0 92.0 truck
5736.0 27408.0 348.0 116.0 pulled
6160.0 27408.0 184.0 92.0 the
6428.0 27404.0 560.0 112.0 wreckage
7076.0 27408.0 252.0 112.0 high

5236.0 27640.0 600.0 100.0 Continued
5908.0 27640.0 160.0 92.0 On
6144.0 27644.0 296.0 112.0 rage
6516.0 27648.0 84.0 112.0 3,
6668.0 27640.0 460.0 96.0 Column
7204.0 27644.0 84.0 96.0 S.

7872.0 3992.0 1064.0 456.0 OFFICER

7336.0 4840.0 216.0 264.0 Is
7720.0 4832.0 408.0 264.0 Hit
8288.0 4840.0 320.0 320.0 By
8776.0 4832.0 720.0 272.0 Bullet

7348.0 5560.0 216.0 204.0 On
7672.0 5548.0 808.0 268.0 Ordering
8572.0 5544.0 916.0 228.0 Westwood

7580.0 5892.0 368.0 204.0 Man
8032.0 5888.0 212.0 208.0 To
8324.0 5888.0 432.0 264.0 Drop
8836.0 5888.0 392.0 212.0 (inn.

7356.0 6460.0 532.0 168.0 Second
7928.0 6464.0 828.0 164.0 Patrolman,
8816.0 6460.0 308.0 160.0 Also
9184.0 6460.0 276.0 164.0 Fac-

7472.0 6700.0 232.0 192.0 ing
7772.0 6692.0 708.0 176.0 Revolver,
8560.0 6696.0 424.0 164.0 Sends
9052.0 6692.0 332.0 192.0 Slug

7560.0 6932.0 320.0 156.0 Into
7952.0 6928.0 816.0 160.0 Assailant's
8840.0 6928.0 452.0 156.0 Chest.

7480.0 7444.0 84.0 92.0 A
7632.0 7436.0 612.0 96.0 Cincinnati
8312.0 7432.0 636.0 120.0 patrolman,
9004.0 7436.0 160.0 96.0 off
9224.0 7432.0 296.0 116.0 duty,

7364.0 7636.0 208.0 100.0 and
7664.0 7664.0 72.0 68.0 a
7824.0 7640.0 240.0 92.0 cafe
8152.0 7664.0 364.0 68.0 owner
8608.0 7664.0 268.0 68.0 were
8964.0 7636.0 240.0 96.0 shot
9300.0 7636.0 208.0 100.0 and

7348.0 7840.0 528.0 100.0 wounded
7964.0 7836.0 208.0 96.0 lata
8264.0 7836.0 204.0 100.0 last
8560.0 7840.0 332.0 108.0 night.
8972.0 7840.0 216.0 96.0 The
9268.0 7844.0 244.0 92.0 cafe

7348.0 8064.0 360.0 72.0 owner
7812.0 8040.0 212.0 96.0 :hot
8092.0 8040.0 176.0 92.0 the
8340.0 8040.0 620.0 116.0 policeman.
9032.0 8044.0 480.0 96.0 Another

7348.0 8244.0 600.0 116.0 policeman
8008.0 8244.0 236.0 92.0 shot
8308.0 8244.0 184.0 96.0 the
8560.0 8244.0 240.0 92.0 cafe
8836.0 8268.0 344.0 72.0 owner
9220.0 8244.0 288.0 100.0 after

7348.0 8440.0 128.0 96.0 he
7540.0 8440.0 440.0 100.0 refused
8048.0 8448.0 104.0 92.0 to
8208.0 8448.0 268.0 112.0 drop
8540.0 8444.0 168.0 96.0 his
8772.0 8444.0 492.0 100.0 revolver.

7472.0 8644.0 632.0 100.0 Patrolman
8188.0 8648.0 468.0 96.0 William
8740.0 8648.0 108.0 96.0 A.
8936.0 8648.0 376.0 116.0 Holler,
9392.0 8648.0 120.0 96.0 48

7356.0 8876.0 312.0 88.0 years
7776.0 8848.0 200.0 108.0 old,
8084.0 8848.0 220.0 104.0 1111
8416.0 8852.0 516.0 100.0 .Sherman
9036.0 8856.0 472.0 108.0 Avenue,

7356.0 9076.0 212.0 68.0 was
7648.0 9052.0 520.0 100.0 wounded
8248.0 9052.0 104.0 96.0 in
8432.0 9060.0 184.0 92.0 the
8692.0 9052.0 280.0 116.0 right
9044.0 9052.0 168.0 112.0 leg
9288.0 9052.0 216.0 96.0 and

7356.0 9252.0 192.0 96.0 left
7632.0 9260.0 328.0 88.0 wrist.
8100.0 9260.0 156.0 88.0 He
8336.0 9284.0 224.0 68.0 whs
8640.0 9252.0 324.0 104.0 taken
9040.0 9264.0 112.0 92.0 to
9236.0 9256.0 232.0 96.0 Gen-

7360.0 9424.0 216.0 96.0 eral
7648.0 9428.0 520.0 112.0 Hospital,
8232.0 9428.0 352.0 92.0 where
8656.0 9428.0 80.0 92.0 It
8804.0 9452.0 208.0 68.0 was
9076.0 9420.0 436.0 104.0 learned

7360.0 9592.0 172.0 96.0 the
7596.0 9596.0 328.0 96.0 bullet
7996.0 9596.0 544.0 100.0 fractured
8608.0 9600.0 172.0 96.0 his
8840.0 9604.0 188.0 108.0 leg.

7472.0 9764.0 292.0 96.0 John
7868.0 9768.0 380.0 104.0 Heuer,
8352.0 9772.0 144.0 100.0 47,
8604.0 9772.0 236.0 108.0 part
8940.0 9788.0 368.0 72.0 owner
9404.0 9760.0 116.0 96.0 of

7360.0 9936.0 172.0 92.0 the
7592.0 9936.0 232.0 96.0 Idle
7884.0 9936.0 292.0 96.0 Hour
8232.0 9940.0 300.0 112.0 Cufe,
8596.0 9936.0 532.0 96.0 Faulkner
9188.0 9936.0 336.0 96.0 Court

7356.0 10108.0 204.0 100.0 and
7620.0 10108.0 436.0 116.0 Liberty
8116.0 10108.0 384.0 104.0 Street,
8560.0 10132.0 224.0 68.0 was
8840.0 10104.0 512.0 96.0 wounded
9416.0 10104.0 108.0 92.0 In

7372.0 10272.0 172.0 96.0 the
7628.0 10276.0 300.0 112.0 right
8004.0 10276.0 216.0 92.0 side
8300.0 10276.0 116.0 96.0 of
8496.0 10276.0 184.0 92.0 the
8760.0 10272.0 316.0 100.0 chest,
9192.0 10272.0 168.0 96.0 He
9436.0 10268.0 92.0 96.0 Is

7360.0 10444.0 100.0 96.0 in
7520.0 10448.0 416.0 92.0 serious
7984.0 10444.0 544.0 96.0 condition
8584.0 10448.0 108.0 92.0 at
8756.0 10440.0 440.0 96.0 General
9264.0 10444.0 224.0 92.0 Hos-

7364.0 10616.0 280.0 116.0 pital.
7828.0 10612.0 164.0 92.0 He
8108.0 10612.0 260.0 92.0 lives
8484.0 10612.0 116.0 92.0 at
8720.0 10616.0 224.0 92.0 3030
9056.0 10612.0 476.0 92.0 Penrose

7368.0 10784.0 340.0 112.0 Place,
7776.0 10784.0 628.0 96.0 Westwood.

7616.0 10988.0 712.0 100.0 COMMAND
8408.0 10996.0 124.0 92.0 IS
8612.0 10988.0 668.0 100.0 IGNORED.

7496.0 11148.0 624.0 108.0 Patrolman
8212.0 11156.0 388.0 112.0 Boiler,
8688.0 11160.0 160.0 92.0 off
8932.0 11156.0 280.0 108.0 duty,
9304.0 11176.0 220.0 68.0 was

7380.0 11332.0 236.0 92.0 shot
7676.0 11336.0 136.0 116.0 by
7876.0 11332.0 348.0 96.0 Heuer
8280.0 11332.0 296.0 92.0 after
8632.0 11328.0 132.0 88.0 he
8824.0 11324.0 700.0 100.0 commanded

7380.0 11504.0 216.0 100.0 him
7664.0 11508.0 108.0 88.0 to
7840.0 11504.0 252.0 112.0 drop
8160.0 11528.0 56.0 68.0 a
8284.0 11504.0 488.0 92.0 revolver
8832.0 11500.0 128.0 88.0 he
9016.0 11524.0 216.0 64.0 was
9300.0 11520.0 192.0 68.0 car-

7384.0 11676.0 304.0 112.0 rying
7780.0 11676.0 100.0 92.0 in
7968.0 11680.0 280.0 92.0 front
8332.0 11676.0 112.0 92.0 of
8528.0 11668.0 168.0 100.0 his
8772.0 11668.0 256.0 100.0 cafe.
9168.0 11668.0 360.0 92.0 Boiler

7368.0 11840.0 224.0 96.0 said
7716.0 11848.0 128.0 84.0 he
7960.0 11868.0 216.0 68.0 was
8300.0 11844.0 444.0 120.0 passing
8860.0 11840.0 220.0 96.0 1605
9196.0 11844.0 292.0 92.0 West-

7384.0 12040.0 180.0 68.0 ern
7672.0 12024.0 432.0 88.0 Avenue
8204.0 12020.0 312.0 96.0 when
8620.0 12020.0 132.0 88.0 he
8852.0 12040.0 208.0 68.0 saw
9164.0 12016.0 368.0 92.0 Heuer

7388.0 12188.0 252.0 88.0 with
7724.0 12192.0 176.0 88.0 the
7972.0 12212.0 464.0 92.0 weapon.

7488.0 12356.0 664.0 108.0 Meanwhile,
8336.0 12360.0 616.0 92.0 Patrolmen
9132.0 12352.0 400.0 120.0 Joseph

7368.0 12524.0 536.0 116.0 Wehberg
8000.0 12528.0 200.0 92.0 and
8312.0 12528.0 364.0 96.0 Curtis
8804.0 12528.0 424.0 108.0 Gullett,
9360.0 12552.0 128.0 68.0 an-

7368.0 12700.0 464.0 108.0 swering
7944.0 12724.0 60.0 68.0 a
8112.0 12696.0 568.0 96.0 broadcast
8796.0 12700.0 332.0 96.0 alarm
9248.0 12700.0 116.0 88.0 of
9476.0 12720.0 56.0 68.0 a

7364.0 12868.0 500.0 112.0 shooting
8012.0 12872.0 104.0 88.0 at
8252.0 12864.0 448.0 116.0 Liberty
8836.0 12868.0 340.0 92.0 Street
9324.0 12864.0 208.0 92.0 and

7372.0 13036.0 544.0 92.0 Faulkner
8004.0 13036.0 356.0 108.0 Court,
8460.0 13036.0 284.0 92.0 went
8840.0 13036.0 104.0 100.0 to
9032.0 13036.0 180.0 92.0 the
9312.0 13036.0 220.0 96.0 Idle

7360.0 13204.0 304.0 96.0 Hour
7784.0 13204.0 288.0 96.0 Cafe.
8236.0 13204.0 632.0 96.0 Patrolman
8968.0 13204.0 564.0 116.0 Wehberg,

7368.0 13376.0 232.0 92.0 who
7744.0 13376.0 424.0 92.0 entered
8324.0 13380.0 280.0 104.0 first,
8728.0 13376.0 320.0 92.0 found
9168.0 13376.0 368.0 92.0 Heuer

7364.0 13544.0 516.0 112.0 standing
7964.0 13548.0 244.0 88.0 with
8296.0 13548.0 184.0 88.0 the
8568.0 13548.0 468.0 92.0 revolver
9120.0 13544.0 220.0 92.0 still
9428.0 13548.0 100.0 88.0 in

7368.0 13716.0 160.0 88.0 his
7596.0 13712.0 328.0 96.0 hand.

7480.0 13884.0 348.0 92.0 When
7900.0 13884.0 524.0 112.0 Wehberg
8492.0 13884.0 440.0 92.0 ordered
9004.0 13884.0 356.0 92.0 Heuer
9428.0 13880.0 108.0 96.0 to

7376.0 14052.0 260.0 112.0 drop
7708.0 14056.0 184.0 88.0 the
7960.0 14080.0 432.0 88.0 weapon
8460.0 14056.0 388.0 104.0 Heuer,
8916.0 14056.0 168.0 92.0 the
9148.0 14052.0 396.0 92.0 officer

7376.0 14220.0 260.0 108.0 said,
7720.0 14224.0 352.0 92.0 aimed
8148.0 14224.0 80.0 92.0 It
8308.0 14228.0 112.0 84.0 at
8500.0 14224.0 252.0 92.0 him.
8856.0 14220.0 216.0 96.0 The
9152.0 14220.0 348.0 112.0 patrol-

7384.0 14412.0 248.0 68.0 man
7712.0 14392.0 276.0 92.0 fired
8064.0 14416.0 192.0 64.0 one
8336.0 14392.0 276.0 112.0 shot,
8696.0 14388.0 384.0 120.0 hitting
9156.0 14388.0 396.0 92.0 Heuer.

7500.0 14592.0 640.0 92.0 EARLIER
8216.0 14592.0 332.0 92.0 ROW
8620.0 14592.0 800.0 92.0 REPORTED.

7488.0 14792.0 344.0 112.0 Night
7904.0 14792.0 304.0 96.0 Chief
8276.0 14796.0 116.0 88.0 of
8456.0 14792.0 600.0 92.0 Detectives
9124.0 14784.0 416.0 100.0 Robert

7380.0 14956.0 640.0 96.0 Shear-wood
8128.0 14960.0 208.0 92.0 and
8452.0 14960.0 516.0 108.0 Sergeant
9072.0 14956.0 464.0 96.0 William

7384.0 15128.0 308.0 92.0 Stath
7808.0 15152.0 272.0 68.0 were
8184.0 15128.0 220.0 92.0 told
8512.0 15124.0 240.0 96.0 that
8856.0 15128.0 360.0 132.0 Heuer,
9316.0 15148.0 224.0 72.0 was

7376.0 15300.0 456.0 120.0 chasing
7884.0 15296.0 388.0 116.0 Joseph
8340.0 15296.0 324.0 108.0 Cook,
8724.0 15296.0 136.0 108.0 35,
8916.0 15296.0 228.0 96.0 1926
9200.0 15296.0 300.0 96.0 West-

7372.0 15488.0 188.0 72.0 ern
7624.0 15468.0 468.0 108.0 Avenue,
8156.0 15472.0 280.0 88.0 from
8504.0 15468.0 172.0 92.0 his
8736.0 15464.0 232.0 100.0 cafe
9032.0 15468.0 256.0 92.0 with
9356.0 15468.0 180.0 88.0 the

7376.0 15636.0 488.0 92.0 revolver
7988.0 15640.0 304.0 92.0 when
8432.0 15636.0 620.0 92.0 Patrolman
9188.0 15636.0 356.0 92.0 Boiler

7380.0 15804.0 424.0 96.0 noticed
7884.0 15808.0 244.0 92.0 him.

7504.0 15980.0 300.0 96.0 Cook
7872.0 15984.0 208.0 92.0 told
8148.0 15980.0 180.0 100.0 the
8396.0 15976.0 580.0 100.0 detectives
9044.0 15980.0 240.0 96.0 ihat
9352.0 15980.0 144.0 92.0 fol-

7392.0 16152.0 396.0 124.0 lowing
7896.0 16176.0 132.0 72.0 an
8136.0 16156.0 568.0 112.0 argument
8816.0 16156.0 124.0 92.0 he
9044.0 16152.0 496.0 96.0 knocked

7388.0 16320.0 364.0 96.0 Heuer
7864.0 16324.0 328.0 96.0 down.
8296.0 16324.0 368.0 96.0 Heuer
8760.0 16328.0 236.0 92.0 then
9100.0 16324.0 432.0 116.0 pointed

7388.0 16496.0 180.0 92.0 the
7640.0 16496.0 484.0 96.0 revolver
8188.0 16500.0 108.0 88.0 at
8368.0 16496.0 224.0 96.0 him
8660.0 16500.0 208.0 92.0 and
8936.0 16500.0 352.0 112.0 pulled
9356.0 16500.0 180.0 92.0 the

7392.0 16664.0 440.0 116.0 trigger,
7932.0 16664.0 180.0 100.0 but
8208.0 16668.0 76.0 92.0 it
8380.0 16672.0 176.0 92.0 did
8656.0 16672.0 180.0 92.0 not
8928.0 16672.0 224.0 108.0 fire,
9244.0 16672.0 296.0 96.0 Cook

7392.0 16836.0 376.0 96.0 added.

7516.0 17008.0 300.0 96.0 Cook
7896.0 17016.0 240.0 88.0 then
8224.0 17040.0 192.0 64.0 ran
8496.0 17020.0 112.0 88.0 to
8680.0 17036.0 60.0 68.0 a
8816.0 17020.0 228.0 88.0 cafe
9124.0 17024.0 108.0 88.0 at
9312.0 17016.0 236.0 96.0 1605

7396.0 17176.0 504.0 100.0 Western
7960.0 17184.0 460.0 96.0 Avenue.

7548.0 17852.0 380.0 200.0 Two
8012.0 17848.0 472.0 208.0 Lives
8560.0 17852.0 192.0 204.0 At
8836.0 17856.0 560.0 208.0 Slake!

7668.0 18288.0 156.0 100.0 St.
7956.0 18288.0 344.0 112.0 Louis,
8432.0 18288.0 252.0 112.0 July
8816.0 18292.0 44.0 92.0 7
9000.0 18288.0 272.0 108.0 (AP)

7544.0 18464.0 124.0 92.0 In
7744.0 18492.0 144.0 64.0 an
7956.0 18464.0 464.0 112.0 attempt
8484.0 18468.0 112.0 88.0 to
8664.0 18488.0 248.0 68.0 save
8980.0 18460.0 176.0 92.0 the
9224.0 18464.0 192.0 92.0 life

7544.0 18628.0 120.0 96.0 of
7828.0 18660.0 68.0 64.0 a
8052.0 18632.0 632.0 112.0 8.1-year-old
8844.0 18632.0 572.0 112.0 expectant

7548.0 18804.0 432.0 100.0 mother
8028.0 18804.0 228.0 96.0 who
8312.0 18800.0 444.0 120.0 already
8812.0 18808.0 184.0 92.0 has
9032.0 18804.0 348.0 92.0 under-

7548.0 18996.0 280.0 88.0 gone
7916.0 18976.0 92.0 92.0 31
8104.0 18976.0 308.0 96.0 blood
8500.0 18976.0 660.0 96.0 transfusion
9312.0 18976.0 108.0 92.0 In

7548.0 19144.0 120.0 92.0 10
7832.0 19148.0 372.0 108.0 weeks,
8372.0 19148.0 612.0 116.0 physicians
9144.0 19148.0 280.0 96.0 have

7552.0 19316.0 324.0 92.0 made
7948.0 19344.0 64.0 64.0 a
8084.0 19320.0 352.0 112.0 public
8512.0 19324.0 376.0 108.0 appeal
8968.0 19316.0 168.0 96.0 for
9212.0 19316.0 168.0 96.0 vol-

7552.0 19488.0 400.0 112.0 untary
8028.0 19488.0 300.0 96.0 blood
8400.0 19492.0 424.0 92.0 donors.

7680.0 19660.0 260.0 92.0 Mrs.
8032.0 19660.0 252.0 92.0 Earl
8380.0 19668.0 424.0 100.0 Owens,
8888.0 19664.0 540.0 108.0 suffering

7556.0 19828.0 288.0 100.0 from
7928.0 19832.0 456.0 108.0 anemia,
8460.0 19836.0 96.0 92.0 is
8636.0 19832.0 528.0 112.0 receiving
9240.0 19836.0 188.0 92.0 the

7556.0 20000.0 736.0 92.0 transfusions
8388.0 20004.0 116.0 92.0 to
8608.0 20008.0 312.0 88.0 make
9016.0 20032.0 136.0 88.0 up
9256.0 20012.0 176.0 88.0 for

7556.0 20164.0 228.0 96.0 loss
7872.0 20172.0 112.0 88.0 of
8064.0 20196.0 68.0 68.0 a
8216.0 20172.0 236.0 116.0 pint
8544.0 20176.0 120.0 88.0 of
8752.0 20172.0 292.0 96.0 blood
9136.0 20176.0 292.0 108.0 dully

7548.0 20336.0 476.0 112.0 through
8136.0 20340.0 776.0 116.0 hemorrhages
9012.0 20348.0 116.0 92.0 of
9236.0 20344.0 196.0 96.0 her

7528.0 20528.0 348.0 84.0 gums.
8020.0 20508.0 292.0 92.0 More
8392.0 20512.0 276.0 96.0 than
8752.0 20516.0 108.0 92.0 20
8936.0 20516.0 428.0 92.0 transfu-

7516.0 20672.0 308.0 92.0 sions
7924.0 20704.0 272.0 64.0 were
8300.0 20676.0 320.0 112.0 given
8748.0 20684.0 124.0 120.0 by
8988.0 20684.0 412.0 96.0 friends

7548.0 20840.0 220.0 92.0 and
7876.0 20844.0 532.0 112.0 relatives,
8520.0 20852.0 192.0 92.0 but
8812.0 20852.0 612.0 116.0 physicians

7548.0 21008.0 500.0 96.0 declared
8136.0 21012.0 288.0 100.0 their
8520.0 21044.0 376.0 72.0 source
8980.0 21024.0 116.0 92.0 of
9180.0 21028.0 248.0 92.0 that

7556.0 21180.0 588.0 112.0 particular
8192.0 21184.0 252.0 116.0 type
8500.0 21188.0 116.0 92.0 of
8664.0 21188.0 300.0 96.0 blood
9020.0 21192.0 400.0 96.0 needed

7556.0 21348.0 88.0 88.0 is
7728.0 21348.0 616.0 104.0 exhausted.

7676.0 21520.0 664.0 112.0 Twlrty-flve
8504.0 21524.0 604.0 96.0 volunteers
9272.0 21564.0 112.0 64.0 re-

7556.0 21688.0 476.0 112.0 sponded
8096.0 21696.0 112.0 88.0 to
8268.0 21696.0 188.0 92.0 the
8524.0 21692.0 252.0 96.0 first
8836.0 21700.0 224.0 96.0 call.

7684.0 21860.0 256.0 100.0 Mrs.
8004.0 21864.0 380.0 92.0 Owens
8448.0 21864.0 88.0 88.0 Is
8592.0 21864.0 188.0 92.0 the
8836.0 21864.0 416.0 104.0 mother
9308.0 21868.0 116.0 96.0 of

7560.0 22060.0 64.0 68.0 a
7712.0 22032.0 620.0 116.0 12-year-old
8416.0 22032.0 556.0 112.0 daughter.

7736.0 22680.0 472.0 376.0 ONE
8352.0 22680.0 808.0 368.0 KILLED

7428.0 23392.0 256.0 128.0 Two
7748.0 23380.0 492.0 132.0 Rescued
8300.0 23384.0 332.0 128.0 After
8684.0 23380.0 332.0 172.0 Being
9068.0 23384.0 516.0 164.0 Trapped

7656.0 23588.0 128.0 128.0 In
7860.0 23584.0 672.0 164.0 Fire-Swept
8600.0 23584.0 304.0 128.0 Mine
9052.0 23588.0 284.0 128.0 Four

7756.0 23792.0 404.0 124.0 Others
8228.0 23796.0 212.0 124.0 Are
8512.0 23792.0 120.0 124.0 In
8708.0 23788.0 532.0 164.0 Hospital.

7540.0 24288.0 460.0 100.0 Mineral
8072.0 24292.0 344.0 112.0 Point,
8496.0 24296.0 220.0 108.0 Pa.,
8780.0 24296.0 240.0 116.0 July
9088.0 24292.0 56.0 96.0 7
9284.0 24288.0 280.0 108.0 (AP)

7540.0 24456.0 232.0 96.0 One
7844.0 24484.0 248.0 72.0 man
8160.0 24460.0 276.0 108.0 died,
8508.0 24468.0 212.0 92.0 two
8788.0 24488.0 268.0 72.0 were
9124.0 24460.0 452.0 100.0 rescued

7420.0 24628.0 292.0 96.0 after
7792.0 24628.0 312.0 116.0 being
8140.0 24628.0 500.0 116.0 .trapped
8724.0 24632.0 100.0 92.0 in
8908.0 24632.0 168.0 96.0 the
9156.0 24632.0 388.0 96.0 smoke-

7424.0 24792.0 296.0 112.0 filled
7812.0 24792.0 440.0 100.0 Interior
8332.0 24800.0 220.0 96.0 and
8640.0 24800.0 244.0 96.0 four
8956.0 24824.0 276.0 72.0 were
9320.0 24800.0 112.0 96.0 In
9512.0 24824.0 68.0 68.0 a

7424.0 24948.0 480.0 132.0 hospital
8056.0 24964.0 432.0 120.0 tonight
8656.0 24992.0 124.0 68.0 as
8908.0 24968.0 196.0 96.0 fire
9240.0 24968.0 340.0 116.0 swept

7424.0 25132.0 476.0 116.0 through
7956.0 25136.0 176.0 92.0 the
8192.0 25136.0 192.0 96.0 fan
8444.0 25136.0 336.0 96.0 house
8836.0 25136.0 108.0 96.0 of
9000.0 25140.0 176.0 92.0 the
9240.0 25136.0 344.0 96.0 Black

7424.0 25296.0 544.0 100.0 Diamond
8108.0 25304.0 288.0 96.0 mine
8544.0 25304.0 116.0 96.0 of
8804.0 25308.0 172.0 92.0 the
9120.0 25300.0 460.0 104.0 Mineral

7424.0 25464.0 328.0 100.0 Point
7884.0 25468.0 248.0 96.0 Coal
8264.0 25468.0 584.0 120.0 Company,
8972.0 25492.0 260.0 76.0 near
9364.0 25472.0 216.0 92.0 this

7424.0 25636.0 516.0 100.0 Cambria
8020.0 25640.0 420.0 120.0 County
8520.0 25640.0 412.0 116.0 village.

7544.0 25804.0 232.0 96.0 The
7916.0 25808.0 188.0 96.0 fan
8236.0 25808.0 340.0 96.0 house
8716.0 25832.0 216.0 72.0 wa-
9036.0 25832.0 116.0 72.0 so
9264.0 25808.0 316.0 112.0 badly

7428.0 25972.0 532.0 120.0 damaged
8040.0 25980.0 240.0 96.0 that
8360.0 25980.0 752.0 92.0 mechanicism
9200.0 25972.0 380.0 100.0 ceased

7432.0 26144.0 496.0 112.0 working
8008.0 26144.0 204.0 92.0 and
8296.0 26144.0 380.0 100.0 smoke
8760.0 26144.0 268.0 96.0 from
9112.0 26144.0 180.0 96.0 the
9380.0 26144.0 204.0 92.0 fire

7432.0 26312.0 408.0 112.0 poured
7936.0 26340.0 136.0 96.0 up
8164.0 26316.0 180.0 88.0 the
8440.0 26316.0 296.0 112.0 slope
8828.0 26316.0 108.0 92.0 of
9020.0 26312.0 176.0 96.0 the
9296.0 26308.0 284.0 96.0 mine

7436.0 26480.0 232.0 92.0 that
7744.0 26480.0 372.0 116.0 begins
8176.0 26508.0 132.0 72.0 on
8384.0 26484.0 180.0 96.0 the
8632.0 26484.0 220.0 92.0 side
8916.0 26480.0 112.0 96.0 of
9088.0 26508.0 60.0 68.0 a
9220.0 26500.0 320.0 76.0 moun-

7436.0 26644.0 224.0 96.0 tain
7764.0 26652.0 160.0 96.0 six
8020.0 26652.0 288.0 88.0 milci
8416.0 26656.0 240.0 84.0 east
8752.0 26652.0 104.0 92.0 of
8948.0 26648.0 632.0 96.0 Johnstown

7432.0 26816.0 204.0 88.0 and
7736.0 26816.0 440.0 92.0 extends
8264.0 26816.0 448.0 116.0 upward
8804.0 26820.0 212.0 92.0 into
9100.0 26816.0 180.0 96.0 the
9372.0 26808.0 216.0 96.0 hill.

7552.0 26980.0 404.0 92.0 Fellow
8040.0 26984.0 400.0 96.0 miners
8536.0 26984.0 408.0 92.0 carried
9044.0 26988.0 176.0 92.0 the
9320.0 26976.0 264.0 100.0 dead

7436.0 27172.0 288.0 84.0 man,
7788.0 27148.0 280.0 96.0 John
8132.0 27148.0 760.0 112.0 Cunningham
8956.0 27152.0 108.0 92.0 of
9132.0 27144.0 456.0 108.0 Mineral

7436.0 27308.0 356.0 108.0 Point,
7864.0 27316.0 272.0 92.0 from
8208.0 27316.0 180.0 92.0 the
8464.0 27312.0 540.0 120.0 workings
9072.0 27320.0 212.0 92.0 and
9360.0 27312.0 228.0 96.0 said

7436.0 27476.0 256.0 116.0 they
7788.0 27480.0 472.0 96.0 believed
8352.0 27480.0 136.0 96.0 he
8588.0 27480.0 240.0 96.0 died
8916.0 27480.0 108.0 100.0 of
7440.0 27488.0 2128.0 252.0 suffoca-lion.

9608.0 3984.0 896.0 688.0 Ship
10696.0 4000.0 1136.0 544.0 Hurls
12032.0 4000.0 1360.0 544.0 Planes
13576.0 3992.0 816.0 544.0 Into
14600.0 3968.0 1656.0 552.0 Earhart
16456.0 3944.0 1440.0 552.0 Search

10216.0 4720.0 536.0 544.0 As
11072.0 4720.0 1216.0 552.0 Weak
12640.0 4720.0 1488.0 672.0 Signals
14488.0 4712.0 760.0 536.0 Stir
15592.0 4696.0 1472.0 536.0 Rescue
17416.0 4672.0 1088.0 672.0 Hope

9828.0 5468.0 340.0 48.0 lVlTi-
10184.0 5472.0 44.0 20.0 -
10240.0 5476.0 920.0 48.0 i-i-y-llrruAJJLOO--Tnr
13432.0 5468.0 264.0 48.0 irtV
13708.0 5476.0 136.0 36.0 11
13988.0 5468.0 296.0 20.0 ....,
14316.0 5468.0 40.0 20.0 -
14388.0 5468.0 40.0 20.0 -
14456.0 5468.0 40.0 20.0 -
14524.0 5468.0 40.0 20.0 -
15472.0 5448.0 664.0 40.0 ajas-MS-ti'

10172.0 5648.0 908.0 316.0 COAST
11204.0 5644.0 1000.0 312.0 GUARD
12328.0 5648.0 1112.0 316.0 CUTTER
13584.0 5636.0 964.0 316.0 HUNTS
14696.0 5624.0 1012.0 320.0 FLIERS

9760.0 13868.0 28.0 52.0 '
10536.0 13772.0 88.0 336.0 I
12420.0 13656.0 52.0 88.0 '
13264.0 13764.0 36.0 68.0 '
14748.0 13628.0 796.0 244.0 f'"r
15824.0 13620.0 420.0 348.0 -'J

10364.0 14944.0 48.0 24.0 .
11412.0 14916.0 84.0 28.0 .,.,
11696.0 14868.0 432.0 60.0 --.-'
12244.0 14844.0 116.0 100.0 T
12648.0 14860.0 136.0 84.0 "a-
13360.0 14812.0 388.0 100.0 iib1
13916.0 14816.0 224.0 92.0 l.1""
14324.0 14796.0 672.0 148.0 "SrLl
15520.0 14792.0 116.0 144.0 .,"
15760.0 14756.0 488.0 180.0 ""iSKi

15236.0 15736.0 624.0 80.0 International
15928.0 15736.0 284.0 72.0 Nrws.

9740.0 15884.0 268.0 132.0 The
10104.0 15884.0 440.0 132.0 United
10648.0 15872.0 396.0 140.0 States
11136.0 15884.0 364.0 128.0 Coast
11596.0 15880.0 428.0 132.0 Guard
12128.0 15880.0 360.0 128.0 Itasca
12580.0 15876.0 208.0 128.0 has
12888.0 15876.0 316.0 128.0 been
13308.0 15868.0 532.0 136.0 refueled
13944.0 15872.0 160.0 148.0 hy
14204.0 15868.0 196.0 128.0 the
14500.0 15864.0 652.0 156.0 battleship
15256.0 15860.0 632.0 128.0 Colorado
15984.0 15856.0 252.0 132.0 and

9748.0 16064.0 96.0 124.0 is
9944.0 16068.0 464.0 148.0 joining
10512.0 16056.0 252.0 132.0 that
10864.0 16060.0 392.0 124.0 vessel
11364.0 16052.0 236.0 132.0 and
11708.0 16060.0 200.0 124.0 the
12020.0 16060.0 848.0 144.0 minesweeper
12984.0 16052.0 356.0 124.0 Swan
13452.0 16056.0 108.0 120.0 in
13676.0 16044.0 200.0 128.0 the
13980.0 16040.0 440.0 136.0 Pacific
14528.0 16040.0 416.0 128.0 search
15056.0 16040.0 192.0 128.0 for
15360.0 16032.0 480.0 132.0 Amelia
9752.0 16028.0 6492.0 344.0 l-.ar-hart,

10168.0 16232.0 276.0 124.0 who
10548.0 16280.0 248.0 76.0 was
10904.0 16224.0 420.0 132.0 forced
11436.0 16228.0 360.0 128.0 down
11908.0 16224.0 280.0 128.0 with
12296.0 16220.0 204.0 128.0 her
12608.0 16228.0 652.0 144.0 navigator
13368.0 16220.0 348.0 128.0 when
13832.0 16220.0 728.0 144.0 attempting
14684.0 16240.0 128.0 96.0 to
14928.0 16208.0 280.0 128.0 land
15336.0 16256.0 160.0 80.0 on
15612.0 16200.0 628.0 136.0 Howland

9760.0 16400.0 428.0 132.0 Island.
10344.0 16404.0 292.0 124.0 New
10732.0 16400.0 228.0 128.0 but
11056.0 16400.0 340.0 128.0 weak
11496.0 16392.0 440.0 156.0 signals
12036.0 16396.0 304.0 128.0 have
12436.0 16392.0 432.0 124.0 caused
12988.0 16448.0 64.0 68.0 a
13124.0 16388.0 456.0 128.0 revival
13648.0 16388.0 132.0 128.0 of
13844.0 16384.0 316.0 156.0 hope
14232.0 16388.0 188.0 124.0 for
14488.0 16380.0 472.0 152.0 finding
15024.0 16384.0 196.0 124.0 the
15288.0 16408.0 352.0 96.0 exact
15712.0 16380.0 528.0 124.0 location

12548.0 16568.0 132.0 124.0 of
12752.0 16564.0 196.0 128.0 the
13028.0 16564.0 364.0 128.0 fliers.

9676.0 17056.0 640.0 372.0 New
10460.0 17056.0 804.0 452.0 Party
11404.0 17056.0 880.0 452.0 Bogey
12432.0 17052.0 232.0 364.0 Is
12816.0 17040.0 968.0 372.0 Raised

9820.0 17564.0 380.0 448.0 By
10312.0 17556.0 1552.0 456.0 Supporters
11976.0 17552.0 336.0 372.0 Of
12420.0 17552.0 800.0 368.0 Court
13324.0 17544.0 464.0 364.0 Bill
13856.0 17692.0 60.0 296.0 ;

10008.0 18060.0 1524.0 456.0 Opponents
11660.0 18048.0 976.0 376.0 Heckle
12768.0 18044.0 1292.0 464.0 Speakers

9848.0 18756.0 184.0 96.0 BY
10100.0 18756.0 296.0 88.0 EDW
10436.0 18752.0 132.0 92.0 IN
10644.0 18756.0 152.0 96.0 W.
10860.0 18748.0 800.0 92.0 GABKI.MAN.

9668.0 18952.0 556.0 76.0 Wmhlnitnn
10276.0 18948.0 356.0 76.0 lltircaii.
10688.0 18944.0 192.0 76.0 1:IH7
10960.0 18948.0 160.0 72.0 Nal
11172.0 18948.0 20.0 72.0 I
11264.0 18948.0 240.0 72.0 rrrni
11572.0 18944.0 236.0 88.0 Hldj.

9676.0 19140.0 348.0 64.0 ai'KirUI.
10088.0 19144.0 412.0 56.0 ItlBPATi'H
10564.0 19140.0 104.0 60.0 TO
10728.0 19140.0 176.0 60.0 THK
10972.0 19140.0 192.0 72.0 KNIJI
11208.0 19144.0 68.0 52.0 11!
11296.0 19148.0 112.0 52.0 KR.

9792.0 19296.0 740.0 108.0 Washington,
10604.0 19288.0 256.0 112.0 July
10932.0 19284.0 56.0 96.0 7
11124.0 19292.0 76.0 88.0 A
11280.0 19288.0 544.0 108.0 blistering

9676.0 19464.0 368.0 92.0 attack
10108.0 19460.0 132.0 116.0 by
10300.0 19464.0 448.0 92.0 Senator
10804.0 19460.0 400.0 112.0 Joseph
11268.0 19460.0 104.0 92.0 T.
11432.0 19460.0 396.0 108.0 Guffey

9680.0 19628.0 116.0 96.0 of
9892.0 19628.0 812.0 116.0 Pennsylvania,
10812.0 19656.0 132.0 68.0 on
11048.0 19632.0 180.0 88.0 the
11328.0 19628.0 500.0 112.0 Supreme

9680.0 19804.0 328.0 92.0 Court
10104.0 19828.0 120.0 68.0 as
10316.0 19828.0 64.0 64.0 a
10472.0 19796.0 472.0 116.0 political
11044.0 19796.0 628.0 112.0 institution,
11772.0 19820.0 52.0 64.0 a

9684.0 19968.0 436.0 100.0 defense
10220.0 19972.0 132.0 108.0 by
10456.0 19972.0 132.0 88.0 Its
10692.0 19972.0 656.0 108.0 proponents
11444.0 19968.0 112.0 88.0 of
11652.0 19968.0 176.0 88.0 the

9672.0 20144.0 704.0 112.0 compromise
10524.0 20140.0 308.0 88.0 court
10980.0 20108.0 904.0 140.0 reorganization!

9680.0 20308.0 208.0 108.0 bill,
9996.0 20304.0 616.0 100.0 introduced
10720.0 20304.0 104.0 92.0 In
10928.0 20304.0 188.0 92.0 the
11216.0 20304.0 376.0 92.0 Senate
11700.0 20300.0 124.0 112.0 by

9676.0 20480.0 452.0 92.0 Senator
10200.0 20480.0 128.0 92.0 M.
10408.0 20480.0 132.0 88.0 M.
10612.0 20472.0 364.0 112.0 Logan
11052.0 20476.0 112.0 88.0 of
11232.0 20472.0 592.0 108.0 Kentucky,
11872.0 20472.0 8.0 100.0 j

9684.0 20648.0 204.0 92.0 and
9996.0 20648.0 176.0 88.0 the
10276.0 20644.0 496.0 116.0 heckling
10868.0 20640.0 116.0 96.0 of
11084.0 20644.0 176.0 92.0 the
11360.0 20644.0 200.0 88.0 two
11656.0 20616.0 224.0 200.0 ad-j

9676.0 20816.0 724.0 92.0 ministration
10504.0 20816.0 512.0 88.0 Senators
11116.0 20808.0 132.0 116.0 by
11340.0 20812.0 172.0 84.0 the
11608.0 20808.0 272.0 160.0 out-j

9672.0 20984.0 512.0 108.0 standing
10272.0 20976.0 680.0 100.0 Democratic
11044.0 20984.0 584.0 104.0 opponents
11720.0 20972.0 112.0 88.0 of
11872.0 20976.0 8.0 128.0 j

9680.0 21152.0 180.0 92.0 the
9956.0 21152.0 304.0 88.0 court
10360.0 21148.0 176.0 92.0 bill
10636.0 21148.0 324.0 108.0 today
11060.0 21144.0 484.0 92.0 featured
11648.0 21140.0 176.0 92.0 the

9676.0 21316.0 384.0 96.0 second
10136.0 21316.0 196.0 124.0 day
10404.0 21316.0 108.0 88.0 of
10576.0 21312.0 384.0 88.0 debate
11028.0 21332.0 132.0 68.0 on
11232.0 21312.0 172.0 92.0 the
11476.0 21308.0 172.0 92.0 bill
11720.0 21308.0 100.0 92.0 in

9676.0 21488.0 176.0 88.0 the
9924.0 21484.0 408.0 92.0 Senate.

9792.0 21652.0 360.0 96.0 Under
10212.0 21648.0 644.0 112.0 agreement,
10920.0 21648.0 184.0 92.0 the
11168.0 21648.0 380.0 92.0 Senate
11612.0 21644.0 216.0 92.0 met

9680.0 21828.0 112.0 84.0 at.
9912.0 21820.0 112.0 92.0 10
10136.0 21816.0 388.0 92.0 o'clock
10648.0 21816.0 216.0 92.0 this
10988.0 21816.0 516.0 112.0 morning,
11624.0 21816.0 208.0 88.0 two

9680.0 21992.0 320.0 92.0 hours
10100.0 21988.0 376.0 88.0 earlier
10572.0 21984.0 260.0 92.0 than
10944.0 21984.0 332.0 108.0 usual,
11376.0 21984.0 204.0 92.0 and
11684.0 22004.0 108.0 72.0 re-

9672.0 22156.0 364.0 92.0 cessed
10096.0 22156.0 112.0 88.0 at
10260.0 22152.0 52.0 96.0 1
10364.0 22152.0 400.0 96.0 o'clock
10820.0 22156.0 224.0 88.0 this
11096.0 22156.0 260.0 92.0 after
11392.0 22176.0 264.0 72.0 noon
11716.0 22176.0 120.0 68.0 so

9672.0 22324.0 180.0 92.0 the
9928.0 22320.0 504.0 96.0 Senators
10500.0 22320.0 240.0 96.0 who
10812.0 22320.0 428.0 96.0 desired
11308.0 22320.0 300.0 96.0 could
11684.0 22320.0 112.0 92.0 at-

9672.0 22492.0 252.0 96.0 tend
10000.0 22492.0 184.0 92.0 the
10256.0 22488.0 460.0 96.0 All-Star
10792.0 22484.0 480.0 96.0 baseball
11344.0 22516.0 304.0 88.0 game
11728.0 22488.0 108.0 92.0 at

9672.0 22660.0 456.0 96.0 Griffith
10212.0 22656.0 512.0 96.0 Stadium.

9696.0 22832.0 32.0 44.0 '
9796.0 22824.0 456.0 96.0 Senator
10312.0 22828.0 368.0 112.0 Logan
10744.0 22824.0 376.0 128.0 barely
11184.0 22832.0 180.0 112.0 got
11428.0 22820.0 408.0 100.0 started

9676.0 22992.0 352.0 112.0 today.
10196.0 22992.0 164.0 96.0 He
10476.0 23016.0 220.0 72.0 was
10812.0 22992.0 676.0 120.0 Interrupted
11600.0 23016.0 200.0 72.0 con-

9672.0 23128.0 412.0 112.0 stantly
10164.0 23128.0 140.0 120.0 by
10384.0 23128.0 560.0 116.0 questions
11032.0 23132.0 288.0 92.0 from
11404.0 23132.0 176.0 100.0 the
11668.0 23152.0 136.0 88.0 op-

9676.0 23264.0 556.0 120.0 position's
10368.0 23264.0 348.0 116.0 flying
10852.0 23268.0 580.0 112.0 squadron,
11568.0 23284.0 272.0 72.0 com-

9688.0 23708.0 1192.0 372.0 Midwest
11012.0 23704.0 680.0 372.0 Heat
11824.0 23700.0 760.0 364.0 Sears
12712.0 23692.0 936.0 364.0 Nation
13716.0 23836.0 64.0 288.0 ;

9892.0 24236.0 300.0 340.0 11
10332.0 24212.0 568.0 448.0 Die,
11008.0 24220.0 500.0 360.0 But
11612.0 24204.0 528.0 368.0 Sun
12240.0 24200.0 920.0 364.0 Boosts
13284.0 24192.0 796.0 448.0 Crops

10072.0 24896.0 188.0 80.0 (BY
10324.0 24900.0 696.0 80.0 ASSOCIATED
11092.0 24896.0 376.0 80.0 PRKSS)

9820.0 25032.0 224.0 96.0 Hot
10128.0 25036.0 340.0 96.0 winds
10560.0 25036.0 408.0 96.0 fanned
11064.0 25060.0 64.0 72.0 a
11216.0 25028.0 244.0 92.0 heat
11548.0 25048.0 292.0 68.0 wave

9700.0 25228.0 368.0 72.0 across
10156.0 25208.0 180.0 92.0 the
10424.0 25208.0 396.0 96.0 Middle
10908.0 25208.0 296.0 92.0 West
11284.0 25200.0 560.0 116.0 yesterday

9700.0 25376.0 216.0 96.0 and
10020.0 25376.0 312.0 96.0 lifted
10436.0 25380.0 792.0 116.0 temperatures
11340.0 25372.0 220.0 92.0 into
11660.0 25372.0 180.0 88.0 the

9704.0 25552.0 408.0 108.0 danger
10176.0 25576.0 292.0 76.0 zone.
10596.0 25560.0 92.0 92.0 A
10764.0 25548.0 456.0 96.0 number
11284.0 25548.0 112.0 92.0 of
11464.0 25544.0 376.0 92.0 deaths

9700.0 25744.0 276.0 72.0 were
10044.0 25724.0 592.0 92.0 attributed
10700.0 25728.0 112.0 92.0 to
10876.0 25724.0 184.0 92.0 the
11124.0 25724.0 184.0 88.0 hot
11376.0 25716.0 468.0 92.0 weather

9704.0 25896.0 108.0 88.0 in
9920.0 25916.0 324.0 72.0 seven
10356.0 25904.0 368.0 100.0 states,
10832.0 25920.0 124.0 64.0 as
11064.0 25896.0 180.0 88.0 the
11360.0 25912.0 480.0 88.0 mercury

9704.0 26064.0 452.0 96.0 climbed
10248.0 26072.0 460.0 108.0 through
10812.0 26072.0 184.0 88.0 the
11092.0 26064.0 444.0 92.0 nineties
11628.0 26060.0 204.0 88.0 and

9708.0 26236.0 408.0 116.0 beyond
10200.0 26244.0 176.0 96.0 the
10460.0 26240.0 596.0 104.0 100-degree
11140.0 26236.0 324.0 84.0 mark.

9828.0 26408.0 252.0 96.0 Two
10140.0 26412.0 236.0 92.0 died
10440.0 26416.0 96.0 88.0 in
10596.0 26408.0 608.0 96.0 Nebraska;
11272.0 26428.0 52.0 64.0 a
11388.0 26400.0 272.0 92.0 third
11732.0 26396.0 100.0 88.0 in

9712.0 26580.0 728.0 116.0 Minneapolis.

9828.0 26752.0 120.0 92.0 In
10120.0 26752.0 488.0 108.0 Chicago,
10772.0 26748.0 180.0 88.0 the
11120.0 26748.0 712.0 100.0 temperature

9708.0 26928.0 452.0 88.0 reached
10224.0 26928.0 140.0 100.0 90,
10428.0 26924.0 424.0 100.0 soaring
10920.0 26916.0 112.0 88.0 20
11100.0 26916.0 340.0 108.0 points
11508.0 26916.0 96.0 88.0 In
11672.0 26916.0 156.0 88.0 six

9712.0 27092.0 348.0 96.0 hours.
10228.0 27096.0 248.0 88.0 New
10580.0 27088.0 316.0 96.0 York,
11000.0 27084.0 252.0 88.0 with
11352.0 27104.0 60.0 68.0 a
11516.0 27084.0 272.0 88.0 maxi-

9708.0 27256.0 288.0 72.0 mum
10068.0 27244.0 108.0 84.0 of
10236.0 27236.0 136.0 92.0 91,
10436.0 27224.0 688.0 112.0 experienced
11200.0 27224.0 168.0 88.0 the
11436.0 27220.0 384.0 88.0 hottest

9708.0 27372.0 212.0 124.0 day
9976.0 27376.0 212.0 88.0 this
10248.0 27388.0 272.0 96.0 year.
10640.0 27368.0 92.0 92.0 It
10804.0 27384.0 220.0 68.0 was
11084.0 27368.0 108.0 88.0 93
11248.0 27368.0 104.0 84.0 at
11416.0 27356.0 368.0 96.0 Indian-

9712.0 27512.0 364.0 112.0 apolis,
10136.0 27516.0 108.0 88.0 94
10308.0 27508.0 100.0 84.0 at
10480.0 27508.0 176.0 84.0 the
10716.0 27504.0 500.0 100.0 Newark,
11276.0 27504.0 120.0 92.0 N.
11452.0 27500.0 120.0 108.0 J.,
11636.0 27504.0 156.0 84.0 air-

9708.0 27652.0 276.0 120.0 port,
10048.0 27648.0 208.0 96.0 and
10324.0 27648.0 108.0 96.0 91
10500.0 27640.0 108.0 96.0 in
10672.0 27636.0 456.0 104.0 Detroit.

13140.0 6992.0 528.0 144.0 Vl
13748.0 6992.0 40.0 136.0 I

11932.0 18752.0 312.0 116.0 posed
12400.0 18752.0 116.0 92.0 of
12672.0 18752.0 508.0 92.0 Senators
13336.0 18744.0 452.0 96.0 Edward
13948.0 18740.0 116.0 96.0 R.

11932.0 18920.0 380.0 104.0 Burke,
12408.0 18916.0 596.0 112.0 Democrat,
13108.0 18916.0 604.0 104.0 Nebraska;
13816.0 18912.0 208.0 92.0 Bur-

11932.0 19088.0 176.0 92.0 ion
12220.0 19088.0 116.0 92.0 K.
12448.0 19084.0 512.0 104.0 Wheeler,
13068.0 19084.0 600.0 100.0 Democrat,
13788.0 19080.0 236.0 88.0 Mon-

11928.0 19260.0 296.0 100.0 tana;
12380.0 19252.0 252.0 100.0 Tom
12780.0 19248.0 548.0 116.0 Connally,
13472.0 19244.0 592.0 100.0 Democrat,

11932.0 19420.0 364.0 108.0 Texas,
12388.0 19420.0 204.0 88.0 and
12692.0 19416.0 392.0 116.0 Joseph
13188.0 19416.0 108.0 92.0 C.
13396.0 19412.0 668.0 112.0 O'Mahoney,

11932.0 19588.0 596.0 104.0 Democrat,
12600.0 19584.0 584.0 112.0 Wyoming.
14112.0 19576.0 8.0 192.0 j

12056.0 19752.0 440.0 92.0 Senator
12584.0 19748.0 356.0 112.0 I-ogan
13032.0 19748.0 92.0 92.0 is
13212.0 19756.0 108.0 84.0 to
13412.0 19772.0 404.0 68.0 resume
13908.0 19740.0 160.0 92.0 his

11932.0 19920.0 376.0 112.0 speech
12384.0 19924.0 96.0 84.0 at
12572.0 19940.0 268.0 72.0 noon
12924.0 19920.0 332.0 88.0 tomor
13296.0 19940.0 228.0 64.0 row.

12048.0 20084.0 212.0 92.0 The
12372.0 20080.0 572.0 116.0 Kentucky
13060.0 20076.0 448.0 96.0 Senator
13620.0 20100.0 96.0 68.0 ar
13748.0 20072.0 316.0 92.0 oused
14112.0 20028.0 12.0 172.0 j

11928.0 20256.0 180.0 84.0 the
12192.0 20252.0 144.0 88.0 Ire
12424.0 20248.0 112.0 92.0 of
12624.0 20248.0 164.0 92.0 his
12872.0 20252.0 596.0 112.0 opponents
13556.0 20244.0 304.0 88.0 when
13940.0 20240.0 124.0 92.0 he
14112.0 20220.0 12.0 160.0 j

11928.0 20416.0 456.0 112.0 charged
12500.0 20416.0 244.0 92.0 that
12852.0 20420.0 184.0 92.0 ihe
13160.0 20416.0 436.0 92.0 adverse
13716.0 20408.0 352.0 108.0 report
14112.0 20400.0 12.0 152.0 j

11928.0 20584.0 112.0 88.0 of
12116.0 20584.0 172.0 88.0 the
12360.0 20584.0 388.0 92.0 Senate
12820.0 20580.0 556.0 112.0 Judiciary
13444.0 20576.0 624.0 92.0 Committee

11928.0 20772.0 132.0 68.0 on
12172.0 20748.0 176.0 88.0 the
12456.0 20748.0 648.0 92.0 President's
13216.0 20748.0 440.0 108.0 original
13772.0 20740.0 296.0 92.0 court

11932.0 20912.0 456.0 116.0 packing
12464.0 20916.0 180.0 96.0 bill
12724.0 20940.0 212.0 68.0 was
13012.0 20948.0 60.0 64.0 a
13148.0 20912.0 480.0 116.0 personal
13704.0 20904.0 364.0 96.0 attack

11928.0 21080.0 132.0 92.0 oh
12144.0 21080.0 172.0 92.0 the
12408.0 21084.0 588.0 100.0 President,
13080.0 21076.0 212.0 96.0 and
13380.0 21080.0 228.0 88.0 that
13696.0 21076.0 80.0 92.0 it
13860.0 21096.0 212.0 68.0 was

11936.0 21248.0 308.0 120.0 being
12344.0 21256.0 256.0 88.0 used
12712.0 21276.0 116.0 64.0 as
12936.0 21276.0 48.0 64.0 a
13100.0 21248.0 564.0 112.0 campaign
13768.0 21240.0 264.0 92.0 docu-

11928.0 21420.0 292.0 88.0 ment
12300.0 21408.0 136.0 120.0 by
12516.0 21420.0 456.0 88.0 enemies
13060.0 21416.0 116.0 88.0 of
13260.0 21416.0 176.0 84.0 the
13520.0 21408.0 552.0 92.0 President

11928.0 21584.0 240.0 92.0 who
12228.0 21608.0 180.0 64.0 are
12480.0 21584.0 472.0 92.0 desirous
13016.0 21580.0 116.0 92.0 of
13192.0 21576.0 460.0 108.0 starting
13720.0 21600.0 56.0 64.0 a
13848.0 21596.0 224.0 68.0 new

11936.0 21748.0 464.0 116.0 political
12508.0 21756.0 328.0 108.0 party.

12060.0 21916.0 388.0 92.0 "There
12548.0 21920.0 84.0 92.0 is
12712.0 21940.0 56.0 64.0 a
12856.0 21912.0 600.0 96.0 movement
13544.0 21932.0 132.0 68.0 on
13772.0 21904.0 304.0 104.0 foot,"

11936.0 22084.0 132.0 92.0 he
12136.0 22080.0 252.0 112.0 said,
12452.0 22084.0 164.0 92.0 "to
12676.0 22080.0 308.0 112.0 bring
13044.0 22080.0 188.0 88.0 out
13300.0 22076.0 220.0 92.0 into
13584.0 22076.0 180.0 88.0 the
13828.0 22068.0 236.0 96.0 field

11940.0 22252.0 112.0 92.0 of
12152.0 22252.0 584.0 112.0 opposition
12840.0 22276.0 60.0 68.0 a
12996.0 22268.0 236.0 64.0 new
13332.0 22264.0 364.0 88.0 group.
13864.0 22240.0 212.0 92.0 The

11940.0 22416.0 704.0 116.0 worshippers
12716.0 22412.0 108.0 92.0 of
12896.0 22416.0 180.0 84.0 the
13156.0 22412.0 380.0 112.0 golden
13612.0 22404.0 220.0 96.0 calf
13900.0 22424.0 176.0 68.0 are

11948.0 22584.0 328.0 112.0 really
12368.0 22580.0 380.0 92.0 behind
12836.0 22572.0 76.0 96.0 it
12996.0 22576.0 176.0 92.0 all.
13316.0 22576.0 288.0 120.0 They
13684.0 22572.0 132.0 92.0 do
13900.0 22568.0 180.0 92.0 not

11944.0 22752.0 212.0 92.0 like
12236.0 22752.0 188.0 88.0 Mr.
12500.0 22740.0 564.0 100.0 Roosevelt
13148.0 22740.0 216.0 92.0 and
13444.0 22740.0 240.0 112.0 they
13764.0 22756.0 320.0 72.0 never

11948.0 22892.0 264.0 96.0 have
12292.0 22884.0 272.0 96.0 liked
12656.0 22880.0 240.0 96.0 him.

12068.0 23024.0 348.0 88.0 "None
12520.0 23040.0 204.0 68.0 can
12836.0 23012.0 280.0 112.0 deny
13228.0 23012.0 240.0 92.0 that
13576.0 23008.0 180.0 92.0 the
13868.0 23028.0 216.0 68.0 ma-

12016.0 23248.0 584.0 100.0 Cnntlnued
12672.0 23248.0 156.0 92.0 On
12904.0 23248.0 300.0 108.0 rage
13284.0 23248.0 88.0 104.0 2,
13440.0 23244.0 436.0 88.0 Column
13952.0 23240.0 80.0 88.0 4.

12080.0 24896.0 332.0 92.0 Three
12512.0 24916.0 240.0 68.0 men
12852.0 24888.0 208.0 96.0 and
13172.0 24912.0 64.0 68.0 a
13332.0 24908.0 404.0 68.0 woman
13840.0 24880.0 236.0 92.0 died

11964.0 25068.0 280.0 92.0 from
12340.0 25072.0 176.0 88.0 the
12624.0 25064.0 248.0 92.0 heat
12976.0 25064.0 108.0 88.0 in
13196.0 25060.0 256.0 88.0 New
13556.0 25052.0 524.0 112.0 England.

11960.0 25240.0 632.0 108.0 Drownings
12752.0 25228.0 584.0 96.0 accounted
13508.0 25224.0 168.0 96.0 for
13836.0 25224.0 244.0 92.0 four

11964.0 25408.0 400.0 92.0 deaths.
12552.0 25408.0 136.0 92.0 At
12816.0 25404.0 404.0 92.0 Boston
13360.0 25392.0 172.0 96.0 the
13668.0 25392.0 408.0 92.0 official

11960.0 25576.0 624.0 120.0 temperatur
12616.0 25600.0 52.0 64.0 e
12708.0 25576.0 148.0 92.0 hit
12928.0 25576.0 112.0 92.0 93
13108.0 25568.0 212.0 92.0 and
13364.0 25568.0 172.0 88.0 the
13576.0 25564.0 504.0 96.0 Weather

11960.0 25756.0 412.0 88.0 Bureau
12460.0 25744.0 464.0 96.0 forecast
13004.0 25764.0 140.0 68.0 no
13236.0 25736.0 612.0 92.0 immediate
13932.0 25760.0 108.0 68.0 re-

11960.0 25896.0 208.0 92.0 lief.
12292.0 25888.0 136.0 92.0 At
12500.0 25880.0 528.0 104.0 Portland,
13104.0 25880.0 384.0 104.0 Maine,
13552.0 25876.0 204.0 88.0 and
13824.0 25876.0 260.0 92.0 New

11960.0 26032.0 400.0 100.0 Haven,
12428.0 26024.0 348.0 92.0 Conn.,
12844.0 26020.0 176.0 84.0 the
13096.0 26016.0 256.0 104.0 high
13424.0 26040.0 216.0 64.0 was
13704.0 26016.0 140.0 92.0 92.

12068.0 26164.0 548.0 104.0 Generally
12776.0 26156.0 208.0 88.0 fdir
13148.0 26152.0 212.0 88.0 and
13520.0 26148.0 568.0 92.0 continued

11952.0 26328.0 320.0 64.0 warm
12344.0 26296.0 464.0 92.0 weilher
12880.0 26316.0 220.0 64.0 was
13176.0 26288.0 504.0 92.0 forecast.

12068.0 26440.0 212.0 88.0 The
12384.0 26436.0 488.0 88.0 Weather
12976.0 26432.0 432.0 88.0 Bureau
13516.0 26436.0 96.0 84.0 at
13732.0 26432.0 316.0 88.0 Wash-

11952.0 26580.0 352.0 104.0 ington
12372.0 26572.0 624.0 88.0 announced
13068.0 26568.0 188.0 92.0 the
13324.0 26568.0 180.0 88.0 hot
13576.0 26564.0 204.0 116.0 pMI
13852.0 26592.0 248.0 64.0 over

11940.0 26720.0 176.0 84.0 the
12172.0 26712.0 320.0 88.0 Great
12552.0 26708.0 360.0 88.0 Plains
12980.0 26708.0 376.0 88.0 "made
13416.0 26708.0 176.0 88.0 the
13656.0 26708.0 260.0 88.0 need
13980.0 26708.0 112.0 92.0 of

11948.0 26852.0 500.0 88.0 moisture
12564.0 26844.0 360.0 88.0 rather
13048.0 26848.0 392.0 100.0 urgent
13556.0 26840.0 108.0 92.0 In
13784.0 26868.0 316.0 76.0 many

11952.0 26980.0 424.0 120.0 places."

12068.0 27124.0 488.0 88.0 Fanners
12652.0 27116.0 236.0 100.0 held
12992.0 27120.0 260.0 112.0 high
13356.0 27120.0 324.0 112.0 hopes
13780.0 27124.0 316.0 112.0 today

11948.0 27260.0 164.0 92.0 for
12172.0 27288.0 60.0 64.0 a
12288.0 27256.0 444.0 112.0 bumper
12792.0 27280.0 248.0 68.0 corn
13108.0 27280.0 292.0 84.0 crop.

12068.0 27400.0 208.0 88.0 The
12364.0 27396.0 268.0 112.0 hope
12716.0 27424.0 216.0 64.0 was
13016.0 27396.0 616.0 112.0 predicated
13720.0 27424.0 128.0 64.0 on
13932.0 27424.0 124.0 64.0 ex-

12032.0 27636.0 592.0 96.0 Continued
12700.0 27640.0 160.0 92.0 On
12936.0 27640.0 296.0 116.0 Page
13304.0 27644.0 88.0 112.0 3,
13460.0 27636.0 452.0 100.0 Column
13988.0 27648.0 84.0 92.0 i.

13808.0 7136.0 360.0 64.0 saw
14392.0 7164.0 20.0 28.0 .
14732.0 7136.0 40.0 64.0 i
14988.0 7184.0 36.0 16.0 .

14368.0 17032.0 776.0 392.0 ARMS,
15296.0 17024.0 824.0 376.0 HANDS

14176.0 17756.0 192.0 212.0 Of
14408.0 17744.0 1256.0 228.0 TorsoVictim
15712.0 17744.0 628.0 220.0 Found

14188.0 18348.0 124.0 124.0 At
14388.0 18348.0 32.0 116.0 (
14476.0 18340.0 96.0 124.0 le
14672.0 18340.0 312.0 128.0 eland
15056.0 18344.0 152.0 156.0 Hy
15272.0 18336.0 364.0 132.0 I'nlice
15708.0 18336.0 268.0 128.0 Who
16048.0 18340.0 292.0 124.0 Hunt

14384.0 18556.0 268.0 128.0 Man
14720.0 18544.0 268.0 128.0 Seen
15052.0 18544.0 376.0 128.0 Throw
15460.0 18540.0 180.0 160.0 ing
15712.0 18540.0 416.0 128.0 Itnnille

14580.0 18748.0 252.0 128.0 Inlii
14904.0 18748.0 600.0 160.0 Ciijiihona
15580.0 18744.0 356.0 132.0 liiver.

14292.0 19256.0 608.0 112.0 Cleveland,
15016.0 19252.0 252.0 116.0 July
15392.0 19248.0 52.0 96.0 7
15640.0 19252.0 276.0 100.0 (AP)
16120.0 19248.0 220.0 92.0 The

14172.0 19428.0 588.0 108.0 Cuyahoga
14824.0 19420.0 320.0 96.0 River
15208.0 19420.0 324.0 112.0 today
15596.0 19416.0 404.0 120.0 yielded
16076.0 19416.0 224.0 92.0 fore-

14172.0 19620.0 288.0 64.0 arms
14520.0 19604.0 216.0 92.0 and
14796.0 19592.0 332.0 96.0 hands
15168.0 19592.0 112.0 88.0 of
15324.0 19584.0 656.0 96.0 Cleveland's
16040.0 19588.0 300.0 96.0 tenth

14180.0 19764.0 288.0 88.0 torso
14568.0 19760.0 380.0 112.0 killing
15048.0 19760.0 372.0 88.0 victim
15444.0 19804.0 56.0 12.0 -
15552.0 19756.0 176.0 88.0 the
15836.0 19780.0 116.0 88.0 pr
16232.0 19756.0 112.0 88.0 of

14176.0 19932.0 180.0 84.0 the
14440.0 19920.0 284.0 120.0 body
14808.0 19928.0 228.0 88.0 that
15120.0 19928.0 336.0 108.0 police
15540.0 19924.0 384.0 108.0 sought,
16016.0 19920.0 104.0 92.0 In
16208.0 19940.0 136.0 72.0 an

14180.0 20092.0 332.0 96.0 effort
14580.0 20096.0 116.0 92.0 to
14760.0 20092.0 504.0 92.0 establish
15340.0 20088.0 824.0 92.0 Identification.

14288.0 20260.0 100.0 92.0 If
14468.0 20260.0 344.0 116.0 police
14892.0 20256.0 280.0 92.0 learn
15268.0 20260.0 280.0 88.0 from
15632.0 20248.0 712.0 116.0 fingerprints

14180.0 20432.0 236.0 92.0 who
14496.0 20436.0 192.0 84.0 the
14780.0 20428.0 348.0 96.0 victim
15224.0 20428.0 112.0 108.0 is,
15424.0 20424.0 80.0 92.0 it
15584.0 20420.0 212.0 96.0 will
15884.0 20416.0 128.0 100.0 be
16100.0 20424.0 248.0 116.0 only

14180.0 20600.0 176.0 92.0 the
14440.0 20596.0 296.0 104.0 third
14820.0 20592.0 784.0 96.0 identification
15688.0 20616.0 400.0 92.0 among
16172.0 20592.0 176.0 92.0 the

14176.0 20772.0 176.0 92.0 ten
14412.0 20788.0 452.0 92.0 persons
14920.0 20764.0 348.0 92.0 whose
15328.0 20764.0 360.0 92.0 bodies
15748.0 20760.0 272.0 92.0 have
16084.0 20756.0 260.0 96.0 been

14180.0 20932.0 528.0 100.0 dissected
14776.0 20928.0 128.0 116.0 by
14964.0 20932.0 168.0 88.0 the
15204.0 20924.0 240.0 96.0 mud
15512.0 20924.0 476.0 96.0 butcher.

14300.0 21096.0 216.0 92.0 The
14652.0 21092.0 528.0 104.0 identities
15304.0 21092.0 116.0 92.0 of
15536.0 21116.0 316.0 68.0 seven
15980.0 21096.0 368.0 88.0 others

14188.0 21288.0 272.0 64.0 were
14564.0 21268.0 212.0 88.0 lost
14872.0 21264.0 292.0 92.0 when
15272.0 21264.0 256.0 108.0 they
15624.0 21264.0 280.0 84.0 went
16012.0 21260.0 340.0 92.0 under

14188.0 21440.0 172.0 80.0 the
14440.0 21432.0 296.0 88.0 torso
14812.0 21432.0 384.0 92.0 killer's
15276.0 21432.0 736.0 88.0 instruments.

14292.0 21596.0 772.0 108.0 Investigation
15136.0 21596.0 348.0 88.0 aimed
15548.0 21604.0 112.0 76.0 at
15712.0 21588.0 400.0 104.0 ending
16176.0 21592.0 172.0 88.0 the

14188.0 21768.0 324.0 96.0 series
14588.0 21768.0 124.0 88.0 of
14784.0 21764.0 480.0 96.0 murders
15340.0 21788.0 252.0 68.0 over
15664.0 21788.0 56.0 68.0 a
15804.0 21768.0 364.0 112.0 period
16244.0 21764.0 112.0 92.0 of

14184.0 21936.0 296.0 88.0 three
14580.0 21956.0 316.0 92.0 years
14984.0 21940.0 504.0 92.0 centered
15584.0 21956.0 132.0 64.0 on
15816.0 21960.0 56.0 64.0 a
15972.0 21936.0 376.0 88.0 search

14192.0 22100.0 168.0 92.0 for
14428.0 22124.0 64.0 68.0 a
14568.0 22128.0 252.0 68.0 man
14892.0 22124.0 244.0 68.0 seen
15216.0 22100.0 536.0 108.0 throwing
15828.0 22132.0 56.0 64.0 a
15964.0 22096.0 384.0 96.0 bundle

14188.0 22268.0 220.0 92.0 into
14472.0 22272.0 188.0 92.0 the
14724.0 22268.0 272.0 96.0 river
15056.0 22268.0 400.0 112.0 Friday
15520.0 22268.0 332.0 108.0 night.
15976.0 22268.0 84.0 88.0 A
16132.0 22288.0 184.0 92.0 per-

14188.0 22460.0 192.0 68.0 son
14496.0 22432.0 364.0 96.0 whose
14972.0 22432.0 456.0 112.0 identity
15540.0 22456.0 220.0 72.0 was
15872.0 22428.0 476.0 120.0 guarded

14188.0 22600.0 396.0 116.0 closely
14676.0 22596.0 216.0 96.0 told
14984.0 22600.0 336.0 116.0 police
15416.0 22604.0 128.0 88.0 he
15632.0 22624.0 224.0 72.0 saw
15936.0 22628.0 68.0 64.0 a
16100.0 22620.0 248.0 68.0 man

14188.0 22768.0 280.0 92.0 walk
14580.0 22772.0 116.0 88.0 to
14800.0 22768.0 176.0 92.0 the
15076.0 22764.0 372.0 92.0 center
15552.0 22768.0 116.0 92.0 of
15768.0 22764.0 180.0 92.0 the
16052.0 22760.0 296.0 96.0 West

14184.0 22936.0 332.0 100.0 Third
14576.0 22932.0 356.0 96.0 Street
14984.0 22932.0 392.0 116.0 Bridge
15436.0 22936.0 212.0 92.0 and
15708.0 22928.0 332.0 92.0 heave
16104.0 22952.0 248.0 68.0 over

14184.0 23100.0 184.0 96.0 the
14436.0 23100.0 204.0 92.0 rail
14704.0 23124.0 64.0 68.0 a
14832.0 23096.0 376.0 100.0 bundle
15276.0 23100.0 504.0 108.0 wrapped
15852.0 23096.0 100.0 92.0 in
16020.0 23120.0 292.0 68.0 news-

14188.0 23288.0 420.0 92.0 papers.
14308.0 23428.0 224.0 96.0 The
14632.0 23452.0 328.0 96.0 upper
15056.0 23432.0 240.0 108.0 part
15400.0 23428.0 112.0 92.0 of
15604.0 23428.0 176.0 92.0 the
15876.0 23424.0 472.0 96.0 bisected

14188.0 23600.0 296.0 92.0 torso
14612.0 23624.0 200.0 64.0 one
14876.0 23604.0 108.0 96.0 of
15044.0 23596.0 216.0 92.0 five
15328.0 23596.0 600.0 108.0 fragments
15996.0 23596.0 120.0 92.0 of
16176.0 23596.0 172.0 92.0 the

14188.0 23764.0 272.0 112.0 body
14592.0 23764.0 256.0 92.0 first
14968.0 23760.0 332.0 96.0 found
15428.0 23756.0 572.0 116.0 yesterday
16136.0 23784.0 212.0 68.0 was

14184.0 23928.0 508.0 116.0 wrapped
14756.0 23932.0 100.0 92.0 in
14920.0 23952.0 708.0 84.0 newspapers,
15696.0 23924.0 332.0 112.0 police
16088.0 23924.0 256.0 96.0 said.

14304.0 24096.0 84.0 92.0 A
14464.0 24096.0 180.0 92.0 bur
14680.0 24100.0 100.0 108.0 ly
14848.0 24116.0 268.0 88.0 man,
15192.0 24092.0 328.0 92.0 about
15588.0 24096.0 116.0 84.0 40
15768.0 24116.0 312.0 88.0 years
16148.0 24088.0 196.0 108.0 old,

14184.0 24260.0 52.0 92.0 5
14308.0 24264.0 216.0 88.0 feet
14588.0 24260.0 60.0 92.0 6
14720.0 24284.0 116.0 68.0 or
14900.0 24256.0 48.0 96.0 7
15016.0 24256.0 372.0 92.0 Inches
15456.0 24256.0 216.0 108.0 tall,
15740.0 24260.0 208.0 92.0 and
16028.0 24284.0 280.0 64.0 wear-

14188.0 24428.0 172.0 116.0 ing
14436.0 24452.0 140.0 72.0 an
14656.0 24424.0 384.0 96.0 overall
15116.0 24424.0 368.0 116.0 jacket
15552.0 24420.0 208.0 92.0 and
15832.0 24420.0 168.0 92.0 old
16076.0 24420.0 272.0 96.0 dark

14184.0 24596.0 192.0 92.0 felt
14440.0 24592.0 224.0 108.0 hat,
14724.0 24616.0 216.0 68.0 was
14996.0 24592.0 396.0 108.0 soirght
15448.0 24612.0 128.0 64.0 on
15644.0 24592.0 180.0 88.0 the
15888.0 24588.0 424.0 112.0 descrip-

14188.0 24764.0 220.0 88.0 tion
14480.0 24760.0 316.0 108.0 given
14868.0 24760.0 132.0 112.0 by
15060.0 24760.0 180.0 88.0 the
15320.0 24756.0 428.0 96.0 witness
15820.0 24756.0 236.0 92.0 who
16132.0 24756.0 212.0 88.0 met

14184.0 24928.0 220.0 96.0 him
14464.0 24952.0 140.0 68.0 on
14664.0 24928.0 180.0 88.0 the
14900.0 24924.0 392.0 108.0 bridge.

14184.0 25220.0 480.0 232.0 Heat
14748.0 25220.0 468.0 228.0 Here
15312.0 25216.0 240.0 220.0 To
15632.0 25216.0 532.0 284.0 Stay;

14356.0 25564.0 844.0 272.0 Mercury
15272.0 25548.0 784.0 228.0 Touches
16116.0 25556.0 232.0 220.0 90

14324.0 26092.0 292.0 92.0 With
14740.0 26096.0 168.0 84.0 the
15020.0 26112.0 484.0 84.0 mercury
15620.0 26080.0 512.0 112.0 climbing
16244.0 26088.0 104.0 88.0 to

14196.0 26264.0 112.0 84.0 90
14368.0 26260.0 448.0 104.0 degrees
14884.0 26264.0 92.0 84.0 In
15040.0 26260.0 180.0 88.0 the
15284.0 26256.0 592.0 104.0 afternoon,
15944.0 26256.0 360.0 108.0 yester-

14200.0 26432.0 196.0 108.0 day
14488.0 26456.0 220.0 68.0 was
14796.0 26428.0 168.0 92.0 the
15048.0 26428.0 484.0 88.0 warmest
15632.0 26420.0 200.0 108.0 day
15916.0 26424.0 104.0 88.0 in
16112.0 26416.0 184.0 96.0 Cin-

14200.0 26600.0 404.0 88.0 cinnati
14704.0 26596.0 280.0 88.0 since
15076.0 26592.0 280.0 92.0 June
15452.0 26588.0 132.0 112.0 26,
15684.0 26584.0 304.0 88.0 when
16092.0 26588.0 208.0 84.0 tem-

14204.0 26768.0 560.0 108.0 peratures
14820.0 26760.0 440.0 88.0 reached
15324.0 26756.0 112.0 92.0 92
15488.0 26756.0 464.0 108.0 degrees.
16016.0 26752.0 152.0 92.0 W.
16236.0 26752.0 104.0 88.0 B.

14204.0 26932.0 576.0 100.0 Si-hlomcr,
14856.0 26932.0 356.0 104.0 acting
15292.0 26920.0 824.0 112.0 meteorologist,
16204.0 26944.0 104.0 68.0 re-

14208.0 27100.0 392.0 112.0 ported.
14740.0 27096.0 72.0 88.0 A
14916.0 27092.0 192.0 92.0 low
15204.0 27096.0 116.0 88.0 of
15420.0 27092.0 112.0 92.0 7u
15624.0 27088.0 472.0 112.0 degrees,
16200.0 27108.0 104.0 68.0 re-

14204.0 27236.0 376.0 92.0 corded
14676.0 27228.0 288.0 112.0 early
15048.0 27228.0 100.0 92.0 In
15244.0 27228.0 180.0 92.0 the
15508.0 27228.0 236.0 108.0 day,
15828.0 27228.0 244.0 108.0 kept
16172.0 27224.0 172.0 84.0 the

14204.0 27392.0 460.0 84.0 average
14744.0 27368.0 292.0 88.0 down
15120.0 27368.0 108.0 84.0 to
15300.0 27360.0 240.0 116.0 only
15628.0 27364.0 204.0 88.0 five
15908.0 27360.0 440.0 112.0 degrees

14204.0 27504.0 328.0 92.0 above
14640.0 27500.0 424.0 88.0 normal.
15160.0 27496.0 368.0 112.0 Today
15616.0 27492.0 204.0 96.0 will
15920.0 27492.0 124.0 92.0 be
16148.0 27492.0 200.0 92.0 fair

14180.0 27648.0 212.0 96.0 and
14452.0 27632.0 568.0 104.0 continued
15084.0 27656.0 372.0 68.0 warm.

16496.0 5568.0 952.0 456.0 FEEBLE
17560.0 5560.0 840.0 456.0 FLASH

16384.0 6412.0 492.0 260.0 Fits
16976.0 6404.0 792.0 264.0 Flier's
17868.0 6388.0 672.0 276.0 Band.

16404.0 7124.0 624.0 220.0 Climax
17108.0 7128.0 192.0 200.0 Of
17368.0 7128.0 500.0 236.0 Quest
17940.0 7104.0 612.0 224.0 Awaits

16476.0 7460.0 644.0 216.0 Arrival
17208.0 7460.0 196.0 204.0 Of
17484.0 7448.0 964.0 272.0 Lexington.

16404.0 8048.0 536.0 164.0 Carrier
17060.0 8040.0 128.0 160.0 Is
17308.0 8036.0 600.0 192.0 Nearing
18020.0 8028.0 532.0 172.0 Hawaii

16520.0 8276.0 380.0 168.0 With
17064.0 8276.0 156.0 160.0 98
17392.0 8272.0 592.0 164.0 Aircraft
18148.0 8268.0 264.0 164.0 For

16712.0 8500.0 788.0 208.0 Launching
17572.0 8508.0 156.0 160.0 In
17804.0 8508.0 424.0 160.0 Hunt.

16508.0 9020.0 432.0 96.0 Aboard
17000.0 9020.0 108.0 100.0 I!.
17164.0 9016.0 92.0 96.0 S.
17316.0 9016.0 100.0 96.0 S,
17480.0 9008.0 548.0 124.0 Colorado,
18084.0 9008.0 256.0 116.0 July
18396.0 9000.0 48.0 104.0 T

16416.0 9184.0 268.0 104.0 (AD
16892.0 9184.0 328.0 96.0 Three
17400.0 9184.0 372.0 108.0 planes
17936.0 9164.0 628.0 120.0 catapulted

16404.0 9352.0 272.0 100.0 from
16788.0 9352.0 184.0 96.0 the
17084.0 9340.0 852.0 124.0 battleship
18052.0 9336.0 528.0 104.0 Colorado

16404.0 9516.0 528.0 100.0 launched
17032.0 9516.0 176.0 96.0 the
17308.0 9508.0 376.0 116.0 navy's
17776.0 9508.0 328.0 100.0 aerial
18268.0 9504.0 320.0 100.0 eareli

16412.0 9688.0 156.0 96.0 for
16712.0 9688.0 412.0 92.0 Amelia
17272.0 9684.0 196.0 92.0 Km
17504.0 9680.0 328.0 96.0 hurt's
17976.0 9668.0 576.0 108.0 roundfte-

16412.0 9856.0 324.0 96.0 world
16840.0 9856.0 308.0 116.0 plane
17240.0 9852.0 468.0 116.0 tonight,
17800.0 9844.0 188.0 100.0 hut
18084.0 9848.0 240.0 92.0 relit
18528.0 9832.0 60.0 104.0 (I

16412.0 10032.0 288.0 92.0 after
16780.0 10028.0 216.0 92.0 two
17068.0 10024.0 328.0 92.0 hours
17464.0 10024.0 116.0 92.0 to
17660.0 10016.0 356.0 120.0 report
18092.0 10040.0 140.0 68.0 no
18312.0 10016.0 284.0 92.0 trace

16416.0 10192.0 424.0 120.0 sighted
16912.0 10192.0 112.0 96.0 nf
17088.0 10192.0 180.0 92.0 the
17328.0 10184.0 456.0 116.0 missing
17848.0 10180.0 244.0 104.0 flier
18160.0 10176.0 212.0 104.0 and
18420.0 10176.0 180.0 100.0 her

16416.0 10364.0 604.0 112.0 navigator,
17092.0 10356.0 268.0 100.0 Fred
17448.0 10360.0 480.0 92.0 Nonnan.

16532.0 10636.0 584.0 112.0 Honolulu,
17184.0 10636.0 252.0 116.0 July
17508.0 10632.0 60.0 100.0 7
17836.0 10628.0 260.0 104.0 U'S)
18376.0 10628.0 208.0 100.0 The

16424.0 10808.0 304.0 92.0 three
16836.0 10804.0 300.0 92.0 scout
17240.0 10804.0 380.0 120.0 plHnes
17720.0 10804.0 112.0 96.0 of
17932.0 10808.0 180.0 88.0 the
18220.0 10800.0 332.0 96.0 battle

16424.0 10972.0 236.0 120.0 ship
16748.0 10972.0 544.0 112.0 Colorado,
17376.0 10968.0 572.0 116.0 searching
18028.0 10972.0 176.0 92.0 for
18300.0 10964.0 252.0 100.0 Ame

16440.0 11140.0 140.0 96.0 lia
16728.0 11140.0 468.0 96.0 Earhart
17340.0 11140.0 212.0 92.0 and
17708.0 11140.0 180.0 96.0 her
18008.0 11136.0 592.0 112.0 navigator,

16436.0 11332.0 280.0 72.0 were
16840.0 11308.0 608.0 116.0 catapulted
17576.0 11308.0 272.0 96.0 from
17976.0 11308.0 188.0 92.0 her
18288.0 11300.0 312.0 96.0 decks

16436.0 11476.0 204.0 100.0 late
16756.0 11476.0 344.0 116.0 today,
17212.0 11476.0 208.0 96.0 and
17544.0 11472.0 700.0 120.0 disappeared
18360.0 11492.0 240.0 76.0 Over

16432.0 11644.0 172.0 96.0 the
16696.0 11644.0 424.0 96.0 horlron
17212.0 11644.0 372.0 96.0 within
17668.0 11668.0 64.0 68.0 a
17820.0 11644.0 200.0 96.0 few
18104.0 11640.0 488.0 112.0 minutes,

16432.0 11816.0 312.0 88.0 naval
16836.0 11816.0 292.0 92.0 radio
17204.0 11812.0 260.0 96.0 here
17552.0 11836.0 220.0 72.0 was
17852.0 11808.0 532.0 96.0 Informed
18464.0 11804.0 128.0 120.0 by

16436.0 11976.0 172.0 100.0 the
16680.0 11980.0 692.0 96.0 commander
17440.0 11988.0 120.0 92.0 of
17628.0 11980.0 172.0 96.0 the
17868.0 11976.0 552.0 96.0 Colorado.

16548.0 12144.0 228.0 96.0 The
16868.0 12148.0 288.0 92.0 Ihree
17248.0 12152.0 404.0 112.0 plants,
17740.0 12148.0 280.0 96.0 af'er
18108.0 12152.0 484.0 108.0 Booming

16436.0 12312.0 300.0 112.0 aloft,
16848.0 12320.0 236.0 92.0 flew
17188.0 12316.0 108.0 96.0 in
17496.0 12336.0 52.0 72.0 s
17656.0 12340.0 316.0 88.0 many
18072.0 12316.0 512.0 96.0 different

16432.0 12480.0 604.0 96.0 dircct'nns,

16548.0 12644.0 308.0 96.0 Each
16992.0 12652.0 80.0 88.0 Is
17196.0 12644.0 528.0 124.0 equipped
17856.0 12656.0 252.0 100.0 with
18256.0 12648.0 292.0 100.0 rsdlo-

16440.0 12816.0 436.0 116.0 phones,
16976.0 12812.0 408.0 124.0 linking
17492.0 12824.0 68.0 88.0 It
17668.0 12824.0 248.0 92.0 with
18012.0 12824.0 188.0 92.0 the
18304.0 12824.0 288.0 96.0 radio

16432.0 12984.0 416.0 96.0 control
16932.0 13008.0 280.0 76.0 room
17288.0 12988.0 124.0 96.0 of
17484.0 12988.0 176.0 92.0 the
17740.0 12988.0 556.0 104.0 Colorado.

16680.0 13252.0 416.0 100.0 WF.AK
17172.0 13256.0 592.0 96.0 SIGNALS
17832.0 13260.0 532.0 96.0 HEARD.

16548.0 13440.0 572.0 120.0 Honolulu,
17204.0 13456.0 252.0 112.0 July
17548.0 13452.0 472.0 100.0 7-AP
18276.0 13452.0 324.0 100.0 Weak

16432.0 13620.0 744.0 92.0 carrier-wave
17260.0 13624.0 440.0 112.0 signals,
17776.0 13624.0 472.0 120.0 possibly
18336.0 13628.0 268.0 96.0 from

16440.0 13788.0 176.0 96.0 the
16684.0 13792.0 304.0 92.0 radio
17048.0 13796.0 108.0 92.0 of
17220.0 13796.0 424.0 96.0 Amelia
17696.0 13792.0 560.0 104.0 Earhart's
18320.0 13800.0 244.0 92.0 miss-

16444.0 13956.0 176.0 116.0 ing
16684.0 13960.0 668.0 116.0 monoplane,
17412.0 13988.0 280.0 76.0 were
17752.0 13964.0 496.0 116.0 reported
18292.0 13964.0 316.0 96.0 heard

16444.0 14132.0 328.0 104.0 again
16828.0 14132.0 316.0 116.0 today
17196.0 14132.0 132.0 112.0 by
17392.0 14132.0 180.0 92.0 the
17628.0 14128.0 312.0 100.0 Coast
17996.0 14132.0 372.0 96.0 Guard
18408.0 14132.0 208.0 120.0 Just

16452.0 14316.0 120.0 72.0 as
16644.0 14296.0 276.0 108.0 hope
16988.0 14304.0 160.0 88.0 for
17216.0 14304.0 184.0 88.0 the
17476.0 14300.0 352.0 112.0 safety
17892.0 14300.0 112.0 92.0 of
18068.0 14304.0 556.0 96.0 aviation's

16456.0 14456.0 248.0 104.0 first
16788.0 14460.0 240.0 116.0 lady
17108.0 14464.0 268.0 96.0 sank
17472.0 14468.0 108.0 96.0 to
17664.0 14468.0 136.0 92.0 its
17884.0 14464.0 372.0 100.0 lowest
18340.0 14468.0 284.0 120.0 point

16448.0 14628.0 292.0 100.0 since
16808.0 14636.0 188.0 92.0 she
17056.0 14632.0 708.0 120.0 disappeared
17836.0 14640.0 248.0 96.0 with
18156.0 14640.0 192.0 96.0 her
18380.0 14660.0 204.0 96.0 nav-

16448.0 14796.0 352.0 116.0 igator
16876.0 14804.0 96.0 92.0 in
17048.0 14800.0 676.0 100.0 mid-Pacific
17796.0 14804.0 204.0 96.0 last
18072.0 14808.0 424.0 116.0 Friday.

16548.0 14964.0 668.0 100.0 Authorities
17276.0 14972.0 400.0 116.0 agreed
17748.0 14972.0 228.0 96.0 that
18044.0 14976.0 92.0 96.0 If
18200.0 14976.0 180.0 96.0 the
18420.0 14980.0 156.0 116.0 sig-

16436.0 15132.0 236.0 92.0 nals
16732.0 15160.0 304.0 68.0 came
17100.0 15140.0 268.0 96.0 from
17440.0 15144.0 180.0 92.0 the
17684.0 15140.0 308.0 116.0 plane
18056.0 15140.0 268.0 96.0 Miss
18364.0 15144.0 208.0 100.0 Ear-

16436.0 15300.0 244.0 100.0 hart
16796.0 15304.0 204.0 96.0 and
17120.0 15308.0 184.0 92.0 her
17420.0 15312.0 588.0 112.0 navigator,
18128.0 15312.0 280.0 100.0 Fred
18512.0 15308.0 100.0 108.0 J.

16432.0 15464.0 488.0 116.0 Noonnn,
17020.0 15480.0 272.0 92.0 must
17400.0 15472.0 276.0 100.0 have
17776.0 15476.0 456.0 104.0 reached
18340.0 15476.0 264.0 116.0 land,

16432.0 15636.0 456.0 100.0 because
16948.0 15644.0 172.0 96.0 the
17172.0 15644.0 304.0 100.0 radio
17536.0 15648.0 336.0 100.0 would
17932.0 15648.0 184.0 100.0 not
18176.0 15656.0 428.0 116.0 operate

16436.0 15804.0 208.0 104.0 had
16708.0 15812.0 184.0 92.0 the
16960.0 15816.0 296.0 112.0 plane
17324.0 15812.0 480.0 116.0 alighted
17868.0 15844.0 132.0 72.0 on
18068.0 15824.0 368.0 92.0 water.

16888.0 15980.0 724.0 100.0 ItKADI.INE
17692.0 15984.0 124.0 96.0 IS
17892.0 15984.0 296.0 104.0 SKT.

16568.0 16184.0 480.0 96.0 Admiral
17172.0 16188.0 112.0 92.0 O.
17420.0 16188.0 120.0 96.0 O.
17684.0 16184.0 432.0 120.0 Murfln,
18260.0 16192.0 344.0 100.0 native

16456.0 16352.0 412.0 96.0 Ohioan
16972.0 16356.0 528.0 124.0 directing
17596.0 16356.0 176.0 96.0 the
17872.0 16356.0 424.0 120.0 search,
18388.0 16360.0 216.0 100.0 said

16452.0 16524.0 324.0 112.0 today
16856.0 16524.0 64.0 92.0 II
17004.0 16528.0 376.0 92.0 should
17464.0 16528.0 124.0 92.0 be
17676.0 16528.0 380.0 100.0 known
18140.0 16528.0 148.0 116.0 by
18356.0 16528.0 208.0 100.0 mid-

16452.0 16664.0 564.0 88.0 Hfternoon
17172.0 16660.0 480.0 120.0 Monday
17804.0 16668.0 488.0 92.0 whether
18436.0 16672.0 172.0 92.0 the

16452.0 16828.0 412.0 92.0 iound-1
16896.0 16828.0 496.0 100.0 he-world
17472.0 16836.0 248.0 96.0 flier
17784.0 16836.0 208.0 100.0 and
18064.0 16832.0 196.0 100.0 her
18336.0 16832.0 232.0 100.0 navi-

16448.0 17000.0 312.0 104.0 gator
16820.0 17020.0 180.0 68.0 are
17056.0 16996.0 272.0 96.0 alive
17388.0 17024.0 120.0 72.0 or
17572.0 17000.0 292.0 100.0 dead.

16548.0 17156.0 276.0 96.0 Miss
16924.0 17160.0 560.0 100.0 Earhart'a
17580.0 17160.0 528.0 116.0 husband,
18204.0 17168.0 404.0 116.0 George

16440.0 17328.0 428.0 92.0 Palmer
16976.0 17332.0 500.0 112.0 Putnam,
17592.0 17332.0 212.0 96.0 and
17904.0 17332.0 328.0 96.0 other
18340.0 17360.0 236.0 72.0 asso-

16436.0 17496.0 368.0 112.0 ciates',
16880.0 17500.0 300.0 116.0 clung
17264.0 17508.0 116.0 88.0 to
17452.0 17504.0 192.0 96.0 the
17724.0 17504.0 316.0 100.0 belief
18116.0 17504.0 252.0 96.0 that
18436.0 17508.0 180.0 96.0 tlm

16440.0 17668.0 464.0 92.0 avlntrix
16988.0 17668.0 376.0 96.0 landed
17456.0 17696.0 136.0 68.0 on
17688.0 17696.0 284.0 68.0 some
18060.0 17668.0 356.0 100.0 Island
18496.0 17696.0 120.0 80.0 or

16440.0 17840.0 288.0 92.0 coral
16840.0 17840.0 576.0 96.0 formation
17520.0 17844.0 240.0 92.0 east
17856.0 17868.0 120.0 68.0 or
18076.0 17844.0 328.0 92.0 south
18508.0 17844.0 112.0 96.0 of

16440.0 18004.0 556.0 100.0 Howland.

16552.0 18176.0 336.0 96.0 Coast
17016.0 18176.0 352.0 96.0 uiiard
17496.0 18176.0 496.0 96.0 llsteneis
18116.0 18180.0 496.0 112.0 reported

16448.0 18352.0 172.0 88.0 Ihe
16732.0 18352.0 456.0 88.0 "carrier
17288.0 18344.0 360.0 100.0 wave"
17752.0 18344.0 408.0 116.0 signals
18272.0 18348.0 340.0 96.0 which

16444.0 18516.0 344.0 108.0 began
16896.0 18520.0 416.0 120.0 coming
17412.0 18516.0 112.0 92.0 in
17624.0 18544.0 132.0 64.0 on
17856.0 18516.0 180.0 92.0 the
18140.0 18512.0 476.0 104.0 Earhart

16444.0 18688.0 408.0 116.0 plane's
16940.0 18712.0 280.0 68.0 wave
17312.0 18688.0 376.0 112.0 length
17780.0 18684.0 544.0 116.0 Saturday
18408.0 18684.0 204.0 96.0 and

16444.0 18860.0 576.0 92.0 continued
17116.0 18860.0 448.0 112.0 nightly.
17720.0 18852.0 292.0 120.0 They
18104.0 18852.0 240.0 96.0 said
18436.0 18852.0 176.0 92.0 thi

16444.0 19028.0 232.0 112.0 sign
16716.0 19028.0 140.0 88.0 ils
16920.0 19028.0 308.0 116.0 today
17288.0 19052.0 280.0 68.0 were
17632.0 19024.0 328.0 96.0 weak.

16564.0 19196.0 468.0 96.0 Putnam
17124.0 19196.0 560.0 96.0 described
17768.0 19220.0 120.0 68.0 as
17980.0 19192.0 636.0 96.0 "fantastic"

16448.0 19372.0 28.0 84.0 t
16500.0 19372.0 124.0 88.0 ha
16708.0 19368.0 248.0 112.0 only
17032.0 19372.0 304.0 88.0 other
17412.0 19364.0 312.0 96.0 radio
17808.0 19360.0 812.0 100.0 manifentation

16452.0 19536.0 492.0 112.0 reported
17060.0 19536.0 396.0 112.0 during
17580.0 19540.0 184.0 88.0 the
17880.0 19532.0 300.0 116.0 e.iily
18304.0 19532.0 320.0 96.0 hours

16448.0 19708.0 216.0 92.0 this
16756.0 19704.0 876.0 116.0 morningthat
17712.0 19704.0 112.0 96.0 of
17904.0 19724.0 140.0 72.0 an
18128.0 19700.0 496.0 96.0 Oakland

16448.0 19880.0 536.0 104.0 amateur,
17076.0 19876.0 244.0 96.0 who
17480.0 19876.0 172.0 92.0 aid
17756.0 19872.0 128.0 100.0 he
17984.0 19872.0 212.0 92.0 had
18308.0 19868.0 316.0 96.0 heard

16452.0 20048.0 264.0 96.0 Miss
16796.0 20048.0 464.0 96.0 Earhart
17328.0 20044.0 768.0 112.0 broadcasting
18164.0 20044.0 216.0 96.0 "we
18448.0 20064.0 172.0 68.0 are

16456.0 20220.0 280.0 96.0 okeh
16812.0 20244.0 136.0 68.0 on
17020.0 20244.0 60.0 68.0 a
17152.0 20216.0 296.0 96.0 coral
17524.0 20212.0 312.0 96.0 reef."

16844.0 20420.0 460.0 96.0 IILADS
17392.0 20420.0 296.0 92.0 FOR
17768.0 20416.0 496.0 96.0 BF.EFS.

16572.0 20592.0 488.0 120.0 Nearing
17136.0 20596.0 180.0 88.0 the
17388.0 20612.0 264.0 72.0 area
17728.0 20584.0 428.0 120.0 pointed
18240.0 20580.0 176.0 96.0 out
18496.0 20580.0 128.0 120.0 by

16460.0 20760.0 472.0 92.0 Putnam
17044.0 20764.0 200.0 84.0 and
17356.0 20764.0 372.0 88.0 others
17832.0 20780.0 116.0 64.0 as
18056.0 20752.0 188.0 92.0 the
18352.0 20752.0 264.0 92.0 most

16456.0 20932.0 324.0 112.0 likely
16852.0 20932.0 288.0 112.0 place
17208.0 20940.0 108.0 84.0 to
17380.0 20932.0 416.0 96.0 search,
17856.0 20924.0 176.0 88.0 the
18100.0 20916.0 512.0 96.0 Colorado

16456.0 21104.0 416.0 92.0 headed
17064.0 21100.0 244.0 92.0 first
17512.0 21092.0 400.0 96.0 toward
18120.0 21084.0 496.0 96.0 Winslow

16460.0 21240.0 408.0 104.0 Banks,
16964.0 21260.0 52.0 68.0 a
17112.0 21236.0 244.0 112.0 long
17456.0 21232.0 232.0 92.0 reef
17776.0 21224.0 580.0 92.0 formation
18448.0 21220.0 164.0 92.0 175

16460.0 21376.0 308.0 92.0 miles
16864.0 21380.0 224.0 88.0 east
17188.0 21380.0 112.0 88.0 of
17400.0 21376.0 180.0 88.0 the
17688.0 21368.0 256.0 92.0 little
18044.0 21356.0 560.0 96.0 American

16460.0 21516.0 344.0 88.0 island
16944.0 21512.0 336.0 92.0 which
17420.0 21512.0 264.0 88.0 Miss
17816.0 21496.0 464.0 96.0 Earhart
18404.0 21496.0 204.0 92.0 and

16464.0 21652.0 452.0 92.0 Noonan
17032.0 21648.0 316.0 92.0 failed
17468.0 21652.0 108.0 80.0 to
17688.0 21640.0 308.0 96.0 reach
18116.0 21636.0 104.0 88.0 in
18340.0 21632.0 268.0 96.0 their

16456.0 21792.0 460.0 108.0 attempt
16980.0 21788.0 96.0 88.0 to
17140.0 21788.0 144.0 108.0 fly
17340.0 21780.0 268.0 104.0 2,570
17668.0 21776.0 288.0 92.0 miles
18012.0 21772.0 288.0 92.0 from
18360.0 21768.0 248.0 96.0 New

16456.0 21924.0 420.0 92.0 Guinea
16944.0 21932.0 104.0 80.0 to
17112.0 21920.0 552.0 92.0 Howland.

16616.0 22060.0 224.0 96.0 The
16884.0 22056.0 504.0 96.0 Colorado
17432.0 22048.0 676.0 116.0 presumably
18152.0 22048.0 468.0 96.0 refueled

16464.0 22200.0 172.0 88.0 the
16744.0 22200.0 348.0 88.0 Itasca
17184.0 22192.0 172.0 92.0 100
17452.0 22188.0 300.0 92.0 miles
17848.0 22188.0 564.0 92.0 northeast
18500.0 22188.0 112.0 96.0 of

16460.0 22332.0 528.0 92.0 Howland
17076.0 22332.0 196.0 88.0 and
17372.0 22324.0 256.0 92.0 both
17720.0 22320.0 584.0 124.0 proceeded
18396.0 22324.0 216.0 96.0 into

16468.0 22468.0 176.0 92.0 the
16756.0 22468.0 496.0 92.0 southern
17368.0 22460.0 336.0 112.0 phase
17812.0 22464.0 108.0 88.0 of
18024.0 22460.0 188.0 96.0 the
18320.0 22464.0 304.0 116.0 great

16464.0 22604.0 300.0 96.0 hunt.

16572.0 22740.0 228.0 92.0 The
16924.0 22736.0 760.0 112.0 Minesweeper
17800.0 22736.0 344.0 108.0 Swan,
18272.0 22736.0 340.0 96.0 which

16464.0 22872.0 376.0 116.0 helped
16940.0 22876.0 176.0 88.0 the
17212.0 22872.0 368.0 92.0 Itasca
17680.0 22872.0 376.0 92.0 search
18160.0 22896.0 68.0 72.0 a
18328.0 22876.0 292.0 108.0 great

16464.0 23036.0 256.0 68.0 area
16840.0 23008.0 312.0 92.0 north
17276.0 23008.0 120.0 92.0 of
17516.0 23012.0 536.0 100.0 Howland
18176.0 23008.0 444.0 100.0 without

16512.0 23244.0 600.0 96.0 Continued
17188.0 23248.0 172.0 92.0 On
17432.0 23248.0 300.0 108.0 Tage
17804.0 23248.0 84.0 112.0 2,
17960.0 23248.0 460.0 96.0 Column
18488.0 23248.0 84.0 96.0 X.

16512.0 23684.0 2096.0 108.0 JitllllMIIIMHIIItllltlllftlMMtllllltlllllHItMtlllllllllllHQ

16464.0 23952.0 32.0 152.0 j
16988.0 23936.0 328.0 144.0 Tliis
17420.0 23940.0 672.0 168.0 Morning

17452.0 24260.0 144.0 84.0 in

16724.0 24480.0 408.0 156.0 THK
17256.0 24476.0 1048.0 208.0 ENQUIRER

16464.0 24876.0 32.0 120.0 I
18136.0 24884.0 292.0 116.0 Page

16632.0 25060.0 420.0 92.0 Review
17120.0 25056.0 104.0 88.0 nf
17300.0 25056.0 316.0 88.0 News
18376.0 25052.0 52.0 96.0 t

16628.0 25228.0 568.0 88.0 F.ditoriuls
18380.0 25224.0 52.0 92.0 1

16628.0 25396.0 360.0 96.0 Frank
17056.0 25396.0 116.0 92.0 R.
17236.0 25392.0 288.0 88.0 Kent
18376.0 25392.0 52.0 92.0 i

16464.0 25536.0 32.0 120.0 I
16624.0 25568.0 400.0 92.0 Waller
17100.0 25560.0 596.0 112.0 Llppmann
18208.0 25616.0 32.0 44.0 ,
18376.0 25560.0 52.0 92.0 4

16464.0 25768.0 32.0 52.0 :
16628.0 25736.0 740.0 88.0 Amusement-.
18376.0 25732.0 56.0 88.0 8

16464.0 25932.0 28.0 52.0 :
16620.0 25900.0 336.0 96.0 Serial
17032.0 25900.0 340.0 88.0 Storle
18376.0 25900.0 52.0 88.0 8

16460.0 26092.0 32.0 60.0 :
16624.0 26068.0 528.0 92.0 Woman's
17236.0 26068.0 284.0 104.0 Page
18376.0 26068.0 52.0 88.0 It

16460.0 26260.0 32.0 56.0 :
16624.0 26240.0 416.0 108.0 Society
17112.0 26236.0 304.0 88.0 News
18380.0 26240.0 52.0 84.0 9

16464.0 26388.0 28.0 28.0 '
16624.0 26408.0 316.0 88.0 News
16996.0 26404.0 108.0 96.0 of
17156.0 26400.0 180.0 92.0 the
17404.0 26404.0 544.0 92.0 Courts...
18320.0 26400.0 104.0 92.0 10

16460.0 26624.0 32.0 56.0 :
16620.0 26580.0 368.0 104.0 Spurts
17116.0 26576.0 380.0 112.0 Dunny
17588.0 26576.0 380.0 84.0 Dunlin
18320.0 26572.0 104.0 92.0 13

16620.0 26740.0 476.0 92.0 Markets
17224.0 26744.0 476.0 88.0 Finance
18320.0 26736.0 104.0 96.0 17

16460.0 26888.0 28.0 152.0 j
16628.0 26912.0 340.0 92.0 Radio
17048.0 26912.0 572.0 108.0 Programs
18320.0 26904.0 112.0 92.0 21)

16616.0 27080.0 268.0 92.0 Real
16960.0 27080.0 364.0 92.0 Fstate
17392.0 27076.0 324.0 92.0 News
18320.0 27072.0 104.0 92.0 21

16460.0 27216.0 32.0 116.0 ".
16628.0 27248.0 344.0 92.0 Death
17044.0 27248.0 432.0 92.0 Notices
18320.0 27240.0 100.0 92.0 Jl

16460.0 27448.0 32.0 56.0 :
16612.0 27420.0 368.0 88.0 Comic
18324.0 27404.0 108.0 92.0 tn
