19172 28848
5716.0 1128.0 468.0 156.0 tfHtS
6376.0 1128.0 1304.0 192.0 tIMQUlKKK,
7872.0 1156.0 1520.0 164.0 CINCINNATI,
9628.0 1148.0 308.0 132.0 TH
9996.0 1124.0 988.0 172.0 UKSOAT,
11168.0 1144.0 572.0 144.0 JULY
11944.0 1148.0 164.0 168.0 8,
12304.0 1136.0 556.0 160.0 1937

17932.0 1120.0 112.0 156.0 5

688.0 1592.0 544.0 376.0 TWO
1376.0 1592.0 976.0 392.0 ENVOYS

440.0 2332.0 312.0 268.0 To
884.0 2340.0 428.0 264.0 Act
1444.0 2352.0 312.0 256.0 On
1880.0 2352.0 712.0 324.0 Spain.

444.0 3048.0 420.0 224.0 Nazi
944.0 3068.0 344.0 208.0 And
1368.0 3068.0 596.0 208.0 Kalian
2048.0 3072.0 540.0 212.0 Slated

616.0 3400.0 224.0 208.0 To
916.0 3404.0 468.0 212.0 Make
1464.0 3408.0 940.0 264.0 Proposals.

436.0 3980.0 668.0 172.0 Business
1248.0 3988.0 316.0 160.0 Men
1724.0 3984.0 356.0 180.0 Fret,
2236.0 3980.0 368.0 164.0 Stew

572.0 4212.0 184.0 156.0 At
880.0 4216.0 508.0 160.0 Franco
1504.0 4220.0 656.0 188.0 Warning
2268.0 4212.0 184.0 160.0 As

676.0 4444.0 528.0 168.0 Madrid
1276.0 4452.0 404.0 160.0 Hails
1752.0 4448.0 592.0 196.0 Victory.

544.0 4932.0 480.0 136.0 London,
1104.0 4944.0 252.0 124.0 July
1432.0 4948.0 60.0 96.0 7
1632.0 4948.0 280.0 108.0 (AP)
2044.0 4940.0 548.0 104.0 Informed

420.0 5132.0 448.0 80.0 sources
992.0 5116.0 232.0 96.0 said
1344.0 5116.0 436.0 116.0 tonight
1904.0 5120.0 240.0 92.0 that
2260.0 5116.0 332.0 96.0 Great

424.0 5280.0 464.0 116.0 Britain,
972.0 5288.0 508.0 112.0 standing
1568.0 5284.0 196.0 116.0 pat
1852.0 5312.0 136.0 68.0 on
2068.0 5288.0 188.0 92.0 her
2344.0 5308.0 212.0 72.0 non-

424.0 5448.0 616.0 100.0 terventlon
1116.0 5452.0 348.0 120.0 policy
1540.0 5452.0 224.0 92.0 and
1836.0 5452.0 512.0 92.0 demands
2424.0 5452.0 176.0 96.0 for

416.0 5616.0 688.0 96.0 withdrawal
1216.0 5620.0 116.0 92.0 of
1440.0 5616.0 432.0 116.0 foreign
1984.0 5616.0 608.0 100.0 volunteers

420.0 5788.0 292.0 92.0 from
780.0 5788.0 356.0 116.0 Spain,
1200.0 5788.0 212.0 96.0 will
1472.0 5792.0 200.0 108.0 put
1732.0 5788.0 184.0 92.0 the
1980.0 5792.0 248.0 96.0 next
2284.0 5812.0 308.0 80.0 move

484.0 5956.0 448.0 120.0 quarely
1004.0 5976.0 140.0 92.0 up
1208.0 5956.0 112.0 92.0 to
1388.0 5952.0 556.0 120.0 Germany
2004.0 5956.0 212.0 92.0 and
2280.0 5956.0 312.0 120.0 Italy.

548.0 6124.0 460.0 112.0 Foreign
1084.0 6124.0 568.0 116.0 Secretary
1716.0 6124.0 504.0 116.0 Anthony
2288.0 6124.0 300.0 96.0 Eden

416.0 6284.0 232.0 100.0 told
736.0 6292.0 188.0 92.0 the
1004.0 6288.0 368.0 100.0 House
1452.0 6300.0 128.0 88.0 of
1660.0 6288.0 572.0 100.0 Commons
2316.0 6296.0 236.0 96.0 Brit-

420.0 6456.0 188.0 92.0 ain
716.0 6456.0 200.0 100.0 has
1020.0 6480.0 140.0 72.0 no
1264.0 6460.0 536.0 96.0 intention
1908.0 6460.0 116.0 96.0 of
2120.0 6464.0 472.0 116.0 offering

416.0 6640.0 252.0 80.0 new
756.0 6624.0 552.0 120.0 proposals
1396.0 6628.0 124.0 96.0 at
1608.0 6624.0 484.0 124.0 Friday's
2180.0 6632.0 404.0 96.0 session

416.0 6792.0 124.0 92.0 of
660.0 6792.0 188.0 96.0 the
968.0 6796.0 532.0 96.0 27-nation
1624.0 6800.0 964.0 96.0 Nonintervention

416.0 6960.0 652.0 100.0 Committee
1144.0 6988.0 136.0 72.0 on
1352.0 6992.0 72.0 72.0 a
1504.0 6964.0 620.0 100.0 "hands-off
2200.0 6968.0 384.0 116.0 Spain"

420.0 7148.0 544.0 100.0 program.

536.0 7292.0 176.0 100.0 He
804.0 7300.0 176.0 92.0 did
1076.0 7324.0 216.0 92.0 say,
1384.0 7300.0 532.0 124.0 however,
2004.0 7304.0 232.0 96.0 that
2324.0 7304.0 256.0 96.0 "His

416.0 7460.0 564.0 124.0 Majesty's
1048.0 7468.0 732.0 100.0 Government
1848.0 7476.0 484.0 92.0 attaches
2400.0 7476.0 180.0 92.0 the

412.0 7636.0 488.0 112.0 greatest
984.0 7636.0 664.0 120.0 importance
1732.0 7640.0 108.0 96.0 to
1920.0 7640.0 664.0 96.0 withdrawal

412.0 7804.0 296.0 92.0 from
828.0 7804.0 324.0 120.0 Spain
1272.0 7812.0 116.0 92.0 of
1508.0 7808.0 144.0 96.0 all
1776.0 7808.0 416.0 112.0 foreign
2304.0 7832.0 236.0 68.0 com-

416.0 7936.0 448.0 108.0 batants
928.0 7944.0 232.0 92.0 who
1224.0 7944.0 444.0 116.0 already
1736.0 7968.0 184.0 72.0 are
1980.0 7948.0 320.0 108.0 there,
2364.0 7944.0 216.0 92.0 and

416.0 8076.0 220.0 92.0 will
724.0 8084.0 500.0 88.0 continue
1316.0 8084.0 108.0 92.0 to
1516.0 8080.0 140.0 96.0 do
1752.0 8080.0 140.0 100.0 its
1980.0 8084.0 396.0 88.0 utmost
2472.0 8088.0 108.0 88.0 to

412.0 8204.0 320.0 132.0 bring
792.0 8216.0 220.0 100.0 this
1068.0 8216.0 412.0 96.0 about."

624.0 8412.0 536.0 100.0 AWAITS
1256.0 8416.0 608.0 92.0 OTHERS'
1956.0 8412.0 424.0 96.0 MOVE.

528.0 8576.0 356.0 100.0 While
976.0 8580.0 296.0 96.0 Eden
1360.0 8584.0 224.0 92.0 will
1672.0 8580.0 256.0 96.0 wait
2012.0 8604.0 136.0 72.0 on
2232.0 8576.0 352.0 100.0 Count

408.0 8712.0 288.0 100.0 Dino
804.0 8720.0 436.0 104.0 Grandi,
1344.0 8720.0 188.0 92.0 the
1644.0 8720.0 392.0 96.0 Italian
2144.0 8716.0 396.0 96.0 Ambas-

408.0 8856.0 360.0 116.0 sador,
880.0 8856.0 208.0 92.0 and
1196.0 8860.0 504.0 88.0 Joachim
1812.0 8880.0 204.0 68.0 von
2124.0 8852.0 412.0 96.0 Ribben-

412.0 8996.0 276.0 108.0 trop,
784.0 8992.0 184.0 92.0 the
1060.0 8992.0 472.0 92.0 German
1632.0 8992.0 748.0 104.0 Ambassador,
2476.0 9000.0 108.0 84.0 to

412.0 9124.0 264.0 96.0 take
740.0 9128.0 184.0 92.0 the
992.0 9128.0 524.0 92.0 Initiative
1584.0 9148.0 140.0 68.0 on
1788.0 9152.0 212.0 100.0 any
2060.0 9152.0 228.0 68.0 new
2348.0 9152.0 192.0 92.0 pro-

408.0 9264.0 372.0 112.0 posals
944.0 9264.0 420.0 112.0 Friday,
1532.0 9240.0 284.0 116.0 Lord
1984.0 9264.0 596.0 116.0 Plymouth,

404.0 9400.0 600.0 92.0 Chairman
1116.0 9400.0 112.0 92.0 of
1336.0 9400.0 184.0 92.0 the
1640.0 9400.0 936.0 92.0 nonintervention

408.0 9556.0 384.0 92.0 group,
868.0 9536.0 92.0 92.0 is
1032.0 9536.0 508.0 112.0 expected
1620.0 9540.0 116.0 88.0 to
1812.0 9536.0 308.0 92.0 Insist
2188.0 9564.0 132.0 68.0 on
2396.0 9540.0 184.0 92.0 the

404.0 9668.0 684.0 92.0 withdrawal
1168.0 9672.0 116.0 92.0 of
1364.0 9672.0 476.0 112.0 Spanish
1920.0 9696.0 220.0 68.0 war
2216.0 9676.0 320.0 96.0 volun-

408.0 9804.0 324.0 96.0 teers.
532.0 9944.0 280.0 92.0 That
884.0 9944.0 340.0 96.0 would
1300.0 9944.0 128.0 100.0 be
1504.0 9952.0 720.0 112.0 preliminary,
2296.0 9952.0 228.0 92.0 Brit-

396.0 10072.0 176.0 104.0 ish
644.0 10104.0 432.0 68.0 sources
1136.0 10108.0 220.0 84.0 say,
1420.0 10088.0 116.0 92.0 to
1604.0 10088.0 784.0 92.0 consideration
2456.0 10096.0 116.0 92.0 of

1164.0 10344.0 672.0 96.0 EESORTS.

440.0 10892.0 184.0 232.0 0
696.0 10904.0 368.0 228.0 DAY
1108.0 10908.0 1064.0 236.0 VACATIONS
2284.0 10932.0 288.0 228.0 43

496.0 11172.0 240.0 96.0 4t.
784.0 11180.0 836.0 100.0 BRIGANTINE
1672.0 11192.0 452.0 104.0 BEACH
2216.0 11196.0 276.0 108.0 N.J.

412.0 11296.0 772.0 152.0 ATLANTIC
1224.0 11296.0 480.0 164.0 CITYS
1728.0 11308.0 828.0 176.0 Smadett

676.0 11520.0 152.0 92.0 OC
864.0 11524.0 276.0 88.0 EAN
1204.0 11524.0 488.0 92.0 EKONT
1756.0 11528.0 136.0 92.0 SI
1932.0 11528.0 144.0 92.0 III
2088.0 11528.0 220.0 88.0 'KB

428.0 12084.0 76.0 60.0 vJ
728.0 12104.0 240.0 40.0 ...f..r
996.0 12100.0 56.0 44.0 U
1124.0 12096.0 56.0 48.0 It
1240.0 12096.0 468.0 48.0 nrHnaWlu
1768.0 12096.0 328.0 48.0 Inh.iial

400.0 12204.0 252.0 72.0 huth,
732.0 12200.0 112.0 72.0 rll
924.0 12196.0 292.0 76.0 nwuU,
1296.0 12192.0 456.0 68.0 AnH-rlcan
1832.0 12196.0 224.0 76.0 plan,
2136.0 12212.0 152.0 56.0 dim
2360.0 12204.0 212.0 76.0 deck

760.0 12308.0 76.0 28.0 a.
848.0 12292.0 92.0 44.0 At
1020.0 12288.0 312.0 48.0 flkhtnir
1412.0 12288.0 192.0 48.0 sinrf
1652.0 12288.0 344.0 48.0 Imthtiiv
2044.0 12292.0 212.0 44.0 (nam
2328.0 12308.0 204.0 28.0 uu....

404.0 12428.0 736.0 116.0 VIRGINIA
1232.0 12432.0 540.0 136.0 BEACH,
1852.0 12424.0 700.0 140.0 VA.SQA25

580.0 12588.0 248.0 84.0 Apply
892.0 12608.0 148.0 64.0 any
1100.0 12596.0 228.0 64.0 fravl
1400.0 12600.0 240.0 76.0 aent
1716.0 12612.0 80.0 52.0 or
1852.0 12604.0 144.0 60.0 writ

576.0 12700.0 68.0 76.0 J.
664.0 12700.0 292.0 84.0 Wi!ty
984.0 12700.0 340.0 76.0 Gardnsr
1348.0 12704.0 280.0 80.0 Holtli,
1656.0 12708.0 312.0 72.0 Atlantic
1992.0 12708.0 180.0 84.0 City,
2200.0 12712.0 88.0 68.0 N.
2312.0 12708.0 60.0 76.0 J.

704.0 12812.0 280.0 72.0 Viriri
1108.0 12816.0 264.0 80.0 Isach,
1436.0 12816.0 140.0 72.0 V.
1720.0 12836.0 84.0 56.0 W
1872.0 12820.0 288.0 84.0 Tampa,
2224.0 12820.0 148.0 76.0 fia.

484.0 13392.0 1992.0 236.0 TheSTANWOOD

672.0 13716.0 1628.0 192.0 CORPORATION

836.0 13944.0 832.0 120.0 UMIINXATI,
1732.0 13944.0 380.0 104.0 OHIO.

1200.0 14116.0 548.0 100.0 EPFMT

496.0 14288.0 816.0 368.0 BOILER
1480.0 14280.0 992.0 376.0 REPAIRS

792.0 14704.0 368.0 104.0 I'limm
1244.0 14708.0 144.0 100.0 lll
1440.0 14704.0 356.0 100.0 nilck
1880.0 14704.0 288.0 100.0 2I.-.0

696.0 14840.0 360.0 124.0 lSiulit,
1112.0 14840.0 552.0 104.0 HKml.Kk
1772.0 14836.0 288.0 104.0 4370
2120.0 14836.0 152.0 104.0 W.

464.0 15496.0 2080.0 784.0 ptfDirnto

660.0 16704.0 172.0 104.0 It"
964.0 16696.0 472.0 112.0 LV
1616.0 16696.0 72.0 112.0 I
1832.0 16696.0 76.0 112.0 J

1888.0 16848.0 364.0 88.0 round
2284.0 16840.0 260.0 88.0 trip

1824.0 16960.0 20.0 36.0 '
1884.0 16980.0 232.0 88.0 from
2148.0 16976.0 396.0 100.0 Chicago

1912.0 17136.0 104.0 84.0 In
2056.0 17136.0 396.0 84.0 Coachea

1952.0 17244.0 20.0 76.0 I
2012.0 17244.0 268.0 76.0 Chair
2316.0 17240.0 220.0 76.0 Cara

968.0 17360.0 400.0 112.0 $68.80
1412.0 17372.0 104.0 80.0 In
1548.0 17372.0 376.0 80.0 Touri.t
1964.0 17368.0 392.0 96.0 Sleeper.

968.0 17492.0 396.0 112.0 $86.00
1412.0 17504.0 96.0 76.0 In
1552.0 17500.0 456.0 80.0 Standard
2048.0 17500.0 396.0 100.0 Sleepers

1164.0 17620.0 192.0 76.0 Low
1400.0 17616.0 440.0 80.0 Pullman
1884.0 17616.0 252.0 80.0 Fare.

888.0 17756.0 232.0 80.0 Thru
1144.0 17748.0 156.0 96.0 fait
1332.0 17748.0 668.0 84.0 Mtr-tonditltnut
2024.0 17756.0 240.0 72.0 tratnt
2296.0 17748.0 208.0 96.0 Jaltf

1452.0 17872.0 164.0 56.0 row
1656.0 17864.0 324.0 68.0 LAimf.

1124.0 17972.0 400.0 80.0 Del.uie
1564.0 17968.0 624.0 80.0 All-Pullman

812.0 18088.0 540.0 100.0 GOLDEN
1420.0 18084.0 432.0 100.0 STATE
1924.0 18084.0 564.0 104.0 LIMITED

812.0 18220.0 152.0 76.0 Lt.
1004.0 18220.0 116.0 76.0 La
1156.0 18216.0 248.0 76.0 Salle
1436.0 18216.0 304.0 76.0 Street
1780.0 18216.0 188.0 76.0 Sta.
2008.0 18220.0 188.0 72.0 915
2232.0 18240.0 80.0 72.0 p.
2356.0 18244.0 128.0 56.0 m.

1200.0 18364.0 248.0 100.0 The
1508.0 18360.0 580.0 100.0 APACHE

812.0 18488.0 156.0 88.0 Lt.
1004.0 18488.0 120.0 84.0 La
1164.0 18492.0 236.0 76.0 Salle
1436.0 18492.0 308.0 76.0 Street
1784.0 18492.0 184.0 76.0 Sta.
2008.0 18496.0 84.0 72.0 10
2144.0 18492.0 344.0 88.0 Warn.

876.0 18596.0 436.0 88.0 Carrying
1348.0 18588.0 464.0 80.0 Standard
1852.0 18588.0 176.0 80.0 and
2068.0 18592.0 364.0 80.0 Tourist

1028.0 18692.0 476.0 80.0 Pullmana
1540.0 18688.0 184.0 80.0 and
1764.0 18688.0 276.0 80.0 Chair
2072.0 18688.0 212.0 80.0 Cars

1152.0 18848.0 1008.0 104.0 CALIFORNIA!

816.0 18980.0 132.0 84.0 De
980.0 18976.0 196.0 88.0 luie
1204.0 18984.0 276.0 76.0 Chair
1508.0 18984.0 76.0 80.0 &
1616.0 18980.0 368.0 80.0 Touri.t
2020.0 18980.0 168.0 76.0 Car
2212.0 18976.0 276.0 84.0 Trala

1348.0 19080.0 148.0 84.0 Lt.
1540.0 19080.0 120.0 80.0 La
1700.0 19080.0 236.0 80.0 Salla
1968.0 19080.0 292.0 76.0 Street
2296.0 19080.0 192.0 80.0 Sta.

1916.0 19200.0 84.0 72.0 p.
2040.0 19196.0 124.0 60.0 m.

540.0 19344.0 708.0 80.0 laaii'iTLWii
1928.0 19400.0 52.0 24.0 .
2084.0 19348.0 180.0 76.0 mi

940.0 19920.0 200.0 84.0 Vrti
1180.0 19920.0 292.0 92.0 Anier,
1516.0 19916.0 196.0 84.0 DP.
1752.0 19916.0 60.0 84.0 4
1852.0 19912.0 188.0 88.0 P.A.
2536.0 19940.0 28.0 60.0 I

940.0 20028.0 212.0 80.0 Rock
1192.0 20028.0 264.0 80.0 Island
1496.0 20024.0 244.0 80.0 Line.
2536.0 20000.0 28.0 136.0 J

456.0 20116.0 28.0 100.0 1
932.0 20132.0 232.0 84.0 3.11-2
1204.0 20132.0 236.0 80.0 Dili.
1472.0 20128.0 408.0 80.0 Termin.l
1924.0 20124.0 212.0 84.0 Btdi.
2536.0 20108.0 28.0 108.0 I

940.0 19920.0 200.0 84.0 Ired
1180.0 19928.0 292.0 84.0 Anier,
1516.0 19920.0 72.0 80.0 D
1628.0 19920.0 84.0 80.0 P.
1752.0 19920.0 60.0 80.0 1
1852.0 19920.0 188.0 80.0 P.A.

940.0 20028.0 212.0 80.0 Rock
1192.0 20028.0 264.0 80.0 Island
1496.0 20024.0 244.0 80.0 Line.

932.0 20132.0 232.0 84.0 3.11-2
1204.0 20132.0 236.0 80.0 Dixie
1472.0 20128.0 408.0 80.0 Termin.l
1924.0 20128.0 208.0 88.0 BIJrf.

940.0 20240.0 480.0 84.0 Cincinnati,
1456.0 20240.0 248.0 88.0 Ohio,
1744.0 20240.0 260.0 76.0 Pbon.
2044.0 20240.0 212.0 72.0 Main
2288.0 20240.0 196.0 72.0 061)9

544.0 20360.0 292.0 68.0 Pirate
876.0 20364.0 208.0 68.0 tend
1128.0 20376.0 140.0 56.0 me
1308.0 20380.0 48.0 52.0 a
1396.0 20380.0 216.0 64.0 copy
1648.0 20360.0 92.0 72.0 of
1772.0 20376.0 204.0 52.0 voui
2008.0 20360.0 460.0 72.0 California
2536.0 20384.0 16.0 48.0 i

548.0 20448.0 372.0 68.0 booklet.
2536.0 20428.0 16.0 88.0 I

2724.0 1616.0 1800.0 384.0 Cincinnatian
4696.0 1636.0 800.0 364.0 Loser
5660.0 1632.0 288.0 364.0 In
6112.0 1632.0 540.0 376.0 Suit

2820.0 2120.0 1448.0 468.0 Attacking
4348.0 2136.0 740.0 368.0 State
5176.0 2132.0 936.0 460.0 Liquor
6188.0 2140.0 612.0 372.0 Law
6860.0 2288.0 68.0 296.0 ;

2920.0 2624.0 520.0 376.0 Act
3516.0 2624.0 1032.0 464.0 Upheld
4620.0 2636.0 392.0 452.0 By
5080.0 2628.0 1156.0 464.0 Appeals
6324.0 2640.0 796.0 368.0 Court

2804.0 3316.0 608.0 112.0 Columbus,
3504.0 3316.0 308.0 116.0 Ohio,
3900.0 3320.0 256.0 120.0 July
4244.0 3320.0 56.0 100.0 7
4436.0 3320.0 288.0 108.0 (AP)

2684.0 3488.0 1000.0 116.0 Constitutionality
3740.0 3492.0 120.0 96.0 of
3920.0 3492.0 184.0 96.0 the
4164.0 3492.0 276.0 96.0 Ohio
4504.0 3496.0 352.0 112.0 liquor

2688.0 3656.0 200.0 92.0 law
2964.0 3680.0 228.0 68.0 was
3268.0 3656.0 388.0 116.0 upheld
3736.0 3656.0 328.0 124.0 today
4136.0 3660.0 140.0 120.0 by
4344.0 3664.0 192.0 96.0 the
4616.0 3660.0 200.0 100.0 Sec-

2688.0 3824.0 200.0 96.0 ond
2964.0 3824.0 456.0 100.0 District
3496.0 3824.0 336.0 104.0 Court
3904.0 3832.0 120.0 92.0 of
4092.0 3832.0 496.0 120.0 Appeals,
4672.0 3832.0 180.0 96.0 the

2688.0 3992.0 432.0 112.0 highest
3192.0 3992.0 304.0 100.0 court
3568.0 4000.0 184.0 112.0 yet
3820.0 4000.0 116.0 96.0 to
4008.0 4000.0 368.0 96.0 decide
4448.0 4028.0 144.0 72.0 on
4672.0 4004.0 180.0 96.0 the

2684.0 4160.0 568.0 116.0 monopoly
3320.0 4164.0 496.0 112.0 system's
3884.0 4168.0 472.0 116.0 validity.

2804.0 4328.0 412.0 116.0 Ruling
3328.0 4356.0 136.0 72.0 on
3576.0 4332.0 192.0 96.0 the
3880.0 4336.0 216.0 96.0 suit
4208.0 4340.0 116.0 96.0 of
4440.0 4336.0 176.0 104.0 Eli
4728.0 4340.0 120.0 100.0 O.

2688.0 4496.0 816.0 120.0 Frankenstein,
3604.0 4500.0 612.0 100.0 Cincinnati
4316.0 4512.0 536.0 116.0 attorney,

2684.0 4664.0 236.0 96.0 that
2976.0 4664.0 184.0 96.0 the
3220.0 4664.0 200.0 100.0 law
3476.0 4664.0 468.0 104.0 violated
4004.0 4672.0 252.0 100.0 both
4316.0 4680.0 188.0 96.0 the
4564.0 4684.0 284.0 92.0 state

2688.0 4832.0 208.0 96.0 and
2996.0 4832.0 648.0 104.0 Federation
3744.0 4840.0 820.0 116.0 Constitutions,
4668.0 4852.0 180.0 92.0 the

2680.0 5000.0 304.0 96.0 court
3048.0 5000.0 244.0 96.0 held
3364.0 5004.0 80.0 96.0 It
3508.0 5032.0 224.0 72.0 was
3800.0 5008.0 444.0 100.0 "unable
4308.0 5012.0 116.0 96.0 to
4488.0 5016.0 360.0 100.0 detect

2684.0 5192.0 208.0 92.0 any
2956.0 5168.0 360.0 100.0 defect
3376.0 5176.0 348.0 96.0 which
3796.0 5176.0 348.0 100.0 would
4208.0 5180.0 392.0 100.0 render
4664.0 5184.0 180.0 96.0 the

2684.0 5336.0 172.0 96.0 act
2932.0 5332.0 488.0 104.0 Invalid."

2796.0 5504.0 884.0 104.0 Frankenstein's
3792.0 5520.0 632.0 108.0 co-counsel,
4540.0 5512.0 116.0 108.0 L.
4768.0 5516.0 76.0 100.0 I.

2688.0 5672.0 704.0 120.0 Forcheimer,
3448.0 5680.0 232.0 96.0 said
3736.0 5688.0 116.0 92.0 at
3908.0 5688.0 644.0 112.0 Cincinnati,
4608.0 5692.0 240.0 96.0 that

2684.0 5868.0 136.0 68.0 an
2912.0 5848.0 384.0 116.0 appeal
3388.0 5852.0 344.0 96.0 would
3828.0 5852.0 132.0 96.0 be
4052.0 5860.0 304.0 92.0 made
4452.0 5860.0 120.0 96.0 to
4668.0 5864.0 176.0 88.0 the

2684.0 6012.0 296.0 96.0 State
3056.0 6016.0 508.0 116.0 Supreme
3636.0 6020.0 332.0 96.0 Court
4044.0 6048.0 120.0 68.0 as
4232.0 6052.0 264.0 68.0 soon
4568.0 6052.0 128.0 68.0 as
4768.0 6028.0 80.0 92.0 it

2680.0 6184.0 308.0 100.0 could
3060.0 6180.0 128.0 100.0 be
3256.0 6188.0 552.0 120.0 prepared.

2808.0 6348.0 424.0 100.0 Morton
3300.0 6356.0 340.0 112.0 Icove,
3696.0 6388.0 140.0 68.0 an
3904.0 6364.0 524.0 92.0 assistant
4488.0 6364.0 116.0 92.0 to
4672.0 6364.0 136.0 96.0 At-

2688.0 6516.0 380.0 120.0 torney
3164.0 6520.0 460.0 100.0 General
3724.0 6528.0 468.0 100.0 Herbert
4292.0 6532.0 100.0 92.0 S.
4496.0 6532.0 348.0 120.0 Duffy

2688.0 6688.0 208.0 96.0 and
2960.0 6688.0 432.0 100.0 counsel
3456.0 6696.0 172.0 92.0 for
3692.0 6696.0 180.0 92.0 the
3936.0 6692.0 392.0 120.0 Liquor
4392.0 6696.0 412.0 116.0 Depart-

2688.0 6856.0 320.0 108.0 ment,
3104.0 6856.0 236.0 96.0 said
3432.0 6884.0 68.0 68.0 a
3592.0 6860.0 520.0 116.0 Supreme
4204.0 6864.0 336.0 96.0 Court
4636.0 6868.0 208.0 92.0 test

2688.0 7020.0 340.0 96.0 would
3108.0 7020.0 128.0 96.0 be
3312.0 7024.0 576.0 96.0 welcomed
3964.0 7032.0 168.0 92.0 "to
4204.0 7056.0 308.0 76.0 serve
4584.0 7056.0 124.0 68.0 as
4784.0 7056.0 60.0 68.0 a

2684.0 7188.0 448.0 96.0 definite
3184.0 7192.0 312.0 112.0 guide
3552.0 7196.0 112.0 92.0 to
3720.0 7196.0 324.0 92.0 lower
4100.0 7196.0 456.0 92.0 courts."

2796.0 7356.0 796.0 92.0 Frankenstein
3676.0 7356.0 212.0 100.0 had
3976.0 7364.0 600.0 96.0 contended
4664.0 7364.0 176.0 96.0 the

2684.0 7520.0 568.0 120.0 monopoly
3316.0 7528.0 404.0 112.0 system
3788.0 7528.0 464.0 96.0 violated
4320.0 7528.0 188.0 96.0 the
4572.0 7532.0 228.0 96.0 anti-

2680.0 7684.0 288.0 100.0 trust
3056.0 7684.0 288.0 120.0 laws,
3436.0 7688.0 216.0 96.0 and
3748.0 7692.0 240.0 96.0 that
4080.0 7692.0 560.0 124.0 authority
4732.0 7700.0 112.0 92.0 of

2680.0 7852.0 180.0 92.0 the
2976.0 7860.0 684.0 108.0 department
3776.0 7860.0 112.0 92.0 to
4004.0 7864.0 184.0 92.0 tax
4308.0 7856.0 528.0 120.0 imported

2684.0 8016.0 340.0 116.0 liquor
3160.0 8020.0 584.0 96.0 interfered
3876.0 8024.0 260.0 96.0 with
4268.0 8028.0 572.0 100.0 interstate

2680.0 8204.0 600.0 80.0 commerce
3392.0 8188.0 212.0 96.0 and
3724.0 8216.0 224.0 68.0 was
4060.0 8220.0 136.0 68.0 an
4312.0 8196.0 528.0 96.0 unlawful

2680.0 8352.0 604.0 116.0 delegation
3376.0 8356.0 116.0 92.0 of
3576.0 8356.0 600.0 116.0 legislative
4260.0 8364.0 216.0 92.0 and
4572.0 8364.0 228.0 120.0 Judi-

2680.0 8516.0 204.0 96.0 cial
2952.0 8544.0 444.0 92.0 powers.

2796.0 8684.0 496.0 96.0 "Powers
3456.0 8692.0 460.0 112.0 granted
4092.0 8696.0 180.0 92.0 the
4440.0 8696.0 396.0 120.0 Liquor

4936.0 3324.0 368.0 100.0 Board
5356.0 3328.0 104.0 96.0 to
5512.0 3332.0 180.0 96.0 act
5744.0 3332.0 212.0 96.0 and
6008.0 3332.0 460.0 96.0 exercise
6524.0 3332.0 572.0 96.0 discretion

4944.0 3492.0 392.0 96.0 within
5416.0 3496.0 180.0 100.0 the
5676.0 3496.0 336.0 100.0 limits
6092.0 3500.0 116.0 96.0 of
6284.0 3500.0 184.0 96.0 the
6548.0 3504.0 176.0 96.0 act
6812.0 3500.0 296.0 96.0 itself

4944.0 3660.0 144.0 96.0 do
5184.0 3660.0 188.0 96.0 not
5460.0 3668.0 588.0 96.0 constitute
6136.0 3692.0 68.0 72.0 a
6292.0 3668.0 604.0 112.0 delegation
6996.0 3668.0 112.0 96.0 of

4944.0 3824.0 600.0 116.0 legislative
5604.0 3832.0 552.0 116.0 authority
6212.0 3860.0 120.0 68.0 or
6392.0 3836.0 384.0 96.0 invoke
6836.0 3832.0 228.0 120.0 Judi-

4948.0 3996.0 216.0 96.0 cial
5264.0 3996.0 440.0 116.0 power,"
5800.0 4000.0 228.0 96.0 said
6120.0 4000.0 180.0 96.0 the
6400.0 4000.0 472.0 96.0 decision
6976.0 4000.0 132.0 120.0 by

4948.0 4164.0 360.0 116.0 Judge
5384.0 4164.0 364.0 100.0 Frank
5824.0 4168.0 404.0 116.0 Gelger.
6364.0 4168.0 404.0 116.0 Judges
6848.0 4168.0 220.0 96.0 Ros-

4948.0 4352.0 192.0 76.0 coe
5232.0 4332.0 588.0 100.0 Hornbeck
5908.0 4336.0 204.0 96.0 and
6200.0 4332.0 400.0 120.0 Joseph
6692.0 4336.0 412.0 96.0 Barnes

4948.0 4500.0 624.0 100.0 concurred.

5072.0 4668.0 232.0 96.0 The
5396.0 4668.0 456.0 104.0 Federal
5948.0 4664.0 824.0 104.0 Constitutional
6872.0 4688.0 196.0 100.0 pro-

4948.0 4832.0 356.0 96.0 vision
5372.0 4836.0 628.0 124.0 permitting
6060.0 4844.0 336.0 88.0 states
6460.0 4844.0 112.0 92.0 to
6632.0 4836.0 472.0 120.0 prohibit

4948.0 5024.0 128.0 72.0 or
5184.0 5000.0 388.0 96.0 license
5676.0 5004.0 372.0 120.0 liquor,
6148.0 5004.0 180.0 92.0 the
6432.0 5004.0 304.0 96.0 court
6840.0 5004.0 260.0 112.0 said,

4948.0 5168.0 420.0 92.0 "seems
5536.0 5176.0 112.0 92.0 to
5824.0 5172.0 120.0 100.0 be
6084.0 5196.0 60.0 72.0 a
6288.0 5172.0 816.0 96.0 constitutional

4948.0 5332.0 668.0 100.0 declaration
5736.0 5340.0 240.0 96.0 that
6084.0 5340.0 180.0 92.0 the
6376.0 5344.0 340.0 92.0 states
6828.0 5336.0 276.0 100.0 shall

4948.0 5508.0 276.0 88.0 have
5356.0 5508.0 344.0 96.0 entire
5824.0 5508.0 380.0 116.0 liberty
6320.0 5508.0 376.0 96.0 within
6820.0 5512.0 284.0 96.0 their

4948.0 5696.0 248.0 68.0 own
5336.0 5668.0 644.0 100.0 boundaries
6116.0 5680.0 112.0 88.0 to
6368.0 5676.0 412.0 92.0 control
6924.0 5676.0 180.0 96.0 the

4948.0 5840.0 388.0 92.0 traffic
5460.0 5844.0 216.0 88.0 and
5812.0 5844.0 216.0 92.0 sale
6152.0 5840.0 116.0 92.0 of
6400.0 5840.0 708.0 112.0 intoxicating

4952.0 6008.0 356.0 116.0 liquor
5684.0 6012.0 216.0 96.0 and
5952.0 6012.0 520.0 112.0 certainly
6528.0 6012.0 112.0 88.0 to
6696.0 6012.0 184.0 92.0 the
6940.0 6032.0 128.0 72.0 ex-

4948.0 6176.0 240.0 92.0 tent
5256.0 6176.0 112.0 92.0 of
5428.0 6176.0 568.0 116.0 providing
6032.0 6200.0 56.0 68.0 a
6128.0 6180.0 280.0 88.0 state
6452.0 6176.0 656.0 116.0 monopoly."

5072.0 6340.0 228.0 100.0 The
5388.0 6344.0 404.0 96.0 court's
5880.0 6344.0 460.0 96.0 decision
6436.0 6344.0 512.0 92.0 affirmed
7044.0 6368.0 64.0 68.0 a

4948.0 6500.0 520.0 100.0 Common
5572.0 6512.0 324.0 96.0 Pleas
5988.0 6508.0 324.0 100.0 Court
6412.0 6512.0 356.0 112.0 ruling
6868.0 6508.0 240.0 92.0 that

4952.0 6676.0 436.0 96.0 refused
5520.0 6680.0 792.0 96.0 Frankenstein
6444.0 6700.0 68.0 68.0 a
6636.0 6676.0 436.0 96.0 declara-

4952.0 6844.0 244.0 116.0 tory
5284.0 6844.0 568.0 116.0 judgment
5936.0 6848.0 420.0 108.0 against
6448.0 6844.0 176.0 96.0 the
6716.0 6840.0 396.0 120.0 Liquor

4948.0 7012.0 704.0 116.0 Dcpar'men'

5068.0 7180.0 100.0 92.0 A
5224.0 7180.0 472.0 96.0 decision
5756.0 7180.0 368.0 92.0 within
6184.0 7180.0 180.0 96.0 the
6424.0 7180.0 252.0 92.0 next
6736.0 7180.0 372.0 92.0 month

4952.0 7344.0 88.0 96.0 is
5180.0 7348.0 512.0 116.0 expected
5832.0 7348.0 276.0 92.0 from
6236.0 7372.0 68.0 68.0 a
6436.0 7344.0 672.0 116.0 three-judge

4948.0 7516.0 456.0 96.0 Federal
5496.0 7516.0 368.0 112.0 Court,
5960.0 7512.0 340.0 96.0 which
6396.0 7516.0 88.0 92.0 Is
6576.0 7512.0 496.0 92.0 consider-

4948.0 7680.0 188.0 120.0 ing
5204.0 7708.0 68.0 68.0 a
5332.0 7680.0 424.0 96.0 Toledo-
5796.0 7680.0 560.0 96.0 wholesale
6424.0 7680.0 272.0 112.0 drug
6764.0 7680.0 348.0 96.0 firm's

4944.0 7856.0 388.0 96.0 attack
5420.0 7872.0 136.0 72.0 on
5656.0 7852.0 188.0 92.0 the
5936.0 7840.0 972.0 128.0 constitutionality
7000.0 7848.0 112.0 96.0 of

4948.0 8016.0 184.0 92.0 the
5196.0 8012.0 400.0 120.0 Liquor
5668.0 8016.0 236.0 96.0 Act.

5068.0 8156.0 228.0 92.0 The
5404.0 8156.0 276.0 112.0 drug
5800.0 8152.0 244.0 92.0 firm
6152.0 8152.0 596.0 96.0 contended
6868.0 8156.0 236.0 92.0 that

4944.0 8292.0 416.0 92.0 refusal
5444.0 8292.0 116.0 92.0 of
5648.0 8292.0 188.0 92.0 the
5920.0 8288.0 388.0 116.0 Liquor
6396.0 8288.0 708.0 112.0 Department

4948.0 8432.0 108.0 92.0 to
5156.0 8428.0 388.0 116.0 permit
5644.0 8428.0 84.0 96.0 lt
5820.0 8428.0 108.0 96.0 to
6020.0 8428.0 384.0 92.0 handle
6500.0 8428.0 344.0 116.0 liquor
6940.0 8432.0 168.0 92.0 for

4944.0 8568.0 576.0 96.0 medicinal
5688.0 8588.0 512.0 88.0 purposes
6356.0 8568.0 504.0 116.0 deprived
7028.0 8564.0 76.0 92.0 it

4944.0 8708.0 492.0 120.0 unjustly
5512.0 8704.0 116.0 92.0 of
5708.0 8704.0 512.0 88.0 business.

7280.0 1632.0 624.0 384.0 VETO
8056.0 1632.0 1256.0 384.0 FORECAST

7216.0 2380.0 1144.0 260.0 ForFlood
8428.0 2384.0 948.0 324.0 Control,

7216.0 3088.0 828.0 268.0 Expected
8148.0 3100.0 216.0 196.0 To
8464.0 3096.0 348.0 204.0 Win
8908.0 3096.0 444.0 212.0 Okeli

7512.0 3428.0 192.0 204.0 Of
7776.0 3428.0 1256.0 260.0 Congressmen.

2688.0 9128.0 464.0 112.0 Spanish
3260.0 9128.0 580.0 116.0 Insurgent
3948.0 9132.0 456.0 96.0 General
4520.0 9140.0 284.0 92.0 Fran-

2676.0 9264.0 280.0 96.0 cisco
3044.0 9264.0 504.0 96.0 Franco's
3632.0 9268.0 448.0 116.0 petition
4172.0 9276.0 240.0 92.0 that
4500.0 9280.0 132.0 92.0 he
4716.0 9280.0 120.0 92.0 be

2680.0 9404.0 524.0 92.0 accorded
3272.0 9400.0 624.0 116.0 belligerent
3972.0 9408.0 372.0 108.0 rights.

2804.0 9536.0 656.0 112.0 Headlining
3636.0 9544.0 184.0 92.0 the
3992.0 9544.0 852.0 96.0 committee's

2676.0 9676.0 420.0 112.0 agenda
3156.0 9676.0 172.0 92.0 for
3384.0 9676.0 400.0 112.0 Friday
3844.0 9704.0 184.0 72.0 are
4084.0 9684.0 300.0 88.0 these
4440.0 9684.0 388.0 96.0 issues:

2800.0 9808.0 804.0 100.0 Maintalnance
3704.0 9816.0 120.0 96.0 of
3916.0 9840.0 68.0 68.0 a
4080.0 9816.0 308.0 92.0 naval
4488.0 9824.0 352.0 108.0 patrol

2676.0 9948.0 412.0 88.0 around
3172.0 9944.0 324.0 112.0 Spain
3584.0 9972.0 120.0 68.0 or
3796.0 9948.0 700.0 96.0 substitution
4580.0 9956.0 120.0 92.0 of
4776.0 9984.0 64.0 68.0 a

2684.0 10080.0 244.0 92.0 land
3020.0 10088.0 412.0 88.0 control
3520.0 10108.0 552.0 92.0 program;
4168.0 10092.0 672.0 92.0 withdrawal

2680.0 10220.0 112.0 92.0 of
2884.0 10216.0 428.0 112.0 foreign
3408.0 10224.0 660.0 104.0 volunteers;
4176.0 10228.0 664.0 108.0 recognition

2680.0 10352.0 112.0 96.0 of
2856.0 10352.0 628.0 112.0 belligerent
3564.0 10360.0 344.0 108.0 rights
3984.0 10360.0 168.0 100.0 for
4224.0 10360.0 256.0 96.0 both
4560.0 10364.0 224.0 96.0 side

2684.0 10484.0 104.0 92.0 in
2860.0 10484.0 184.0 92.0 the
3112.0 10480.0 460.0 116.0 Spanish
3640.0 10512.0 248.0 72.0 war.

2920.0 10652.0 676.0 100.0 BUSINESS
3660.0 10660.0 316.0 96.0 MKX
4044.0 10660.0 560.0 100.0 WOKUY.

2804.0 10820.0 512.0 104.0 Franco's
3488.0 10828.0 604.0 96.0 threats
4264.0 10844.0 112.0 92.0 of
4556.0 10836.0 288.0 92.0 what

2680.0 10968.0 504.0 88.0 amounts
3332.0 10964.0 108.0 92.0 to
3588.0 10968.0 548.0 92.0 economic
4288.0 10972.0 552.0 92.0 sanctions

2680.0 11096.0 432.0 112.0 against
3220.0 11096.0 328.0 96.0 Great
3660.0 11104.0 420.0 92.0 Britain
4184.0 11124.0 276.0 76.0 were
4600.0 11108.0 240.0 96.0 "not

2676.0 11232.0 328.0 92.0 taken
3084.0 11236.0 576.0 116.0 seriously"
3744.0 11240.0 108.0 92.0 In
3936.0 11240.0 400.0 96.0 British
4412.0 11244.0 420.0 96.0 official

2676.0 11376.0 524.0 108.0 quarters.

2792.0 11504.0 204.0 96.0 His
3108.0 11508.0 584.0 92.0 statement
3828.0 11512.0 244.0 92.0 that
4200.0 11516.0 184.0 92.0 the
4500.0 11512.0 300.0 96.0 insur-

2680.0 11648.0 312.0 100.0 gents
3096.0 11648.0 340.0 108.0 might
3540.0 11644.0 348.0 92.0 "close
4012.0 11672.0 192.0 72.0 our
4304.0 11652.0 324.0 96.0 doors
4732.0 11660.0 108.0 84.0 to

2676.0 11780.0 300.0 88.0 those
3052.0 11780.0 236.0 92.0 who
3352.0 11780.0 432.0 92.0 showed
3856.0 11784.0 284.0 92.0 their
4204.0 11788.0 416.0 112.0 enmity
4688.0 11792.0 108.0 92.0 to-

2672.0 11916.0 296.0 92.0 ward
3036.0 11940.0 128.0 68.0 us
3228.0 11916.0 108.0 92.0 in
3400.0 11944.0 200.0 72.0 our
3668.0 11916.0 272.0 104.0 hour
4004.0 11920.0 116.0 96.0 of
4176.0 11920.0 328.0 92.0 need"
4572.0 11944.0 224.0 72.0 wor-

2680.0 12048.0 220.0 92.0 ried
3012.0 12072.0 292.0 72.0 some
3412.0 12052.0 408.0 96.0 British
3936.0 12052.0 484.0 96.0 business
4532.0 12080.0 268.0 92.0 quar-

2676.0 12188.0 244.0 104.0 ters,
2996.0 12184.0 512.0 100.0 however.

2788.0 12320.0 348.0 96.0 These
3200.0 12348.0 432.0 68.0 sources
3696.0 12328.0 484.0 92.0 asserted
4248.0 12328.0 232.0 92.0 that
4560.0 12332.0 228.0 88.0 Brit-

2676.0 12452.0 208.0 112.0 ain,
2980.0 12456.0 108.0 92.0 in
3184.0 12456.0 252.0 108.0 1936,
3544.0 12464.0 528.0 108.0 imported
4172.0 12464.0 328.0 92.0 about
4596.0 12460.0 196.0 104.0 $25,-

2672.0 12592.0 384.0 104.0 000,000
3124.0 12600.0 340.0 88.0 worth
3532.0 12596.0 120.0 88.0 of
3720.0 12600.0 232.0 88.0 iron
4020.0 12624.0 208.0 80.0 ore,
4296.0 12604.0 120.0 92.0 of
4480.0 12604.0 352.0 92.0 which

2672.0 12732.0 368.0 116.0 nearly
3124.0 12724.0 532.0 108.0 $5,000,000
3740.0 12736.0 344.0 88.0 worth
4160.0 12756.0 304.0 72.0 came
4552.0 12736.0 276.0 92.0 from

2676.0 12864.0 356.0 112.0 Spain.

2788.0 13000.0 408.0 92.0 British
3268.0 13004.0 392.0 112.0 capital
3728.0 13004.0 228.0 92.0 also
4016.0 13004.0 196.0 96.0 has
4272.0 13004.0 352.0 112.0 heavy
4692.0 13008.0 100.0 92.0 In-

2680.0 13132.0 384.0 92.0 terests
3192.0 13132.0 104.0 92.0 in
3424.0 13136.0 544.0 100.0 minerals,
4080.0 13140.0 340.0 88.0 citrus
4548.0 13136.0 296.0 108.0 fruit,

2676.0 13272.0 204.0 92.0 and
2964.0 13272.0 328.0 92.0 wines
3368.0 13268.0 100.0 96.0 In
3552.0 13272.0 260.0 96.0 both
3892.0 13280.0 324.0 108.0 Spain
4292.0 13272.0 212.0 100.0 and
4592.0 13276.0 204.0 96.0 Por-

2672.0 13408.0 332.0 112.0 tugal.
2808.0 13540.0 584.0 96.0 Observers
3500.0 13544.0 232.0 92.0 said
3840.0 13540.0 212.0 100.0 loss
4160.0 13544.0 112.0 96.0 of
4372.0 13544.0 464.0 116.0 Spanish

2688.0 13676.0 308.0 96.0 trade
3072.0 13684.0 340.0 100.0 would
3492.0 13684.0 124.0 96.0 be
3704.0 13708.0 64.0 68.0 a
3840.0 13708.0 364.0 68.0 severe
4292.0 13680.0 280.0 100.0 blow
4656.0 13684.0 184.0 92.0 but

2688.0 13816.0 348.0 92.0 would
3108.0 13824.0 180.0 88.0 not
3352.0 13840.0 324.0 92.0 prove
3740.0 13816.0 624.0 100.0 disastrous.

2800.0 14148.0 452.0 112.0 Madrid,
3384.0 14148.0 256.0 124.0 July
3776.0 14152.0 52.0 96.0 7
3972.0 14156.0 268.0 96.0 (AP)
4380.0 14156.0 424.0 92.0 Govern-

2680.0 14288.0 296.0 92.0 ment
3076.0 14284.0 580.0 96.0 battalions
3760.0 14296.0 336.0 108.0 swept
4204.0 14292.0 224.0 96.0 into
4536.0 14292.0 276.0 96.0 Villa-

2672.0 14440.0 344.0 76.0 neuva
3056.0 14420.0 128.0 92.0 de
3224.0 14424.0 96.0 96.0 la
3400.0 14428.0 472.0 100.0 Canada,
3912.0 14428.0 512.0 104.0 strategic
4460.0 14428.0 392.0 108.0 village

2688.0 14564.0 296.0 96.0 West
3092.0 14568.0 120.0 92.0 of
3304.0 14564.0 448.0 108.0 Madrid,
3848.0 14568.0 180.0 88.0 the
4140.0 14572.0 700.0 108.0 government

2688.0 14708.0 632.0 92.0 announced
3480.0 14700.0 636.0 112.0 tonight,
4268.0 14704.0 588.0 108.0 capturing"

2688.0 14836.0 588.0 112.0 quantities
3416.0 14840.0 124.0 92.0 of
3684.0 14864.0 324.0 80.0 arms,
4124.0 14840.0 712.0 92.0 ammunition

2688.0 14976.0 208.0 88.0 and
2960.0 15000.0 296.0 68.0 more
3316.0 14976.0 256.0 96.0 thnn
3636.0 14976.0 176.0 96.0 100
3868.0 14980.0 564.0 108.0 prisoners.

2804.0 15112.0 228.0 92.0 The
3188.0 15112.0 476.0 96.0 advance
3820.0 15116.0 416.0 92.0 carried
4380.0 15116.0 460.0 92.0 General

2684.0 15248.0 252.0 92.0 Jose
3004.0 15252.0 420.0 108.0 Miaja's
3488.0 15256.0 372.0 108.0 troops
3928.0 15256.0 384.0 112.0 deeper
4376.0 15252.0 236.0 92.0 into
4680.0 15252.0 116.0 92.0 In-

2688.0 15392.0 448.0 104.0 surgent
3220.0 15388.0 508.0 116.0 territory
3808.0 15388.0 396.0 92.0 behind
4280.0 15388.0 188.0 96.0 the
4552.0 15392.0 288.0 104.0 siege

2688.0 15520.0 268.0 96.0 lines
3088.0 15524.0 220.0 96.0 still
3432.0 15528.0 492.0 112.0 clamped
4060.0 15552.0 128.0 68.0 on
4308.0 15512.0 536.0 108.0 "Madrid's

2688.0 15660.0 488.0 92.0 Western
3256.0 15664.0 556.0 104.0 outskirts,
3900.0 15664.0 212.0 92.0 and
4200.0 15668.0 640.0 108.0 apparently

2688.0 15800.0 632.0 104.0 threatened
3400.0 15808.0 112.0 88.0 to
3604.0 15800.0 300.0 96.0 drive
4000.0 15828.0 64.0 68.0 a
4156.0 15804.0 372.0 108.0 wedge
4620.0 15808.0 184.0 88.0 cut-

2688.0 15936.0 236.0 112.0 ting
3008.0 15940.0 172.0 92.0 off
3272.0 15940.0 180.0 92.0 the
3544.0 15936.0 536.0 112.0 besiegers
4176.0 15944.0 288.0 88.0 from
4564.0 15940.0 280.0 92.0 their

2688.0 16076.0 288.0 88.0 main
3040.0 16076.0 380.0 92.0 forces.

2796.0 16208.0 284.0 92.0 Both
3168.0 16216.0 700.0 104.0 government
3972.0 16216.0 208.0 96.0 and
4288.0 16216.0 560.0 108.0 insurgent

2688.0 16352.0 424.0 104.0 reports
3212.0 16352.0 600.0 88.0 confirmed
3940.0 16352.0 180.0 92.0 the
4244.0 16356.0 232.0 88.0 fact
4604.0 16356.0 236.0 88.0 that

2676.0 16508.0 64.0 68.0 a
2796.0 16480.0 340.0 96.0 battle
3192.0 16512.0 216.0 64.0 was
3448.0 16488.0 340.0 92.0 under
3848.0 16512.0 236.0 92.0 way
4120.0 16516.0 128.0 64.0 on
4308.0 16488.0 184.0 92.0 the
4556.0 16488.0 292.0 96.0 front

2684.0 16620.0 296.0 96.0 West
3052.0 16624.0 112.0 92.0 of
3240.0 16624.0 444.0 96.0 Madrid.

2804.0 16760.0 228.0 96.0 The
3132.0 16760.0 188.0 96.0 Air
3424.0 16760.0 508.0 112.0 Ministry
4032.0 16760.0 232.0 96.0 said
4368.0 16764.0 432.0 92.0 Govern-

2688.0 16908.0 296.0 84.0 ment
3088.0 16900.0 600.0 112.0 squardons
3792.0 16900.0 428.0 100.0 clashed
4312.0 16904.0 268.0 88.0 with
4680.0 16904.0 124.0 88.0 In-

2688.0 17044.0 448.0 96.0 surgent
3208.0 17040.0 412.0 92.0 airmen
3696.0 17036.0 104.0 96.0 in
3880.0 17044.0 212.0 88.0 two
4164.0 17040.0 680.0 112.0 spectacular

2692.0 17172.0 392.0 96.0 battles
3240.0 17176.0 352.0 112.0 today,
3772.0 17200.0 200.0 72.0 one
4152.0 17176.0 252.0 112.0 high
4592.0 17200.0 252.0 72.0 over

2692.0 17312.0 452.0 104.0 Madrid,
3256.0 17316.0 524.0 108.0 resulting
3896.0 17316.0 100.0 92.0 In
4112.0 17316.0 176.0 88.0 the
4404.0 17316.0 220.0 92.0 loss
4736.0 17316.0 112.0 88.0 of

2688.0 17448.0 300.0 96.0 three
3100.0 17448.0 572.0 116.0 Insurgent
3784.0 17448.0 452.0 92.0 aircraft
4332.0 17460.0 216.0 88.0 and
4648.0 17476.0 196.0 68.0 one

2680.0 17592.0 696.0 108.0 government
3448.0 17588.0 340.0 112.0 piano.

2868.0 17752.0 320.0 100.0 TWO
3272.0 17756.0 584.0 104.0 FELLED,
3944.0 17756.0 124.0 92.0 IS
4152.0 17756.0 500.0 96.0 STORV.

2792.0 17916.0 228.0 96.0 The
3148.0 17924.0 496.0 116.0 mini.stiy
3748.0 17924.0 492.0 88.0 declared
4368.0 17924.0 248.0 92.0 that
4740.0 17924.0 112.0 92.0 20

2676.0 18064.0 692.0 100.0 government
3488.0 18060.0 428.0 112.0 pursuit
4028.0 18060.0 368.0 108.0 planes
4512.0 18060.0 340.0 92.0 above

2688.0 18196.0 416.0 96.0 Madrid
3228.0 18196.0 212.0 92.0 this
3592.0 18196.0 504.0 112.0 morning
4212.0 18200.0 456.0 112.0 "fought
4780.0 18224.0 64.0 68.0 a

2688.0 18332.0 316.0 88.0 much
3108.0 18332.0 484.0 112.0 superior
3692.0 18332.0 456.0 92.0 number
4240.0 18340.0 120.0 88.0 of
4464.0 18360.0 380.0 88.0 enemy

2684.0 18468.0 400.0 116.0 planes,
3148.0 18488.0 392.0 88.0 among
3600.0 18468.0 352.0 92.0 which
4016.0 18476.0 540.0 104.0 appeared
4624.0 18492.0 184.0 68.0 sev-

2684.0 18608.0 220.0 88.0 eral
2976.0 18608.0 612.0 100.0 two-seater
3656.0 18604.0 372.0 108.0 planes
4100.0 18608.0 164.0 88.0 for
4336.0 18608.0 184.0 88.0 the
4596.0 18604.0 248.0 92.0 first

2684.0 18740.0 288.0 108.0 time,
3056.0 18736.0 208.0 92.0 and
3352.0 18740.0 352.0 100.0 which
3788.0 18760.0 280.0 72.0 were
4156.0 18736.0 352.0 116.0 flying
4592.0 18760.0 252.0 68.0 over

2680.0 18872.0 268.0 108.0 6,000
3012.0 18872.0 220.0 92.0 feet
3300.0 18872.0 280.0 112.0 high.

2800.0 19004.0 316.0 100.0 "Two
3192.0 19008.0 244.0 92.0 Flat
3528.0 19004.0 496.0 96.0 (Italian)
4112.0 19004.0 372.0 116.0 planes
4568.0 19032.0 276.0 72.0 were

2680.0 19140.0 468.0 116.0 brought
3200.0 19144.0 332.0 104.0 down,
3572.0 19164.0 200.0 68.0 one
3832.0 19140.0 380.0 116.0 falling
4264.0 19140.0 104.0 92.0 In
4424.0 19140.0 420.0 92.0 flames.

2684.0 19280.0 216.0 92.0 The
2972.0 19280.0 264.0 116.0 pilot
3300.0 19272.0 432.0 120.0 jumped
3796.0 19276.0 256.0 92.0 with
4120.0 19296.0 68.0 68.0 a
4248.0 19280.0 596.0 104.0 parachute

2688.0 19416.0 280.0 96.0 from
3048.0 19416.0 180.0 92.0 the
3304.0 19412.0 308.0 96.0 other
3684.0 19408.0 272.0 96.0 Fiat.
4092.0 19408.0 188.0 92.0 We
4352.0 19408.0 488.0 92.0 suffered

2680.0 19552.0 180.0 92.0 the
2920.0 19548.0 220.0 96.0 loss
3192.0 19544.0 120.0 100.0 of
3364.0 19568.0 196.0 72.0 one
3620.0 19536.0 516.0 120.0 biplane."

2800.0 19684.0 128.0 92.0 In
2996.0 19684.0 184.0 92.0 the
3248.0 19684.0 388.0 92.0 second
3704.0 19684.0 164.0 92.0 air
3936.0 19676.0 324.0 96.0 r-ttle
4332.0 19700.0 64.0 72.0 a
4464.0 19676.0 340.0 116.0 squad-

2688.0 19840.0 192.0 68.0 ron
3012.0 19820.0 120.0 92.0 of
3256.0 19816.0 244.0 96.0 nine
3640.0 19812.0 696.0 116.0 government
4472.0 19812.0 372.0 112.0 planes

2688.0 19952.0 452.0 108.0 bombed
3272.0 19956.0 180.0 88.0 the
3592.0 19948.0 560.0 112.0 Insurgent
4280.0 19968.0 324.0 92.0 camp
4736.0 19948.0 108.0 92.0 at

2688.0 20088.0 640.0 92.0 Retamarcs
3420.0 20092.0 208.0 92.0 and
3724.0 20084.0 180.0 92.0 the
3996.0 20084.0 284.0 92.0 town
4372.0 20080.0 120.0 92.0 of
4584.0 20084.0 220.0 88.0 Boa-

2684.0 20224.0 284.0 112.0 dilla,
3048.0 20224.0 268.0 88.0 west
3392.0 20224.0 116.0 92.0 of
3592.0 20216.0 420.0 104.0 Madrid
4100.0 20216.0 480.0 92.0 between
4664.0 20216.0 180.0 88.0 the

2684.0 20380.0 232.0 72.0 new
2984.0 20356.0 704.0 112.0 government
3748.0 20352.0 480.0 92.0 advance
4296.0 20348.0 276.0 92.0 lines
4636.0 20348.0 208.0 92.0 and

2684.0 20492.0 184.0 96.0 the
2956.0 20492.0 560.0 108.0 insurgent
3604.0 20508.0 248.0 72.0 rear
3936.0 20484.0 344.0 112.0 guard
4364.0 20492.0 116.0 84.0 at
4572.0 20484.0 276.0 92.0 Casa

2684.0 20624.0 128.0 100.0 de
2884.0 20628.0 436.0 112.0 Campo.

2804.0 20760.0 300.0 96.0 More
3224.0 20764.0 260.0 88.0 than
3604.0 20756.0 180.0 92.0 100
3900.0 20760.0 544.0 112.0 prisoners
4568.0 20772.0 276.0 72.0 were

2680.0 20896.0 520.0 112.0 captured
3284.0 20896.0 104.0 92.0 in
3468.0 20888.0 640.0 100.0 Villaneuva
4180.0 20888.0 132.0 92.0 de
4392.0 20892.0 112.0 88.0 la
4580.0 20888.0 224.0 92.0 Can-

2680.0 21032.0 236.0 104.0 ada,
2988.0 21024.0 548.0 112.0 including
3596.0 21048.0 144.0 72.0 an
3804.0 21024.0 484.0 112.0 artillery
4352.0 21020.0 496.0 112.0 Captain,

4948.0 9136.0 252.0 96.0 who
5272.0 9140.0 500.0 112.0 reported
5844.0 9140.0 180.0 92.0 the
6092.0 9140.0 352.0 112.0 Major
6504.0 9140.0 576.0 92.0 command-

4952.0 9276.0 188.0 112.0 ing
5204.0 9276.0 180.0 88.0 the
5444.0 9276.0 520.0 92.0 Centuria
6020.0 9296.0 524.0 92.0 company
6600.0 9280.0 116.0 92.0 of
6780.0 9276.0 304.0 96.0 Insur-

4948.0 9412.0 328.0 108.0 gents
5340.0 9408.0 204.0 108.0 had
5616.0 9408.0 272.0 96.0 been
5948.0 9408.0 320.0 100.0 killed
6328.0 9412.0 212.0 92.0 last
6600.0 9412.0 344.0 112.0 night.

4948.0 9700.0 676.0 180.0 Harvard
5696.0 9704.0 512.0 176.0 Denies
6284.0 9700.0 372.0 184.0 Cash
6728.0 9700.0 292.0 184.0 Aid

5140.0 9968.0 200.0 180.0 To
5416.0 9972.0 952.0 180.0 Government
6444.0 9976.0 156.0 176.0 In
6676.0 9976.0 448.0 212.0 Spain

5080.0 10440.0 436.0 116.0 Boston,
5644.0 10440.0 260.0 120.0 July
6024.0 10440.0 56.0 100.0 7
6212.0 10444.0 272.0 100.0 (AP)
6628.0 10444.0 88.0 96.0 A
6840.0 10448.0 284.0 100.0 state

4956.0 10572.0 544.0 100.0 Senator's
5664.0 10584.0 396.0 108.0 charge
6220.0 10584.0 240.0 92.0 that
6616.0 10584.0 500.0 96.0 Harvard

4952.0 10712.0 628.0 116.0 University
5712.0 10740.0 272.0 92.0 gave
6084.0 10716.0 516.0 96.0 financial
6720.0 10720.0 176.0 96.0 aid
7020.0 10724.0 108.0 92.0 to

4952.0 10852.0 196.0 88.0 the
5256.0 10848.0 460.0 112.0 Spanish
5824.0 10852.0 464.0 116.0 Loyalist
6396.0 10856.0 732.0 92.0 Government

4956.0 10976.0 464.0 116.0 brought
5500.0 11012.0 68.0 68.0 a
5644.0 10992.0 284.0 92.0 terse
6004.0 10988.0 352.0 100.0 denial
6436.0 10992.0 320.0 120.0 today
6836.0 10992.0 284.0 88.0 from

4952.0 11116.0 536.0 112.0 Harvard,
5580.0 11124.0 220.0 96.0 and
5892.0 11152.0 64.0 72.0 a
6040.0 11124.0 456.0 96.0 demand
6588.0 11124.0 176.0 92.0 for
6852.0 11124.0 224.0 92.0 "evi-

4952.0 11256.0 400.0 88.0 dence"
5436.0 11256.0 280.0 100.0 from
5804.0 11256.0 876.0 104.0 Massachusett's
6764.0 11260.0 320.0 92.0 Secre-

4952.0 11392.0 252.0 108.0 tary
5272.0 11388.0 116.0 96.0 of
5456.0 11388.0 336.0 100.0 State.

5080.0 11524.0 216.0 92.0 For
5380.0 11528.0 184.0 92.0 the
5644.0 11524.0 388.0 96.0 second
6112.0 11528.0 260.0 100.0 time
6456.0 11528.0 100.0 92.0 in
6644.0 11552.0 64.0 72.0 a
6788.0 11528.0 328.0 112.0 week,

4952.0 11656.0 312.0 96.0 State
5376.0 11660.0 460.0 96.0 Senator
5940.0 11664.0 464.0 92.0 Thomas
6508.0 11664.0 96.0 96.0 J.
6724.0 11664.0 392.0 104.0 Burke,

4956.0 11796.0 616.0 116.0 Democrat,
5732.0 11800.0 420.0 108.0 Boston,
6312.0 11800.0 328.0 112.0 today
6788.0 11808.0 332.0 84.0 wrote

4952.0 11928.0 576.0 120.0 Secretary
5656.0 11936.0 124.0 92.0 of
5908.0 11936.0 288.0 92.0 State
6332.0 11936.0 500.0 92.0 Frederic
6968.0 11936.0 152.0 92.0 W.

4952.0 12064.0 304.0 96.0 Cook
5356.0 12068.0 232.0 92.0 that
5700.0 12072.0 128.0 88.0 he
5932.0 12068.0 464.0 92.0 believed
6500.0 12068.0 620.0 92.0 "sufficient

4952.0 12204.0 512.0 92.0 evidence
5564.0 12204.0 336.0 96.0 exists
5988.0 12208.0 108.0 88.0 to
6188.0 12224.0 320.0 92.0 prove
6604.0 12200.0 240.0 96.0 that
6940.0 12208.0 180.0 84.0 tho

4952.0 12336.0 600.0 112.0 university
5620.0 12364.0 124.0 68.0 as
5816.0 12364.0 60.0 64.0 a
5944.0 12336.0 672.0 116.0 corporation
6692.0 12344.0 196.0 88.0 has
6960.0 12364.0 120.0 64.0 as-

4944.0 12472.0 344.0 92.0 sisted
5376.0 12476.0 176.0 88.0 the
5644.0 12476.0 464.0 112.0 Loyalist
6196.0 12476.0 724.0 88.0 Government
7012.0 12476.0 100.0 88.0 in

4952.0 12604.0 428.0 116.0 Spain."

5080.0 12744.0 96.0 92.0 It
5268.0 12768.0 216.0 76.0 was
5572.0 12748.0 188.0 88.0 the
5848.0 12744.0 392.0 96.0 Boston
6320.0 12768.0 340.0 96.0 group
6740.0 12744.0 116.0 92.0 of
6936.0 12748.0 180.0 92.0 the

4956.0 12876.0 460.0 92.0 Medical
5508.0 12880.0 456.0 108.0 Bureau,
6048.0 12884.0 116.0 88.0 of
6252.0 12884.0 344.0 88.0 which
6688.0 12904.0 68.0 68.0 a
6844.0 12880.0 236.0 92.0 Har-

4944.0 13016.0 280.0 88.0 vard
5392.0 13016.0 456.0 92.0 Medical
5996.0 13020.0 372.0 96.0 School
6520.0 13016.0 596.0 108.0 Professor,

4948.0 13148.0 192.0 96.0 Dr.
5252.0 13148.0 404.0 96.0 Walter
5764.0 13152.0 112.0 92.0 B.
5980.0 13152.0 468.0 104.0 Cannon,
6556.0 13152.0 84.0 92.0 Is
6748.0 13148.0 328.0 92.0 Chair-

4952.0 13308.0 292.0 80.0 man,
5376.0 13284.0 236.0 92.0 that
5752.0 13288.0 180.0 88.0 the
6060.0 13288.0 448.0 88.0 Senator
6644.0 13284.0 464.0 116.0 charged

4952.0 13416.0 364.0 96.0 raised
5384.0 13444.0 388.0 92.0 money
5836.0 13420.0 164.0 92.0 for
6060.0 13424.0 176.0 92.0 the
6308.0 13420.0 468.0 120.0 Loyalist
6852.0 13420.0 228.0 92.0 Gov-

4952.0 13560.0 528.0 88.0 ernment.
5076.0 13692.0 192.0 92.0 Dr.
5420.0 13688.0 480.0 108.0 Cannon,
6056.0 13712.0 132.0 72.0 on
6348.0 13688.0 500.0 96.0 vacation
7008.0 13688.0 108.0 92.0 at

4956.0 13824.0 556.0 112.0 Franklin,
5592.0 13828.0 136.0 96.0 N.
5804.0 13824.0 160.0 108.0 H.,
6032.0 13824.0 228.0 92.0 said
6336.0 13824.0 496.0 96.0 Harvard
6908.0 13820.0 208.0 96.0 had

4956.0 13960.0 276.0 92.0 been
5300.0 13960.0 100.0 92.0 in
5468.0 13984.0 140.0 68.0 no
5672.0 13984.0 236.0 88.0 way
5972.0 13956.0 576.0 96.0 connected
6612.0 13956.0 256.0 100.0 with
6940.0 13956.0 176.0 92.0 the

4956.0 14092.0 648.0 96.0 committee.
5784.0 14092.0 180.0 96.0 Dr.
6068.0 14092.0 436.0 96.0 Cannon
6616.0 14088.0 236.0 96.0 said
6960.0 14088.0 164.0 92.0 his

4960.0 14252.0 348.0 88.0 group
5372.0 14228.0 212.0 92.0 had
5660.0 14228.0 348.0 92.0 raised
6084.0 14224.0 320.0 108.0 $1,500
6468.0 14224.0 168.0 92.0 for
6696.0 14248.0 144.0 68.0 an
6908.0 14244.0 176.0 68.0 am-

4960.0 14360.0 456.0 92.0 bulance
5500.0 14360.0 216.0 92.0 and
5808.0 14356.0 228.0 108.0 $100
6116.0 14360.0 168.0 92.0 for
6368.0 14356.0 432.0 112.0 general
6888.0 14376.0 200.0 92.0 pur-

4956.0 14520.0 348.0 88.0 poses,
5372.0 14496.0 208.0 92.0 and
5652.0 14496.0 256.0 92.0 both
5976.0 14496.0 172.0 88.0 the
6212.0 14492.0 636.0 92.0 ambulance
6916.0 14484.0 204.0 96.0 and

4956.0 14652.0 392.0 88.0 money
5444.0 14628.0 448.0 112.0 already
5992.0 14628.0 204.0 92.0 had
6304.0 14628.0 264.0 88.0 been
6668.0 14632.0 244.0 88.0 sent
7020.0 14628.0 104.0 84.0 to

4956.0 14764.0 364.0 116.0 Spain.

5288.0 15024.0 380.0 156.0 YALE
5768.0 15024.0 592.0 148.0 HONORS
6452.0 15016.0 336.0 152.0 WON

9508.0 1644.0 1068.0 220.0 JASPER

12312.0 1644.0 256.0 272.0 By
12632.0 1644.0 604.0 236.0 Frank
13304.0 1644.0 532.0 224.0 Owen

4956.0 15356.0 172.0 124.0 By
5224.0 15352.0 416.0 120.0 Young
5732.0 15348.0 792.0 100.0 Cincinnatian
6616.0 15348.0 216.0 96.0 For
6920.0 15344.0 152.0 100.0 De-

5188.0 15556.0 256.0 120.0 sign
5524.0 15556.0 144.0 100.0 Of
5744.0 15556.0 300.0 96.0 Civic
6112.0 15552.0 760.0 96.0 Auditorium.

5072.0 15760.0 232.0 100.0 The
5376.0 15764.0 376.0 112.0 design
5824.0 15760.0 112.0 92.0 of
6004.0 15788.0 60.0 68.0 a
6128.0 15756.0 272.0 96.0 civic
6464.0 15756.0 652.0 96.0 auditorium

4956.0 15932.0 460.0 112.0 planned
5492.0 15940.0 112.0 88.0 to
5692.0 15932.0 280.0 92.0 meet
6040.0 15928.0 176.0 92.0 the
6296.0 15928.0 324.0 96.0 need3
6692.0 15924.0 116.0 92.0 of
6884.0 15924.0 192.0 96.0 Cin-

4952.0 16096.0 412.0 92.0 cinnati
5480.0 16092.0 204.0 96.0 has
5800.0 16120.0 228.0 68.0 won
6144.0 16096.0 172.0 88.0 for
6432.0 16092.0 464.0 92.0 Herbert
7008.0 16088.0 108.0 96.0 C.

4956.0 16260.0 468.0 120.0 Millkcy,
5576.0 16260.0 244.0 96.0 1316
5972.0 16264.0 288.0 92.0 Race
6412.0 16260.0 380.0 108.0 Street,
6940.0 16256.0 180.0 92.0 the

4952.0 16428.0 432.0 104.0 highest
5468.0 16428.0 340.0 112.0 grade
5900.0 16428.0 336.0 92.0 which
6332.0 16424.0 260.0 96.0 Yale
6680.0 16424.0 404.0 92.0 Univer-

4952.0 16568.0 224.0 108.0 sity
5248.0 16564.0 292.0 108.0 gives
5620.0 16564.0 180.0 92.0 for
5876.0 16564.0 284.0 92.0 work
6240.0 16564.0 116.0 96.0 of
6428.0 16564.0 216.0 92.0 this
6724.0 16568.0 276.0 104.0 type.

5076.0 16696.0 576.0 96.0 Professor
5892.0 16696.0 384.0 92.0 Ernest
6516.0 16692.0 604.0 108.0 Pickering,

4952.0 16832.0 284.0 100.0 head
5332.0 16832.0 112.0 92.0 of
5532.0 16836.0 188.0 92.0 the
5816.0 16832.0 668.0 112.0 department
6580.0 16832.0 116.0 88.0 of
6784.0 16828.0 300.0 92.0 archi-

4948.0 16972.0 420.0 88.0 tecture
5472.0 16964.0 112.0 96.0 In
5684.0 16972.0 184.0 96.0 the
5964.0 16968.0 376.0 92.0 School
6440.0 16964.0 116.0 92.0 of
6668.0 16960.0 448.0 116.0 Applied

4948.0 17104.0 296.0 104.0 Arts,
5308.0 17100.0 624.0 112.0 University
5992.0 17100.0 112.0 92.0 of
6172.0 17100.0 644.0 100.0 Cincinnati,
6892.0 17096.0 224.0 92.0 said

4952.0 17240.0 576.0 112.0 yenterday
5612.0 17236.0 136.0 92.0 he
5840.0 17236.0 200.0 88.0 had
6128.0 17236.0 260.0 92.0 been
6480.0 17232.0 452.0 92.0 notified
7016.0 17232.0 112.0 88.0 of

4960.0 17372.0 528.0 112.0 Millkey's
5676.0 17372.0 368.0 92.0 honor.
6280.0 17368.0 440.0 112.0 Millkry
6904.0 17388.0 216.0 64.0 was

4948.0 17500.0 604.0 116.0 graduated
5668.0 17508.0 280.0 96.0 from
6052.0 17508.0 176.0 88.0 the
6336.0 17500.0 120.0 96.0 U.
6564.0 17500.0 108.0 92.0 C.
6780.0 17500.0 300.0 88.0 archi-

4948.0 17644.0 464.0 92.0 tectural
5492.0 17664.0 388.0 72.0 course
5960.0 17640.0 100.0 92.0 in
6136.0 17636.0 256.0 92.0 1933.

5080.0 17780.0 204.0 92.0 His
5348.0 17780.0 492.0 104.0 showing
5912.0 17772.0 452.0 112.0 brought
6444.0 17772.0 432.0 120.0 Millkey
6948.0 17772.0 176.0 88.0 the

4956.0 17928.0 244.0 96.0 post
5356.0 17912.0 112.0 88.0 of
5632.0 17908.0 468.0 92.0 Marshal
6256.0 17908.0 112.0 84.0 of
6524.0 17908.0 184.0 88.0 the
6872.0 17900.0 256.0 92.0 Yale

4948.0 18044.0 392.0 96.0 School
5416.0 18044.0 120.0 92.0 of
5620.0 18048.0 268.0 92.0 Fine
5960.0 18048.0 248.0 88.0 Arts
6292.0 18048.0 112.0 88.0 at
6484.0 18040.0 184.0 88.0 the
6756.0 18040.0 364.0 88.0 recent

4944.0 18180.0 276.0 92.0 Yale
5308.0 18184.0 944.0 96.0 commencement,
6340.0 18172.0 584.0 108.0 according
7012.0 18176.0 108.0 84.0 to

4956.0 18320.0 572.0 92.0 Professor
5676.0 18312.0 600.0 108.0 Pickering.
6484.0 18308.0 220.0 92.0 The
6856.0 18308.0 268.0 88.0 civic

4952.0 18448.0 664.0 96.0 auditorium
5732.0 18448.0 364.0 108.0 design
6200.0 18464.0 224.0 68.0 was
6520.0 18440.0 164.0 92.0 his
6784.0 18440.0 340.0 92.0 thesis

4952.0 18588.0 512.0 116.0 problem.
5616.0 18580.0 432.0 112.0 Millkey
6128.0 18576.0 480.0 96.0 received
6688.0 18572.0 188.0 92.0 the
6956.0 18576.0 128.0 88.0 de-

4956.0 18748.0 256.0 84.0 gree
5304.0 18720.0 116.0 92.0 of
5504.0 18724.0 412.0 96.0 master
6000.0 18712.0 112.0 92.0 of
6200.0 18712.0 224.0 96.0 fine
6516.0 18708.0 228.0 96.0 arts
6836.0 18708.0 284.0 92.0 from

4952.0 18856.0 300.0 96.0 Yale.

5068.0 19160.0 184.0 120.0 TO
5328.0 19152.0 572.0 124.0 REPAIR
5968.0 19144.0 1036.0 124.0 DORMITORIES.

4956.0 19376.0 356.0 64.0 sr.aiAi
5372.0 19372.0 436.0 68.0 iwsraTOH
5864.0 19368.0 100.0 56.0 to
6020.0 19368.0 168.0 56.0 thb
6244.0 19364.0 452.0 72.0 KXQt-num.

5072.0 19492.0 724.0 108.0 Huntington,
5888.0 19488.0 148.0 88.0 W.
6124.0 19484.0 216.0 100.0 Va.,
6428.0 19476.0 248.0 112.0 July
4944.0 19472.0 2176.0 268.0 7-A1-though

5452.0 19632.0 184.0 84.0 the
5680.0 19620.0 436.0 96.0 Federal
6156.0 19616.0 724.0 92.0 Government
6924.0 19612.0 192.0 92.0 has

4944.0 19764.0 440.0 92.0 refused
5472.0 19768.0 116.0 84.0 to
5680.0 19760.0 240.0 112.0 help
6000.0 19756.0 424.0 92.0 finance
6508.0 19748.0 180.0 88.0 the
6776.0 19744.0 300.0 92.0 eleva-

4940.0 19904.0 240.0 92.0 tion
5236.0 19900.0 108.0 92.0 of
5400.0 19896.0 516.0 96.0 Marshall
5968.0 19892.0 412.0 104.0 College
6436.0 19880.0 680.0 92.0 dormitories

4948.0 20040.0 348.0 88.0 above
5352.0 20036.0 176.0 88.0 the
5588.0 20032.0 484.0 108.0 January
6128.0 20020.0 280.0 96.0 flood
6472.0 20016.0 292.0 104.0 level,
6820.0 20024.0 296.0 88.0 work

4948.0 20172.0 120.0 92.0 of
5164.0 20168.0 548.0 116.0 repairing
5804.0 20168.0 176.0 92.0 the
6068.0 20160.0 448.0 104.0 damage
6612.0 20152.0 276.0 100.0 done
6988.0 20152.0 128.0 112.0 by

4944.0 20308.0 192.0 92.0 the
5208.0 20308.0 280.0 88.0 flood
5556.0 20304.0 216.0 88.0 will
5844.0 20300.0 296.0 112.0 begin
6212.0 20292.0 756.0 112.0 immediately,
7036.0 20292.0 80.0 92.0 It

4944.0 20464.0 236.0 72.0 was
5280.0 20440.0 632.0 92.0 announced
6016.0 20432.0 320.0 112.0 today
6440.0 20428.0 136.0 112.0 by
6676.0 20424.0 436.0 92.0 Colonel

4944.0 20580.0 300.0 96.0 John
5304.0 20576.0 360.0 92.0 Baker
5720.0 20572.0 372.0 104.0 White,
6152.0 20568.0 556.0 92.0 President
6764.0 20560.0 120.0 88.0 of
6936.0 20560.0 176.0 96.0 the

4948.0 20712.0 312.0 92.0 State
5320.0 20712.0 356.0 92.0 Board
5740.0 20708.0 116.0 92.0 of
5904.0 20704.0 460.0 96.0 Control.
6480.0 20700.0 220.0 88.0 The
6764.0 20692.0 312.0 112.0 Legis-

4948.0 20848.0 360.0 92.0 lature
5368.0 20844.0 760.0 116.0 appropriated
6192.0 20836.0 440.0 112.0 $130,000
6696.0 20832.0 172.0 92.0 for
6936.0 20832.0 176.0 92.0 the

4948.0 20984.0 444.0 112.0 repairs.

552.0 21368.0 1140.0 120.0 ujmjjisv'.ijm
1940.0 21468.0 28.0 20.0 .
2112.0 21376.0 148.0 112.0 w
2732.0 21372.0 176.0 116.0 ..J
3064.0 21424.0 60.0 64.0 a

604.0 26872.0 216.0 100.0 New
880.0 26888.0 156.0 84.0 Tor
1448.0 26888.0 48.0 88.0 Ss
1748.0 26832.0 468.0 188.0 Uj

3228.0 21608.0 708.0 372.0 Let
4088.0 21732.0 456.0 256.0 us
4712.0 21608.0 940.0 380.0 Plan
5804.0 21616.0 1020.0 376.0 Your

3060.0 22112.0 1304.0 196.0 VACATION
4512.0 22120.0 340.0 188.0 OR
4988.0 22120.0 1268.0 196.0 BUSINESS
6396.0 22124.0 592.0 188.0 TRIP

4148.0 22412.0 308.0 140.0 The
4524.0 22416.0 364.0 136.0 East
4948.0 22412.0 564.0 144.0 Invites
5564.0 22420.0 320.0 136.0 You

3172.0 22664.0 532.0 100.0 America's
3752.0 22688.0 424.0 100.0 greatest
4224.0 22668.0 416.0 96.0 railroad
4688.0 22672.0 468.0 116.0 provides
5208.0 22676.0 160.0 88.0 the
5420.0 22680.0 356.0 88.0 easiest
5820.0 22708.0 200.0 88.0 way
6064.0 22700.0 96.0 68.0 to
6212.0 22700.0 160.0 92.0 get
6424.0 22684.0 292.0 88.0 there.
6764.0 22680.0 216.0 92.0 You

3036.0 22796.0 204.0 92.0 rids
3300.0 22796.0 92.0 96.0 in
3456.0 22800.0 252.0 108.0 cool,
3772.0 22804.0 304.0 108.0 clean,
4140.0 22804.0 272.0 116.0 quiat
4472.0 22804.0 420.0 92.0 comfort
4956.0 22800.0 100.0 96.0 in
5136.0 22808.0 804.0 92.0 air-conditioned
6008.0 22816.0 556.0 116.0 equipment
6628.0 22840.0 124.0 64.0 on
6820.0 22816.0 164.0 88.0 the

3056.0 22928.0 364.0 96.0 Water
3452.0 22928.0 352.0 96.0 Level
3836.0 22932.0 376.0 96.0 Route.

3168.0 23088.0 244.0 96.0 New
3448.0 23088.0 264.0 100.0 York
3748.0 23088.0 196.0 100.0 will
3992.0 23092.0 256.0 96.0 thrill
4296.0 23120.0 204.0 92.0 you
4552.0 23092.0 236.0 92.0 with
4836.0 23088.0 124.0 100.0 its
5008.0 23096.0 572.0 116.0 glamorous
5636.0 23104.0 564.0 112.0 Broadway,
6240.0 23100.0 380.0 96.0 famous
6672.0 23104.0 312.0 92.0 Radio

3032.0 23216.0 216.0 124.0 City
3288.0 23220.0 192.0 96.0 and
3524.0 23224.0 408.0 120.0 swanky
3980.0 23224.0 260.0 96.0 Fifth
4284.0 23224.0 452.0 92.0 Avenue.

3168.0 23380.0 432.0 100.0 Historic
3652.0 23384.0 372.0 96.0 Boston
4060.0 23384.0 236.0 96.0 with
4344.0 23384.0 136.0 96.0 Its
4524.0 23384.0 392.0 96.0 famous
4960.0 23388.0 568.0 112.0 Commons,
5568.0 23392.0 168.0 96.0 old
5792.0 23392.0 300.0 92.0 South
6124.0 23396.0 408.0 108.0 Church,
6576.0 23396.0 400.0 92.0 Faneuil

3032.0 23512.0 228.0 96.0 Hall
3308.0 23516.0 188.0 96.0 and
3548.0 23544.0 296.0 96.0 many
3892.0 23516.0 384.0 96.0 shrines
4320.0 23516.0 112.0 96.0 of
4476.0 23520.0 268.0 120.0 early
4792.0 23520.0 448.0 92.0 Colonial
5288.0 23524.0 272.0 116.0 days,
5612.0 23524.0 200.0 92.0 will
5864.0 23524.0 380.0 92.0 interest
6292.0 23556.0 220.0 88.0 you.

3160.0 23672.0 216.0 100.0 The
3420.0 23676.0 616.0 96.0 Adirondack
4140.0 23676.0 180.0 96.0 and
4376.0 23680.0 256.0 96.0 New
4680.0 23680.0 464.0 120.0 England
5192.0 23684.0 196.0 92.0 will
5432.0 23684.0 380.0 120.0 delight
5856.0 23712.0 212.0 92.0 you.

3164.0 23840.0 216.0 96.0 You
3428.0 23840.0 200.0 96.0 will
3676.0 23840.0 288.0 124.0 enjoy
4012.0 23848.0 164.0 88.0 the
4220.0 23840.0 328.0 96.0 scenic
4600.0 23844.0 360.0 120.0 beauty
5000.0 23844.0 116.0 92.0 of
5160.0 23848.0 164.0 92.0 the
5368.0 23844.0 400.0 96.0 historic
5824.0 23852.0 440.0 88.0 Mohawk
6316.0 23852.0 184.0 84.0 and
6556.0 23852.0 416.0 92.0 Hudson

3028.0 23972.0 300.0 92.0 River
3372.0 23968.0 408.0 124.0 Valleys
3828.0 24032.0 28.0 36.0 .
3900.0 24032.0 32.0 40.0 .
3976.0 24036.0 32.0 36.0 .
4056.0 23976.0 292.0 92.0 West
4396.0 23972.0 296.0 96.0 Point
4736.0 24036.0 176.0 36.0 ...
4964.0 23980.0 176.0 88.0 the
5196.0 23976.0 536.0 96.0 Palisades.

3160.0 24136.0 416.0 108.0 Canada,
3640.0 24132.0 244.0 96.0 with
3940.0 24132.0 128.0 100.0 Its
4128.0 24136.0 480.0 96.0 beautiful
4672.0 24132.0 480.0 116.0 Toronto,
5220.0 24136.0 572.0 116.0 interesting
5864.0 24140.0 464.0 92.0 Montreal
6392.0 24140.0 184.0 88.0 and
6640.0 24144.0 332.0 112.0 quaint

3020.0 24264.0 432.0 124.0 Quebec,
3504.0 24264.0 220.0 96.0 bids
3768.0 24296.0 196.0 92.0 you
4016.0 24272.0 500.0 92.0 welcome.
5100.0 24296.0 12.0 52.0 i

4008.0 24448.0 308.0 140.0 The
4368.0 24452.0 448.0 140.0 West
4864.0 24452.0 144.0 140.0 is
5064.0 24452.0 580.0 164.0 Calling
5696.0 24456.0 308.0 132.0 You

3152.0 24656.0 540.0 108.0 California,
3744.0 24652.0 508.0 116.0 Colorado,
4304.0 24656.0 364.0 96.0 Pacific
4720.0 24656.0 612.0 112.0 Northwest,
5380.0 24664.0 392.0 88.0 Alaska.

3160.0 24820.0 452.0 92.0 National
3676.0 24816.0 308.0 96.0 Parks
4156.0 24820.0 696.0 108.0 Yellowstone,
4916.0 24824.0 428.0 108.0 Glacier,
5404.0 24820.0 344.0 96.0 Grand
5828.0 24824.0 416.0 116.0 Canyon,
6316.0 24828.0 268.0 108.0 Zion,
6660.0 24832.0 312.0 116.0 Bryce

3016.0 24948.0 428.0 120.0 Canyon,
3500.0 24952.0 340.0 116.0 Rocky
3892.0 24952.0 544.0 108.0 Mountain,
4484.0 24952.0 540.0 112.0 Yosemite,
5084.0 24956.0 300.0 92.0 Black
5428.0 24956.0 300.0 112.0 Hills,
5784.0 24956.0 332.0 96.0 Mount
6164.0 24960.0 408.0 92.0 Rainier.

3152.0 25108.0 492.0 96.0 Canadian
3692.0 25112.0 420.0 96.0 Rockies
4236.0 25112.0 320.0 112.0 Banff,
4608.0 25108.0 268.0 100.0 Lake
4920.0 25112.0 408.0 112.0 Louise,
5372.0 25116.0 352.0 124.0 Jasper
5772.0 25124.0 440.0 92.0 National
6268.0 25124.0 272.0 92.0 Park.

3240.0 25332.0 356.0 104.0 Fares
3644.0 25336.0 448.0 124.0 greatly
4136.0 25332.0 536.0 104.0 reduced
4716.0 25336.0 184.0 100.0 tor
4940.0 25364.0 232.0 76.0 use
5224.0 25336.0 116.0 104.0 In
5388.0 25340.0 536.0 104.0 Coaches
5968.0 25368.0 132.0 76.0 or
6148.0 25344.0 588.0 100.0 Pullmans

3016.0 25492.0 184.0 84.0 Aak
3232.0 25496.0 288.0 84.0 about
3564.0 25492.0 572.0 96.0 all-expense
4184.0 25492.0 400.0 88.0 Eaatern
4628.0 25492.0 232.0 88.0 Tour
4968.0 25500.0 472.0 100.0 Including.
5492.0 25500.0 392.0 96.0 Niagara
5936.0 25500.0 260.0 96.0 Falls,
6244.0 25504.0 420.0 96.0 Toronto,
6720.0 25508.0 216.0 84.0 Mon-

3016.0 25612.0 268.0 96.0 treal,
3344.0 25608.0 408.0 92.0 Quebec,
3812.0 25612.0 216.0 76.0 New
4092.0 25608.0 440.0 96.0 England,
4596.0 25608.0 388.0 96.0 Boaton,
5056.0 25616.0 216.0 80.0 New
5328.0 25620.0 264.0 88.0 York,
5656.0 25620.0 644.0 96.0 Philadelphia,
6348.0 25628.0 624.0 100.0 Washington,

3320.0 25724.0 408.0 84.0 Colonial
3764.0 25720.0 432.0 104.0 Virginia;
4224.0 25728.0 212.0 80.0 also
4468.0 25728.0 272.0 80.0 tours
4772.0 25732.0 104.0 80.0 to
4908.0 25728.0 168.0 84.0 the
5116.0 25732.0 256.0 80.0 West
5404.0 25736.0 464.0 96.0 Including
5912.0 25736.0 408.0 84.0 National
6360.0 25740.0 312.0 84.0 Parka.

3216.0 25900.0 264.0 136.0 Four
3532.0 25900.0 248.0 140.0 Fine
3828.0 25896.0 380.0 144.0 Trains
4252.0 25896.0 304.0 144.0 from
4624.0 25896.0 612.0 144.0 Cincinnati
5284.0 25908.0 124.0 136.0 to
5460.0 25908.0 256.0 136.0 New
5764.0 25904.0 268.0 140.0 York
6084.0 25912.0 212.0 136.0 and
6356.0 25916.0 408.0 140.0 Boston

3324.0 26148.0 396.0 120.0 OHIO
3796.0 26144.0 412.0 120.0 STATE
4288.0 26148.0 548.0 116.0 LIMITED
4912.0 26144.0 468.0 124.0 leaves
5468.0 26224.0 48.0 48.0 .
5592.0 26224.0 44.0 52.0 .
5716.0 26220.0 48.0 52.0 .
5912.0 26152.0 316.0 124.0 3:30
6292.0 26196.0 128.0 112.0 p.
6480.0 26200.0 168.0 84.0 m.

3320.0 26312.0 260.0 120.0 THE
3660.0 26312.0 1188.0 116.0 KNICKERBOCKER
4904.0 26312.0 464.0 120.0 leaves
5456.0 26384.0 48.0 52.0 .
5580.0 26388.0 48.0 52.0 .
5716.0 26388.0 44.0 48.0 .
5924.0 26320.0 300.0 116.0 5:50
6288.0 26356.0 124.0 112.0 p.
6472.0 26364.0 168.0 80.0 m.

3324.0 26472.0 344.0 120.0 NEW
3736.0 26476.0 408.0 116.0 YORK
4220.0 26476.0 564.0 116.0 SPECIAL
4840.0 26476.0 456.0 116.0 leaves
5348.0 26548.0 408.0 52.0 ....
5864.0 26480.0 364.0 120.0 12:25
6284.0 26520.0 128.0 112.0 p.
6476.0 26528.0 168.0 80.0 m.

3324.0 26636.0 616.0 120.0 HUDSON
4024.0 26640.0 404.0 116.0 RIVER
4512.0 26644.0 600.0 116.0 EXPRESS
5168.0 26640.0 456.0 120.0 leaves
5708.0 26716.0 40.0 48.0 .
5932.0 26644.0 300.0 116.0 7:35
6284.0 26684.0 124.0 108.0 p.
6472.0 26688.0 172.0 84.0 m.

3144.0 26948.0 380.0 84.0 Slt'rpinir
3596.0 26960.0 152.0 60.0 car
3812.0 26948.0 300.0 68.0 nrrvlrt
4196.0 26948.0 92.0 72.0 In
4352.0 26948.0 148.0 76.0 the
4568.0 26948.0 464.0 76.0 Adlmndut
5060.0 26952.0 140.0 76.0 V.,
5272.0 26948.0 332.0 84.0 Inivtns
5756.0 26952.0 368.0 76.0 N-vflaml
6196.0 26960.0 196.0 72.0 fl;0')
6464.0 26960.0 88.0 72.0 IV
6636.0 26960.0 148.0 92.0 M.,

3352.0 27072.0 444.0 84.0 Turvdiiyi
3856.0 27068.0 172.0 76.0 and
4092.0 27068.0 400.0 88.0 Fridays,
4556.0 27072.0 376.0 88.0 arrhlnt;
5008.0 27072.0 236.0 76.0 Labr
5308.0 27072.0 56.0 72.0 I'
5376.0 27076.0 216.0 72.0 lurid
5668.0 27076.0 420.0 88.0 follnntnn
6156.0 27088.0 416.0 76.0 morning.

7212.0 4000.0 732.0 164.0 President
8068.0 4000.0 136.0 160.0 Is
8324.0 4004.0 196.0 160.0 To
8636.0 4004.0 420.0 164.0 Wield
9168.0 4004.0 212.0 168.0 Ax

7340.0 4236.0 616.0 160.0 Because
8032.0 4240.0 180.0 160.0 Of
8272.0 4240.0 308.0 160.0 Size
8644.0 4240.0 172.0 164.0 Of
8876.0 4240.0 356.0 160.0 Item

7380.0 4464.0 156.0 160.0 In
7612.0 4464.0 692.0 200.0 Program,
8392.0 4468.0 808.0 164.0 Prediction.

7320.0 4996.0 752.0 120.0 Washington,
8196.0 5000.0 256.0 120.0 July
8572.0 5000.0 60.0 96.0 7
8816.0 5004.0 272.0 96.0 (AD
9288.0 5000.0 88.0 100.0 A

7204.0 5164.0 660.0 112.0 $105,000,000
7972.0 5168.0 288.0 96.0 flood
8364.0 5172.0 408.0 92.0 control
8872.0 5196.0 504.0 92.0 program

7204.0 5336.0 540.0 120.0 appeared
7832.0 5336.0 332.0 120.0 likely
8248.0 5336.0 332.0 124.0 today
8656.0 5344.0 108.0 88.0 to
8840.0 5336.0 208.0 96.0 win
9136.0 5364.0 204.0 68.0 con-

7208.0 5504.0 592.0 116.0 gressionul
7880.0 5504.0 560.0 120.0 apptoval,
8524.0 5504.0 180.0 100.0 hut
8784.0 5508.0 292.0 96.0 there
9156.0 5532.0 224.0 68.0 was

7208.0 5676.0 232.0 92.0 talk
7548.0 5676.0 240.0 92.0 that
7888.0 5672.0 88.0 96.0 it
8080.0 5672.0 356.0 112.0 might
8540.0 5672.0 124.0 96.0 be
8764.0 5676.0 376.0 92.0 vetoed
9248.0 5672.0 132.0 124.0 by

7212.0 5840.0 564.0 96.0 President
7836.0 5840.0 616.0 96.0 Roosevelt.

7328.0 6008.0 400.0 96.0 Senate
7904.0 6012.0 212.0 88.0 and
8296.0 6012.0 368.0 92.0 House
8824.0 6008.0 560.0 96.0 conferees

7212.0 6180.0 388.0 108.0 agreed
7680.0 6204.0 136.0 68.0 on
7896.0 6204.0 68.0 68.0 a
8048.0 6180.0 656.0 104.0 $194,000,000
8772.0 6180.0 580.0 116.0 appropria-

7216.0 6344.0 224.0 92.0 tion
7528.0 6352.0 112.0 84.0 to
7720.0 6348.0 440.0 92.0 finance
8244.0 6348.0 688.0 116.0 nonmllltary
9020.0 6348.0 328.0 92.0 activi

7216.0 6512.0 204.0 92.0 ties
7484.0 6512.0 120.0 96.0 of
7664.0 6516.0 180.0 92.0 tho
7912.0 6516.0 256.0 92.0 War
8228.0 6516.0 700.0 116.0 Department
8996.0 6516.0 396.0 112.0 during

7220.0 6684.0 184.0 88.0 the
7516.0 6680.0 316.0 96.0 fiscal
7944.0 6704.0 320.0 92.0 years
8376.0 6688.0 248.0 88.0 that
8728.0 6680.0 340.0 116.0 began
9184.0 6684.0 208.0 96.0 last

7216.0 6848.0 600.0 116.0 Thursday,
7972.0 6852.0 224.0 92.0 The
8292.0 6876.0 248.0 68.0 sum
8632.0 6848.0 372.0 116.0 agreed
9104.0 6872.0 284.0 92.0 upon

7220.0 7016.0 484.0 96.0 includes
7788.0 7012.0 664.0 112.0 $105,000,000
8536.0 7024.0 168.0 88.0 for
8780.0 7020.0 284.0 92.0 flood
7220.0 7044.0 2136.0 236.0 control.

7344.0 7352.0 512.0 96.0 Senators
8008.0 7356.0 240.0 92.0 who
8392.0 7356.0 476.0 100.0 declined
9012.0 7352.0 112.0 96.0 to
9272.0 7352.0 124.0 100.0 be

7220.0 7524.0 392.0 112.0 quoted
7676.0 7524.0 136.0 124.0 by
7872.0 7548.0 320.0 68.0 name
8256.0 7524.0 540.0 116.0 predicted
8856.0 7524.0 176.0 92.0 the
9092.0 7524.0 264.0 96.0 Pies

7224.0 7692.0 296.0 100.0 ident
7608.0 7696.0 356.0 88.0 would
8052.0 7700.0 244.0 88.0 veto
8388.0 7696.0 184.0 96.0 the
8656.0 7716.0 484.0 72.0 measure
9228.0 7696.0 124.0 92.0 be

7220.0 7884.0 328.0 72.0 cause
7620.0 7860.0 120.0 96.0 of
7808.0 7864.0 188.0 92.0 the
8068.0 7864.0 204.0 96.0 size
8352.0 7864.0 116.0 96.0 of
8544.0 7864.0 176.0 96.0 the
8792.0 7864.0 280.0 96.0 flood
9152.0 7888.0 196.0 76.0 con-

7220.0 8032.0 208.0 92.0 trol
7492.0 8032.0 292.0 92.0 item.

7336.0 8204.0 224.0 96.0 The
7716.0 8204.0 372.0 96.0 House
8240.0 8208.0 340.0 100.0 Rules
8724.0 8208.0 656.0 116.0 Committee,

7216.0 8376.0 612.0 108.0 meantime,
7900.0 8400.0 272.0 88.0 gave
8244.0 8380.0 544.0 116.0 preferred
8852.0 8384.0 352.0 92.0 status
9276.0 8388.0 104.0 88.0 to

7212.0 8512.0 248.0 96.0 bills
7544.0 8516.0 240.0 92.0 that
7872.0 8520.0 344.0 88.0 would
8304.0 8520.0 544.0 92.0 authorize
8924.0 8516.0 416.0 108.0 $24,877,

7212.0 8652.0 180.0 88.0 000
7492.0 8660.0 120.0 88.0 of
7716.0 8660.0 588.0 108.0 protective
8416.0 8660.0 288.0 92.0 work
8804.0 8660.0 168.0 92.0 for
9072.0 8656.0 308.0 92.0 cities

7220.0 8796.0 104.0 92.0 In
7400.0 8792.0 184.0 96.0 tho
7660.0 8792.0 328.0 96.0 lower
8056.0 8796.0 272.0 88.0 Ohio
8404.0 8796.0 324.0 92.0 River
8792.0 8792.0 300.0 96.0 bnsln
9168.0 8796.0 212.0 92.0 and

7212.0 8932.0 204.0 88.0 ask
7512.0 8932.0 184.0 92.0 the
7792.0 8936.0 264.0 88.0 War
8148.0 8928.0 700.0 116.0 Department
8936.0 8936.0 116.0 88.0 to
9148.0 8936.0 200.0 84.0 sub

7216.0 9068.0 200.0 88.0 mit
7516.0 9092.0 64.0 72.0 a
7680.0 9072.0 480.0 92.0 national
8264.0 9072.0 288.0 92.0 flood
8648.0 9068.0 404.0 92.0 control
9156.0 9088.0 192.0 88.0 pro

7220.0 9232.0 308.0 84.0 gram
7652.0 9208.0 872.0 112.0 supplementing
8644.0 9212.0 132.0 92.0 its
8892.0 9208.0 496.0 116.0 previous

7224.0 9348.0 1076.0 92.0 recommendations.

7284.0 9504.0 1176.0 96.0 AITKOI'IUATIOV
8584.0 9504.0 756.0 100.0 t'M.IKKI.Y.

7348.0 9672.0 464.0 104.0 William
7920.0 9676.0 140.0 96.0 M.
8164.0 9680.0 748.0 112.0 Whittlngton,
9012.0 9680.0 348.0 92.0 Demo-

7224.0 9820.0 268.0 112.0 crat,
7584.0 9816.0 676.0 120.0 Mississippi,
8344.0 9820.0 580.0 92.0 Chairman
9012.0 9812.0 124.0 92.0 of
9216.0 9816.0 184.0 88.0 the

7228.0 9952.0 364.0 96.0 House
7712.0 9956.0 336.0 96.0 Flood
8172.0 9956.0 444.0 92.0 Control
8732.0 9952.0 668.0 100.0 Committee,

7232.0 10096.0 228.0 88.0 said
7548.0 10120.0 136.0 76.0 no
7756.0 10096.0 824.0 116.0 appropriation
8656.0 10096.0 164.0 96.0 for
8892.0 10092.0 184.0 88.0 the
9160.0 10084.0 204.0 108.0 $24,-

7232.0 10232.0 388.0 104.0 877,000
7696.0 10236.0 112.0 96.0 of
7892.0 10232.0 472.0 116.0 projects
8452.0 10240.0 88.0 88.0 is
8620.0 10224.0 776.0 116.0 contemplated

7228.0 10372.0 220.0 92.0 this
7620.0 10372.0 416.0 92.0 session
8212.0 10368.0 456.0 96.0 because
8840.0 10360.0 560.0 96.0 President

7236.0 10508.0 568.0 100.0 Roosevelt
7884.0 10512.0 204.0 92.0 hus
8164.0 10504.0 568.0 116.0 expressed
8804.0 10504.0 180.0 96.0 the
9068.0 10504.0 296.0 88.0 Inten-

7236.0 10648.0 216.0 96.0 tion
7584.0 10652.0 112.0 96.0 to
7824.0 10644.0 320.0 96.0 make
8272.0 10640.0 524.0 100.0 available
8920.0 10636.0 444.0 116.0 approxi-

7240.0 10788.0 396.0 116.0 mately
7724.0 10784.0 240.0 96.0 half
8052.0 10784.0 116.0 96.0 of
8256.0 10784.0 184.0 92.0 the
8532.0 10780.0 260.0 92.0 total
8876.0 10772.0 284.0 96.0 from
9256.0 10796.0 108.0 72.0 re

7240.0 10928.0 184.0 92.0 lief
7504.0 10928.0 352.0 92.0 funds.

7360.0 11056.0 320.0 96.0 Flood
7756.0 11056.0 244.0 96.0 wall
8076.0 11052.0 204.0 96.0 and
8360.0 11048.0 508.0 108.0 drainage
8944.0 11044.0 468.0 116.0 projects

7232.0 11192.0 116.0 92.0 to
7412.0 11200.0 124.0 96.0 be
7596.0 11188.0 624.0 96.0 authorized
8292.0 11192.0 176.0 92.0 for
8528.0 11188.0 180.0 88.0 the
8764.0 11180.0 316.0 92.0 lower
9144.0 11176.0 272.0 92.0 Ohio

7224.0 11328.0 212.0 92.0 will
7520.0 11332.0 124.0 92.0 be
7728.0 11328.0 400.0 88.0 chosen
8212.0 11320.0 140.0 116.0 by
8436.0 11336.0 304.0 96.0 army
8820.0 11316.0 584.0 112.0 engineers,

7236.0 11464.0 724.0 108.0 Whittlngton
8072.0 11456.0 264.0 108.0 said,
8456.0 11460.0 276.0 88.0 from
8840.0 11480.0 64.0 68.0 a
9016.0 11452.0 176.0 92.0 list
9300.0 11448.0 112.0 96.0 of

7232.0 11600.0 352.0 96.0 which
7676.0 11596.0 176.0 92.0 155
7944.0 11592.0 760.0 96.0 communities
8788.0 11608.0 180.0 72.0 are
9068.0 11604.0 312.0 92.0 repre-

7228.0 11732.0 404.0 92.0 sented.
8952.0 11796.0 56.0 48.0 ,

7348.0 11872.0 224.0 88.0 The
7660.0 11864.0 288.0 100.0 flood
8040.0 11864.0 416.0 92.0 control
8548.0 11856.0 596.0 116.0 legislation
9232.0 11876.0 140.0 92.0 ap-

7224.0 12000.0 396.0 112.0 proved
7712.0 12004.0 132.0 92.0 bv
7932.0 12000.0 392.0 88.0 Senile
8416.0 11996.0 208.0 92.0 and
8716.0 11996.0 356.0 88.0 House
9164.0 12012.0 196.0 68.0 con-

7228.0 12140.0 352.0 92.0 ferees
7720.0 12136.0 572.0 112.0 stipulates
8440.0 12132.0 236.0 88.0 that
8816.0 12124.0 592.0 104.0 $60,000,000

7228.0 12284.0 292.0 80.0 must
7668.0 12268.0 124.0 92.0 be
7948.0 12268.0 552.0 112.0 expended
8652.0 12288.0 132.0 68.0 on
8940.0 12260.0 464.0 112.0 projects

7232.0 12408.0 624.0 92.0 authorized
7960.0 12404.0 204.0 92.0 last
8264.0 12428.0 264.0 92.0 ycRr
8616.0 12396.0 128.0 120.0 by
8836.0 12400.0 180.0 88.0 the
9112.0 12392.0 260.0 108.0 $320,-

7228.0 12544.0 392.0 96.0 000.000
7716.0 12540.0 500.0 88.0 omnibus
8328.0 12532.0 288.0 96.0 flood
8720.0 12532.0 408.0 92.0 control
9240.0 12532.0 168.0 84.0 act

7220.0 12672.0 212.0 96.0 and
7516.0 12672.0 596.0 108.0 $45,000,000
8188.0 12696.0 132.0 64.0 on
8404.0 12672.0 304.0 88.0 those
8780.0 12664.0 616.0 92.0 authorized

7232.0 12812.0 136.0 108.0 by
7460.0 12812.0 200.0 88.0 lust
7756.0 12812.0 348.0 108.0 year's
8196.0 12804.0 648.0 104.0 $272,000,000
8932.0 12800.0 472.0 92.0 Overton

7228.0 12944.0 284.0 92.0 flood
7596.0 12948.0 416.0 88.0 control
8088.0 12948.0 204.0 84.0 act.

7456.0 13108.0 512.0 96.0 WOILIJ
8064.0 13104.0 552.0 96.0 I'KRMIT
8708.0 13100.0 460.0 100.0 WOHK.

7344.0 13276.0 340.0 112.0 Royal
7832.0 13280.0 96.0 92.0 S.
8080.0 13268.0 576.0 116.0 Copeland.
8796.0 13268.0 604.0 104.0 Democrat,

7224.0 13408.0 260.0 104.0 New
7552.0 13408.0 320.0 116.0 York,
7940.0 13408.0 592.0 96.0 Chairman
8600.0 13412.0 112.0 92.0 of
8772.0 13408.0 172.0 92.0 the
9012.0 13404.0 392.0 88.0 Senate

7224.0 13548.0 556.0 92.0 conferees
7844.0 13548.0 236.0 92.0 said
8144.0 13548.0 84.0 88.0 it
8292.0 13540.0 344.0 100.0 would
8704.0 13540.0 116.0 92.0 be
8876.0 13536.0 524.0 116.0 proposed

7224.0 13684.0 244.0 88.0 that
7596.0 13676.0 600.0 112.0 $52,500,000
8320.0 13680.0 120.0 92.0 of
8572.0 13680.0 172.0 88.0 the
8872.0 13668.0 268.0 96.0 total
9276.0 13668.0 124.0 92.0 be

7224.0 13816.0 328.0 88.0 taken
7624.0 13816.0 284.0 88.0 from
7980.0 13812.0 216.0 88.0 this
8256.0 13808.0 352.0 120.0 year's
8672.0 13804.0 732.0 112.0 $1,500,000,000

7232.0 13948.0 652.0 92.0 work-relief
7972.0 13948.0 296.0 100.0 fund.

7348.0 14088.0 104.0 96.0 If
7540.0 14084.0 240.0 96.0 that
7868.0 14088.0 92.0 92.0 is
8052.0 14084.0 300.0 108.0 done,
8444.0 14104.0 300.0 92.0 army
8824.0 14084.0 564.0 108.0 engineers

7228.0 14220.0 264.0 108.0 said,
7596.0 14224.0 256.0 112.0 they
7956.0 14224.0 208.0 92.0 will
8272.0 14228.0 188.0 88.0 not
8564.0 14220.0 300.0 92.0 know
8964.0 14220.0 144.0 92.0 all
9208.0 14220.0 184.0 92.0 the

7232.0 14360.0 472.0 116.0 projects
7824.0 14368.0 116.0 84.0 to
8068.0 14356.0 124.0 92.0 be
8320.0 14356.0 668.0 92.0 undertaken
9116.0 14352.0 272.0 92.0 until

7224.0 14496.0 292.0 92.0 after
7584.0 14496.0 628.0 116.0 conferring
8280.0 14500.0 264.0 96.0 with
8616.0 14492.0 376.0 92.0 Works
9068.0 14492.0 284.0 108.0 Prog-

7224.0 14660.0 228.0 64.0 ress
7528.0 14636.0 908.0 88.0 Administration
8520.0 14636.0 456.0 84.0 officials
9060.0 14628.0 320.0 92.0 about

7220.0 14772.0 184.0 92.0 the
7468.0 14772.0 668.0 116.0 availability
8204.0 14784.0 116.0 88.0 of
8388.0 14772.0 308.0 92.0 relief
8760.0 14772.0 316.0 88.0 labor.

7340.0 14908.0 296.0 116.0 They
7720.0 14912.0 380.0 108.0 added,
8188.0 14912.0 520.0 100.0 however,
8792.0 14908.0 172.0 88.0 the
9056.0 14904.0 324.0 92.0 funds

7224.0 15048.0 344.0 88.0 would
7644.0 15052.0 396.0 108.0 permit
8108.0 15052.0 296.0 88.0 work
8480.0 15072.0 132.0 68.0 on
8688.0 15044.0 168.0 92.0 the
8924.0 15040.0 416.0 108.0 $55,000,-

7216.0 15188.0 184.0 88.0 000
7456.0 15188.0 532.0 96.0 reservoir
8048.0 15192.0 408.0 104.0 system
8516.0 15192.0 168.0 88.0 for
8740.0 15184.0 172.0 92.0 the
8972.0 15188.0 364.0 104.0 protec

7220.0 15328.0 224.0 92.0 tion
7532.0 15332.0 116.0 92.0 of
7732.0 15324.0 676.0 108.0 Pittsburgh,
8500.0 15320.0 512.0 96.0 reservoir
9104.0 15324.0 236.0 108.0 proj-

7164.0 15468.0 8.0 140.0 j
7220.0 15472.0 224.0 84.0 ects
7540.0 15468.0 104.0 88.0 in
7736.0 15468.0 188.0 92.0 the
8016.0 15464.0 704.0 96.0 Connecticut
8804.0 15460.0 204.0 92.0 and
9112.0 15464.0 272.0 88.0 Mer-

7220.0 15600.0 336.0 96.0 rimac
7640.0 15604.0 340.0 92.0 River
8064.0 15600.0 408.0 112.0 valleys
8556.0 15600.0 200.0 92.0 and
8844.0 15600.0 532.0 92.0 Southern

7216.0 15740.0 268.0 96.0 New
7580.0 15740.0 328.0 108.0 York,
8012.0 15744.0 208.0 88.0 and
8324.0 15744.0 188.0 88.0 the
8608.0 15740.0 768.0 112.0 Susquehanna

7216.0 15880.0 336.0 88.0 River
7620.0 15880.0 292.0 92.0 levee
7984.0 15884.0 496.0 108.0 systems.

7336.0 16020.0 424.0 112.0 Among
7824.0 16016.0 316.0 96.0 other
8204.0 16016.0 468.0 116.0 projects
8736.0 16016.0 228.0 96.0 that
9028.0 16020.0 348.0 92.0 would

7216.0 16148.0 132.0 100.0 be
7432.0 16164.0 416.0 88.0 started
7936.0 16160.0 88.0 96.0 if
8104.0 16160.0 184.0 92.0 the
8376.0 16160.0 320.0 88.0 funds
8776.0 16180.0 180.0 68.0 are
9044.0 16160.0 296.0 88.0 forth-

7216.0 16296.0 460.0 108.0 coming,
7764.0 16296.0 264.0 112.0 they
8116.0 16292.0 264.0 108.0 said,
8476.0 16320.0 180.0 68.0 are
8740.0 16296.0 176.0 92.0 the
9008.0 16296.0 372.0 92.0 Sardls

7220.0 16432.0 532.0 100.0 reservoir
7832.0 16460.0 140.0 68.0 on
8060.0 16440.0 180.0 92.0 the
8324.0 16432.0 356.0 96.0 Yazoo
8760.0 16436.0 332.0 92.0 Rivor
9172.0 16436.0 204.0 92.0 and

7164.0 16572.0 8.0 148.0 j
7220.0 16576.0 184.0 88.0 the
7528.0 16576.0 144.0 88.0 St.
7796.0 16572.0 460.0 92.0 Francis
8384.0 16576.0 324.0 92.0 River
8824.0 16580.0 556.0 84.0 reservoir.

7220.0 16708.0 344.0 96.0 Levee
7660.0 16716.0 212.0 92.0 and
7972.0 16712.0 532.0 116.0 dredging
8592.0 16720.0 280.0 88.0 work
8968.0 16736.0 140.0 68.0 on
9204.0 16712.0 180.0 92.0 the

7168.0 16888.0 8.0 36.0 i
7224.0 16848.0 740.0 112.0 Mississippi's
8028.0 16852.0 288.0 92.0 main
8376.0 16852.0 444.0 92.0 channel
8884.0 16852.0 208.0 92.0 and
9160.0 16876.0 192.0 88.0 pro-

7168.0 17016.0 8.0 64.0 ;
7224.0 16992.0 328.0 112.0 posed
7616.0 16992.0 596.0 112.0 floodways
8276.0 16992.0 232.0 92.0 also
8572.0 16988.0 328.0 92.0 would
8972.0 16988.0 124.0 92.0 be
9164.0 17012.0 188.0 68.0 car-

7232.0 17124.0 224.0 96.0 ried
7532.0 17152.0 164.0 68.0 on.

7240.0 17420.0 504.0 228.0 Tries
7840.0 17424.0 564.0 228.0 Chute
8492.0 17424.0 612.0 284.0 Jump;

7468.0 17756.0 688.0 276.0 "Fun,"
8240.0 17760.0 560.0 228.0 Youth
8856.0 17760.0 548.0 228.0 Finds

7372.0 18296.0 576.0 112.0 Raymond
7992.0 18300.0 472.0 104.0 Harlow,
7228.0 18300.0 2184.0 224.0 seventeen-year-old

7484.0 18436.0 280.0 92.0 Deer
7840.0 18436.0 296.0 92.0 Park
8212.0 18436.0 296.0 108.0 High
8584.0 18432.0 364.0 92.0 School
9020.0 18436.0 392.0 96.0 senior,

7232.0 18564.0 348.0 96.0 bailed
7656.0 18576.0 188.0 88.0 out
7916.0 18580.0 120.0 88.0 of
8100.0 18592.0 140.0 68.0 an
8312.0 18568.0 476.0 112.0 airplane
8856.0 18568.0 272.0 104.0 2,200
9200.0 18572.0 212.0 88.0 feet

7228.0 18728.0 256.0 72.0 over
7576.0 18708.0 380.0 88.0 Mount
8044.0 18704.0 480.0 112.0 Healthy
8604.0 18704.0 428.0 112.0 Airport
9116.0 18704.0 296.0 112.0 early

7232.0 18836.0 212.0 92.0 last
7544.0 18840.0 340.0 96.0 night.
8052.0 18840.0 164.0 92.0 "It
8312.0 18864.0 228.0 68.0 was
8632.0 18836.0 276.0 108.0 fun,"
9016.0 18836.0 132.0 96.0 he
9248.0 18864.0 124.0 64.0 ex

7224.0 18972.0 488.0 92.0 claimed.

7348.0 19108.0 216.0 92.0 Son
7624.0 19112.0 116.0 88.0 of
7800.0 19112.0 200.0 92.0 Mr.
8064.0 19128.0 204.0 92.0 and
8340.0 19108.0 252.0 92.0 Mrs.
8652.0 19108.0 100.0 96.0 C.
8792.0 19104.0 84.0 100.0 J.
8940.0 19108.0 472.0 108.0 Harlow,

7224.0 19236.0 236.0 96.0 4211
7536.0 19240.0 468.0 100.0 Ciifford
8080.0 19248.0 344.0 104.0 Road,
8496.0 19248.0 272.0 88.0 Deer
8836.0 19244.0 328.0 108.0 Park,
9236.0 19248.0 176.0 88.0 the

7232.0 19376.0 500.0 112.0 youthful
7836.0 19384.0 440.0 108.0 jumper
8372.0 19380.0 236.0 92.0 said
8720.0 19376.0 124.0 92.0 he
8952.0 19380.0 216.0 92.0 had
9280.0 19400.0 136.0 72.0 no

7228.0 19512.0 624.0 92.0 immediate
7960.0 19516.0 536.0 92.0 intention
8596.0 19520.0 112.0 92.0 of
8796.0 19512.0 392.0 116.0 taking
9280.0 19536.0 136.0 92.0 up

7232.0 19644.0 344.0 112.0 flying
7652.0 19668.0 120.0 72.0 or
7848.0 19648.0 728.0 112.0 professional
8656.0 19648.0 332.0 92.0 'chute
9072.0 19652.0 308.0 112.0 jump-

7228.0 19776.0 212.0 112.0 ing.
7584.0 19780.0 108.0 92.0 "I
7768.0 19788.0 472.0 104.0 thought
8316.0 19788.0 84.0 88.0 it
8480.0 19788.0 332.0 88.0 would
8892.0 19784.0 128.0 88.0 bo
9104.0 19784.0 196.0 92.0 fun

7168.0 19932.0 8.0 72.0 l
7232.0 19916.0 212.0 88.0 and
7520.0 19912.0 80.0 92.0 it
7668.0 19916.0 320.0 108.0 was,"
8064.0 19924.0 128.0 84.0 he
8264.0 19920.0 268.0 96.0 said.

7168.0 20028.0 8.0 180.0 j
7348.0 20048.0 472.0 112.0 Harlow,
7924.0 20056.0 560.0 108.0 employed
8588.0 20056.0 372.0 128.0 during
9056.0 20056.0 356.0 92.0 school

7240.0 20224.0 496.0 52.0 vha;m.uuu
7872.0 20224.0 124.0 56.0 hl
8132.0 20224.0 164.0 60.0 nis
8440.0 20224.0 332.0 60.0 iainei
8828.0 20224.0 48.0 56.0 s
9008.0 20224.0 408.0 56.0 service

7224.0 20320.0 440.0 108.0 station,
7812.0 20320.0 272.0 92.0 Blue
8228.0 20328.0 228.0 92.0 Ash
8608.0 20324.0 200.0 92.0 and
8948.0 20324.0 464.0 96.0 Clifford

7228.0 20448.0 396.0 108.0 Roads,
7732.0 20480.0 224.0 72.0 was
8064.0 20456.0 316.0 108.0 given
8488.0 20460.0 696.0 92.0 instructions
9284.0 20464.0 132.0 112.0 by

7232.0 20580.0 488.0 100.0 I.ieonard
7828.0 20588.0 96.0 104.0 J.
8044.0 20588.0 396.0 112.0 Moore,
8548.0 20596.0 552.0 108.0 Norwood,
9212.0 20596.0 196.0 92.0 test

7228.0 20716.0 432.0 116.0 jumper
7756.0 20720.0 176.0 96.0 for
8024.0 20748.0 64.0 68.0 a
8180.0 20732.0 592.0 104.0 parachute
8860.0 20752.0 556.0 92.0 company.

7296.0 21008.0 936.0 376.0 WILLYS
8376.0 21024.0 944.0 368.0 ESTATE

7244.0 21720.0 232.0 124.0 Has
7548.0 21716.0 204.0 124.0 Net
7824.0 21712.0 344.0 128.0 Value
8236.0 21724.0 152.0 120.0 Of
8444.0 21716.0 668.0 148.0 $l.8(;4.n(!fl.
9176.0 21728.0 224.0 124.0 Tax

7356.0 21916.0 580.0 164.0 ArpriiiMil
8128.0 21920.0 388.0 124.0 S'niws
8756.0 21920.0 460.0 152.0 Willow,

7384.0 22128.0 588.0 156.0 Daughter
8032.0 22124.0 68.0 116.0 f
8124.0 22120.0 228.0 124.0 l.ief
8436.0 22124.0 812.0 128.0 lienefii-inries.

10288.0 6424.0 64.0 648.0 j
12008.0 6836.0 60.0 248.0 j

9664.0 7368.0 152.0 96.0 a
9976.0 7328.0 56.0 200.0 ,
12352.0 6944.0 624.0 584.0 ten

12020.0 7640.0 124.0 64.0 op,
12212.0 7628.0 152.0 60.0 i.n
12412.0 7628.0 80.0 72.0 iy
12544.0 7628.0 256.0 56.0 mum
12848.0 7628.0 288.0 52.0 ruiwt.
13184.0 7616.0 308.0 68.0 Hvwaif
13508.0 7628.0 84.0 60.0 tf.
13644.0 7624.0 100.0 60.0 im

9676.0 7848.0 44.0 132.0 1
9812.0 7900.0 196.0 72.0 aee
10192.0 7896.0 236.0 108.0 you
10520.0 7844.0 448.0 152.0 always
11056.0 7860.0 204.0 132.0 get
11348.0 7832.0 552.0 152.0 splinters
11980.0 7820.0 352.0 128.0 when
12420.0 7864.0 252.0 112.0 you
12756.0 7804.0 292.0 136.0 slide
13144.0 7804.0 372.0 128.0 down
13612.0 7796.0 192.0 128.0 the

11360.0 8060.0 212.0 128.0 top
11644.0 8024.0 352.0 136.0 rail!"

9496.0 8504.0 800.0 368.0 Court
10504.0 8472.0 1176.0 472.0 Upholds
11904.0 8472.0 1528.0 368.0 Conviction

9656.0 8992.0 360.0 376.0 Of
10296.0 8976.0 1400.0 384.0 Cleveland
11984.0 8968.0 728.0 448.0 Drug
12984.0 8952.0 696.0 368.0 Firm

9800.0 9496.0 928.0 368.0 Before
10840.0 9488.0 1192.0 440.0 Quitting
12136.0 9464.0 504.0 368.0 For
12744.0 9464.0 1176.0 368.0 Summer

14208.0 1624.0 912.0 376.0 "DATE"
15264.0 1624.0 624.0 376.0 ENDS

13996.0 2344.0 216.0 216.0 In
14296.0 2344.0 580.0 216.0 Death
14952.0 2344.0 196.0 216.0 Of
15220.0 2340.0 424.0 216.0 Ohio
15728.0 2328.0 412.0 224.0 Girl.

14008.0 2924.0 580.0 132.0 Wounded
14680.0 2924.0 664.0 136.0 ('onimnlon
15444.0 2924.0 104.0 128.0 Is
15636.0 2912.0 508.0 132.0 (iuarded

14148.0 3128.0 476.0 164.0 Against
14736.0 3124.0 628.0 160.0 rossihility
15476.0 3120.0 148.0 128.0 Of
15728.0 3116.0 260.0 132.0 Mob

14296.0 3328.0 508.0 132.0 Violence
14872.0 3324.0 136.0 132.0 At
15072.0 3320.0 784.0 164.0 Vonngslown.

14120.0 3828.0 764.0 124.0 Youngatown,
14968.0 3828.0 296.0 108.0 Ohio,
15336.0 3820.0 252.0 120.0 July
15664.0 3816.0 52.0 104.0 7
15848.0 3812.0 280.0 108.0 (AP)

14120.0 4000.0 396.0 116.0 Acting
14580.0 4000.0 468.0 96.0 Coroner
15108.0 3988.0 400.0 120.0 Joseph
15572.0 3984.0 288.0 100.0 Colla
15928.0 3984.0 212.0 96.0 this

14000.0 4172.0 580.0 92.0 afternoon
14692.0 4160.0 232.0 96.0 held
15040.0 4164.0 240.0 92.0 that
15392.0 4156.0 260.0 96.0 Miss
15756.0 4148.0 384.0 96.0 Lillian

14004.0 4336.0 352.0 116.0 Piper,
14436.0 4332.0 116.0 100.0 22
14628.0 4352.0 312.0 100.0 years
15020.0 4320.0 200.0 112.0 old,
15304.0 4328.0 220.0 92.0 met
15604.0 4320.0 320.0 96.0 death
16012.0 4312.0 128.0 124.0 by

14000.0 4496.0 536.0 100.0 homicide
14680.0 4496.0 100.0 96.0 in
14928.0 4496.0 184.0 96.0 the
15252.0 4484.0 888.0 120.0 early-morning

13996.0 4660.0 508.0 120.0 shooting
14612.0 4664.0 108.0 96.0 in
14832.0 4656.0 344.0 96.0 which
15288.0 4652.0 320.0 116.0 Clyde
15708.0 4648.0 436.0 120.0 Woody,

13996.0 4828.0 144.0 116.0 83,
14212.0 4832.0 192.0 96.0 her
14468.0 4824.0 628.0 116.0 companion
15164.0 4844.0 136.0 76.0 on
15364.0 4844.0 64.0 72.0 a
15492.0 4812.0 392.0 116.0 "date,"
15924.0 4836.0 220.0 72.0 was

14000.0 4996.0 472.0 116.0 perhaps
14564.0 4988.0 380.0 128.0 fatally
15028.0 4984.0 544.0 100.0 woumlod,

14120.0 5156.0 336.0 96.0 "Miss
14548.0 5156.0 320.0 116.0 Piper
14952.0 5180.0 220.0 68.0 was
15260.0 5152.0 324.0 96.0 killed
15668.0 5148.0 132.0 120.0 by
15888.0 5168.0 224.0 96.0 gun-

14004.0 5328.0 252.0 92.0 shot
14368.0 5324.0 444.0 92.0 wounds
14920.0 5324.0 468.0 108.0 through
15500.0 5320.0 176.0 92.0 the
15788.0 5316.0 364.0 96.0 throat

14004.0 5488.0 216.0 92.0 and
14360.0 5488.0 284.0 112.0 right
14776.0 5480.0 332.0 116.0 lung,"
15240.0 5480.0 376.0 96.0 Colla's
15740.0 5480.0 416.0 92.0 verdict

14004.0 5648.0 272.0 100.0 said.

14132.0 5816.0 436.0 116.0 Woody,
14736.0 5840.0 64.0 72.0 n
14932.0 5840.0 64.0 68.0 a
15124.0 5812.0 332.0 96.0 "fair"
15584.0 5812.0 572.0 108.0 condition,

14012.0 5988.0 264.0 88.0 with
14364.0 6004.0 64.0 68.0 a
14504.0 5984.0 464.0 112.0 gunahot
15052.0 5980.0 384.0 96.0 wound
15524.0 5980.0 100.0 96.0 In
15708.0 5980.0 168.0 100.0 his
15960.0 5980.0 192.0 92.0 left

14008.0 6124.0 340.0 100.0 chest,
14480.0 6144.0 220.0 68.0 was
14832.0 6120.0 332.0 92.0 under
15292.0 6120.0 340.0 112.0 guard
15728.0 6120.0 112.0 92.0 of
15948.0 6120.0 212.0 88.0 two

14004.0 6256.0 420.0 112.0 Deput)
14532.0 6256.0 464.0 92.0 Sheriffs
15080.0 6252.0 220.0 96.0 this
15384.0 6260.0 572.0 92.0 afternoon
16040.0 6256.0 116.0 88.0 at

14004.0 6420.0 68.0 64.0 a
14152.0 6396.0 464.0 112.0 hospital
14704.0 6392.0 272.0 96.0 here.
15112.0 6392.0 412.0 92.0 Sheriff
15600.0 6392.0 348.0 112.0 Ralph
16036.0 6388.0 116.0 100.0 K.

14008.0 6532.0 320.0 92.0 Elser
14412.0 6532.0 228.0 88.0 said
14728.0 6528.0 128.0 92.0 he
14944.0 6528.0 368.0 116.0 posted
15404.0 6532.0 180.0 88.0 the
15668.0 6528.0 488.0 112.0 deputies

14008.0 6668.0 108.0 96.0 In
14188.0 6668.0 488.0 112.0 Woody'i
14740.0 6692.0 292.0 64.0 room
15100.0 6672.0 104.0 84.0 to
15244.0 6668.0 464.0 108.0 "protect
15752.0 6664.0 400.0 116.0 VVoody

14004.0 6808.0 444.0 108.0 against
14584.0 6824.0 208.0 92.0 any
14936.0 6800.0 588.0 116.0 possibility
15660.0 6800.0 112.0 92.0 of
15908.0 6804.0 244.0 92.0 mob

14008.0 6940.0 484.0 92.0 violence
14576.0 6936.0 208.0 92.0 and
14876.0 6940.0 220.0 96.0 also
15184.0 6940.0 108.0 92.0 to
15384.0 6936.0 264.0 116.0 keep
15736.0 6940.0 216.0 92.0 him
16048.0 6940.0 100.0 88.0 in

14008.0 7076.0 484.0 112.0 custody,
14560.0 7076.0 460.0 112.0 pending
15080.0 7076.0 176.0 96.0 the
15324.0 7068.0 448.0 120.0 possible
15836.0 7072.0 316.0 116.0 filing

14008.0 7212.0 116.0 96.0 of
14200.0 7216.0 456.0 108.0 charges
14728.0 7216.0 420.0 104.0 against
15228.0 7208.0 308.0 92.0 him."

14132.0 7348.0 412.0 112.0 Woody
14628.0 7348.0 448.0 108.0 charges
15168.0 7348.0 232.0 92.0 that
15488.0 7344.0 256.0 96.0 Miss
15836.0 7344.0 316.0 116.0 Piper

14008.0 7488.0 256.0 92.0 shot
14348.0 7484.0 220.0 88.0 him
14652.0 7484.0 444.0 96.0 because
15180.0 7484.0 188.0 92.0 she
15452.0 7480.0 324.0 100.0 didn't
15864.0 7484.0 284.0 92.0 want

14012.0 7620.0 228.0 92.0 him
14320.0 7624.0 112.0 88.0 to
14504.0 7640.0 132.0 92.0 go
14716.0 7620.0 332.0 92.0 home.

14132.0 7756.0 232.0 96.0 The
14432.0 7756.0 288.0 112.0 girl's
14792.0 7760.0 148.0 88.0 fill
14968.0 7756.0 184.0 92.0 her
15224.0 7752.0 228.0 96.0 said
15532.0 7752.0 308.0 116.0 today
15916.0 7752.0 236.0 96.0 that

14008.0 7892.0 196.0 96.0 she
14284.0 7892.0 212.0 92.0 had
14580.0 7916.0 316.0 80.0 never
14968.0 7888.0 456.0 96.0 handled
15508.0 7912.0 60.0 72.0 a
15644.0 7912.0 212.0 92.0 gun
15936.0 7888.0 208.0 96.0 and

14012.0 8048.0 284.0 72.0 none
14412.0 8028.0 204.0 92.0 had
14728.0 8052.0 240.0 68.0 ever
15084.0 8024.0 256.0 92.0 been
15452.0 8024.0 404.0 96.0 around
15972.0 8028.0 176.0 92.0 the

14004.0 8164.0 372.0 92.0 house.

14120.0 8304.0 284.0 92.0 "She
14532.0 8296.0 496.0 100.0 wouldn't
15164.0 8296.0 272.0 96.0 have
15568.0 8324.0 204.0 88.0 any
15908.0 8296.0 232.0 96.0 Idea

14000.0 8436.0 300.0 96.0 what
14368.0 8444.0 104.0 88.0 to
14536.0 8440.0 132.0 88.0 do
14732.0 8440.0 248.0 92.0 with
15040.0 8464.0 64.0 72.0 a
15168.0 8432.0 300.0 116.0 gun,"
15536.0 8436.0 180.0 92.0 her
15780.0 8436.0 356.0 92.0 father

14000.0 8572.0 264.0 88.0 said.

16216.0 1616.0 596.0 188.0 LABOR
16880.0 1612.0 604.0 192.0 PARTY
17552.0 1612.0 684.0 188.0 BAITED

16404.0 1880.0 236.0 188.0 BY
16724.0 1884.0 240.0 184.0 DE
17068.0 1884.0 716.0 184.0 VALERA
17892.0 1872.0 472.0 196.0 DEFY

16352.0 2344.0 412.0 112.0 Dublin,
16824.0 2344.0 284.0 100.0 Irish
17168.0 2352.0 256.0 100.0 Free
17480.0 2352.0 340.0 120.0 State,
17876.0 2348.0 248.0 128.0 July
18180.0 2348.0 64.0 100.0 T

16236.0 2508.0 268.0 104.0 (AP)
16644.0 2508.0 556.0 104.0 President
17312.0 2520.0 492.0 100.0 Eamonn
17924.0 2524.0 128.0 96.0 de
18164.0 2516.0 164.0 100.0 Va-

16236.0 2676.0 248.0 104.0 lera,
16560.0 2680.0 236.0 96.0 who
16872.0 2680.0 320.0 104.0 failed
17268.0 2684.0 108.0 100.0 to
17452.0 2688.0 168.0 116.0 get
17708.0 2712.0 72.0 68.0 a
17852.0 2688.0 516.0 120.0 majority

16240.0 2808.0 100.0 92.0 In
16424.0 2812.0 180.0 92.0 the
16684.0 2816.0 504.0 96.0 elections
17260.0 2828.0 104.0 88.0 to
17440.0 2824.0 520.0 100.0 Ireland's
18040.0 2828.0 328.0 96.0 lower

16240.0 2940.0 356.0 96.0 House
16676.0 2948.0 112.0 88.0 of
16872.0 2948.0 668.0 116.0 Parliament,
17624.0 2960.0 348.0 92.0 threw
18044.0 2956.0 316.0 100.0 down

16248.0 3080.0 176.0 88.0 the
16504.0 3084.0 480.0 104.0 gauntlet
17064.0 3088.0 404.0 112.0 tonight
17548.0 3096.0 116.0 88.0 to
17748.0 3096.0 184.0 92.0 the
18016.0 3088.0 352.0 100.0 Labor

16252.0 3220.0 328.0 108.0 party,
16660.0 3216.0 340.0 92.0 which
17088.0 3224.0 288.0 92.0 holds
17456.0 3228.0 184.0 92.0 the
17720.0 3224.0 444.0 100.0 balance
18240.0 3224.0 132.0 104.0 of

16252.0 3368.0 368.0 88.0 power.
16688.0 3348.0 464.0 116.0 Defying
17212.0 3356.0 172.0 100.0 the
17444.0 3360.0 112.0 92.0 13
17620.0 3356.0 352.0 100.0 Labor
18036.0 3384.0 280.0 72.0 mem-

16248.0 3480.0 236.0 88.0 bers
16544.0 3484.0 108.0 88.0 to
16712.0 3504.0 388.0 92.0 oppose
17160.0 3484.0 236.0 112.0 htm,
17456.0 3492.0 184.0 92.0 the
17700.0 3496.0 264.0 88.0 New
18024.0 3492.0 288.0 100.0 York-

16248.0 3612.0 260.0 92.0 born
16620.0 3612.0 552.0 100.0 President
17272.0 3624.0 484.0 96.0 declared
17864.0 3628.0 164.0 96.0 his
18128.0 3648.0 132.0 76.0 ne

16252.0 3792.0 724.0 72.0 i-uiiaiiLuuuii,
17112.0 3792.0 328.0 60.0 wnien
17568.0 3792.0 244.0 60.0 curs
17944.0 3792.0 428.0 68.0 ireiana

16248.0 3880.0 628.0 116.0 completely
17040.0 3912.0 380.0 92.0 away
17584.0 3896.0 288.0 92.0 from
18032.0 3896.0 340.0 100.0 Great

16252.0 4012.0 444.0 112.0 Britain,
16828.0 4020.0 344.0 92.0 would
17308.0 4024.0 120.0 92.0 be
17564.0 4028.0 112.0 92.0 in
17816.0 4028.0 556.0 116.0 operation

16248.0 4152.0 372.0 92.0 within
16688.0 4152.0 156.0 92.0 six
16916.0 4160.0 452.0 96.0 months,

16340.0 4656.0 532.0 148.0 DINE

17032.0 4664.0 212.0 144.0 IN

17172.0 5852.0 268.0 228.0 TO

16608.0 6204.0 1460.0 236.0 COMFORT

16348.0 6592.0 300.0 84.0 HAi.r
16696.0 6592.0 220.0 76.0 i'rk
16968.0 6596.0 60.0 72.0 r.
17100.0 6596.0 228.0 72.0 aria
17372.0 6592.0 180.0 76.0 m.

16644.0 6752.0 928.0 96.0 CANTAI.ori'K

16636.0 6896.0 88.0 92.0 A
16796.0 6892.0 172.0 96.0 LA
17048.0 6892.0 388.0 92.0 MODE
17520.0 6952.0 88.0 36.0 ..

17848.0 6704.0 472.0 384.0 10c

16360.0 7256.0 512.0 304.0 Kill
16936.0 7256.0 512.0 304.0 SCII
17496.0 7256.0 352.0 312.0 (IE
17896.0 7264.0 424.0 312.0 ITS

16492.0 7660.0 512.0 92.0 l'!7Yql
17048.0 7660.0 336.0 84.0 !KT-(
17416.0 7668.0 676.0 76.0 (irHrAHI,

16604.0 7828.0 1476.0 244.0 RESTAURANT

16344.0 8220.0 104.0 84.0 24
16504.0 8216.0 96.0 80.0 B.
16660.0 8220.0 328.0 80.0 NIMH
17044.0 8220.0 156.0 80.0 HT.
17452.0 8224.0 444.0 76.0 SrcOM)
17956.0 8224.0 348.0 84.0 FLOOR

16764.0 8376.0 584.0 80.0 KI.EVA.TOR
17404.0 8380.0 480.0 80.0 SRRVICK

9624.0 10184.0 608.0 104.0 Columbus,
10328.0 10180.0 304.0 116.0 Ohio,
10728.0 10180.0 248.0 112.0 July
11064.0 10172.0 60.0 100.0 7
11260.0 10168.0 276.0 100.0 (AP)

9512.0 10364.0 224.0 92.0 The
9848.0 10360.0 292.0 92.0 State
10248.0 10356.0 512.0 108.0 Supreme
10864.0 10344.0 336.0 96.0 Court
11304.0 10340.0 356.0 92.0 before

9512.0 10532.0 548.0 116.0 recessing
10116.0 10524.0 160.0 92.0 for
10336.0 10524.0 180.0 92.0 the
10576.0 10536.0 500.0 84.0 summer,
11132.0 10512.0 324.0 112.0 today
11512.0 10508.0 112.0 96.0 af-

9512.0 10696.0 392.0 96.0 firmed
9972.0 10696.0 176.0 92.0 the
10208.0 10684.0 600.0 100.0 conviction
10876.0 10684.0 112.0 92.0 of
11052.0 10680.0 184.0 96.0 the
11300.0 10676.0 320.0 92.0 Stand-

9508.0 10868.0 192.0 96.0 ard
9768.0 10864.0 300.0 112.0 Drug
10128.0 10868.0 548.0 104.0 Company
10736.0 10852.0 112.0 96.0 of
10904.0 10840.0 568.0 108.0 Cleveland
11532.0 10864.0 132.0 72.0 on

9508.0 11064.0 64.0 68.0 a
9656.0 11036.0 404.0 108.0 charge
10152.0 11028.0 108.0 96.0 of
10348.0 11020.0 604.0 124.0 practicing
11040.0 11016.0 624.0 116.0 optometry,

9512.0 11204.0 188.0 92.0 but
9756.0 11196.0 492.0 100.0 reversed
10308.0 11220.0 68.0 68.0 a
10432.0 11192.0 408.0 92.0 similar
10896.0 11184.0 604.0 96.0 conviction
11556.0 11180.0 112.0 92.0 of

9508.0 11376.0 184.0 92.0 the
9780.0 11372.0 248.0 112.0 May
10108.0 11368.0 556.0 112.0 Company
10736.0 11360.0 116.0 92.0 of
10932.0 11348.0 600.0 100.0 Cleveland.

9624.0 11540.0 232.0 92.0 The
9924.0 11532.0 532.0 100.0 Standard
10524.0 11532.0 552.0 116.0 Company
11144.0 11544.0 220.0 68.0 was
11428.0 11512.0 232.0 96.0 held

9508.0 11712.0 316.0 92.0 liable
9912.0 11708.0 440.0 92.0 because
10432.0 11700.0 120.0 92.0 of
10628.0 11696.0 452.0 92.0 window
11152.0 11688.0 472.0 96.0 advertis-

9512.0 11884.0 180.0 116.0 ing
9744.0 11880.0 348.0 92.0 which
10148.0 11864.0 536.0 104.0 Indicated
10740.0 11868.0 76.0 92.0 It
10872.0 11860.0 372.0 96.0 owned
11300.0 11880.0 136.0 68.0 an
11492.0 11880.0 132.0 88.0 op-

9504.0 12052.0 472.0 104.0 tometry
10044.0 12036.0 680.0 120.0 department
10796.0 12032.0 104.0 92.0 in
10972.0 12032.0 184.0 92.0 the
11228.0 12028.0 312.0 92.0 store.

9624.0 12188.0 480.0 88.0 Officers
10192.0 12180.0 112.0 88.0 of
10396.0 12176.0 256.0 96.0 both
10748.0 12168.0 616.0 112.0 companies
11452.0 12160.0 204.0 96.0 and

9504.0 12324.0 372.0 92.0 others
9944.0 12312.0 592.0 100.0 associated
10608.0 12308.0 252.0 92.0 with
10932.0 12304.0 552.0 112.0 operation
11552.0 12296.0 112.0 88.0 of

9508.0 12464.0 288.0 88.0 their
9900.0 12456.0 596.0 112.0 optometry
10600.0 12444.0 684.0 112.0 department
11388.0 12460.0 272.0 64.0 were

9504.0 12596.0 548.0 112.0 acquitted
10112.0 12592.0 200.0 92.0 and
10372.0 12588.0 184.0 92.0 the
10616.0 12584.0 108.0 96.0 $5
10780.0 12588.0 276.0 84.0 fines
11116.0 12576.0 208.0 92.0 and
11376.0 12576.0 280.0 88.0 costs

9504.0 12736.0 480.0 108.0 imposed
10056.0 12752.0 132.0 68.0 on
10264.0 12728.0 268.0 92.0 each
10608.0 12744.0 272.0 68.0 were
10960.0 12712.0 336.0 96.0 lifted.

9616.0 12872.0 232.0 92.0 The
9908.0 12868.0 300.0 92.0 court
10268.0 12860.0 276.0 104.0 held,
10604.0 12856.0 520.0 100.0 however,
11184.0 12848.0 236.0 92.0 that
11480.0 12848.0 176.0 92.0 the

9500.0 13004.0 724.0 116.0 employment
10316.0 13004.0 116.0 92.0 of
10528.0 12988.0 740.0 120.0 optometrists
11364.0 12984.0 128.0 108.0 by
11584.0 12984.0 76.0 88.0 I.

9500.0 13144.0 96.0 96.0 J.
9696.0 13144.0 460.0 96.0 Adelson
10252.0 13140.0 108.0 92.0 at
10456.0 13136.0 184.0 88.0 the
10732.0 13124.0 540.0 96.0 Standard
11368.0 13120.0 252.0 92.0 Com-

9500.0 13304.0 316.0 96.0 pany,
9884.0 13280.0 204.0 96.0 and
10156.0 13276.0 128.0 116.0 by
10352.0 13268.0 572.0 116.0 Benjamin
10988.0 13256.0 672.0 108.0 Galnesburg

9500.0 13428.0 112.0 88.0 at
9708.0 13424.0 188.0 92.0 the
9996.0 13416.0 236.0 112.0 May
10320.0 13408.0 556.0 112.0 Company
10964.0 13424.0 228.0 68.0 was
11288.0 13392.0 372.0 116.0 illegal,

9500.0 13560.0 184.0 96.0 but
9760.0 13560.0 244.0 88.0 that
10068.0 13548.0 412.0 100.0 several
10552.0 13544.0 312.0 96.0 other
10932.0 13532.0 724.0 124.0 proceedings,

9500.0 13696.0 352.0 92.0 which
9964.0 13692.0 76.0 96.0 it
10136.0 13684.0 324.0 100.0 failed
10564.0 13688.0 112.0 88.0 to
10776.0 13672.0 440.0 120.0 specify,
11320.0 13664.0 336.0 96.0 would

9504.0 13836.0 276.0 92.0 have
9860.0 13828.0 112.0 92.0 to
10048.0 13828.0 124.0 92.0 be
10252.0 13820.0 588.0 96.0 Instituted.

9616.0 13968.0 468.0 92.0 Adelson
10212.0 13960.0 212.0 96.0 and
10560.0 13952.0 616.0 108.0 Gainsburg
11304.0 13936.0 348.0 104.0 leased

9500.0 14104.0 180.0 96.0 tha
9776.0 14100.0 736.0 116.0 departments
10604.0 14092.0 108.0 92.0 in
10800.0 14092.0 180.0 88.0 the
11072.0 14076.0 588.0 120.0 respective

9632.0 14528.0 976.0 376.0 SCOUTS
10752.0 14520.0 760.0 368.0 CHEER

9500.0 15244.0 952.0 220.0 President
10692.0 15236.0 248.0 208.0 On
11176.0 15228.0 476.0 212.0 Tour

2920.0 27336.0 160.0 84.0 For
3108.0 27340.0 396.0 88.0 complete
3536.0 27340.0 540.0 88.0 information
4112.0 27364.0 96.0 56.0 at
4240.0 27356.0 84.0 64.0 to
4356.0 27336.0 264.0 92.0 faret,
4656.0 27364.0 272.0 56.0 rnutet
4964.0 27340.0 184.0 80.0 and
5192.0 27340.0 388.0 84.0 Pullman
5632.0 27360.0 252.0 68.0 rate,
5916.0 27336.0 164.0 84.0 rail

1848.0 27448.0 100.0 72.0 10
2040.0 27472.0 92.0 52.0 or
2164.0 27448.0 164.0 76.0 Hi
2364.0 27444.0 244.0 80.0 Dixit
2636.0 27436.0 464.0 88.0 Terminal,
3140.0 27440.0 276.0 76.0 Phonf
3452.0 27440.0 180.0 76.0 MA
3648.0 27464.0 80.0 48.0 in
3764.0 27444.0 260.0 80.0 3540,
4060.0 27440.0 104.0 76.0 A.
4200.0 27444.0 108.0 72.0 C.
4344.0 27440.0 48.0 76.0 1
4428.0 27444.0 624.0 88.0 HOMPSON,
5088.0 27448.0 228.0 72.0 Am.
5352.0 27452.0 212.0 76.0 ijen.
5612.0 27440.0 236.0 76.0 Vast.
5884.0 27444.0 192.0 84.0 Agt.

648.0 27696.0 952.0 312.0 NEW
1784.0 27696.0 1224.0 312.0 YORK
3192.0 27696.0 2024.0 312.0 CENTRAL
5392.0 27680.0 1704.0 328.0 SYSTEM

7356.0 22624.0 264.0 100.0 New
7720.0 22628.0 332.0 108.0 York,
8152.0 22628.0 260.0 112.0 July
8512.0 22624.0 452.0 100.0 7-(AP)
9108.0 22620.0 284.0 96.0 John

7228.0 22796.0 568.0 116.0 N.Willys,
7868.0 22796.0 656.0 92.0 automobile
8592.0 22792.0 804.0 92.0 manufacturer

7228.0 22980.0 216.0 92.0 and
7516.0 22968.0 408.0 92.0 former
7992.0 22960.0 724.0 96.0 Ambassador
8780.0 22960.0 104.0 96.0 to
8952.0 22952.0 436.0 108.0 Poland,

7228.0 23132.0 244.0 96.0 who
7536.0 23132.0 236.0 92.0 died
7832.0 23132.0 420.0 112.0 August
8316.0 23128.0 148.0 116.0 26,
8524.0 23124.0 248.0 116.0 1035,
8832.0 23124.0 196.0 92.0 left
9092.0 23152.0 300.0 88.0 gross

7228.0 23300.0 352.0 92.0 assets
7644.0 23296.0 116.0 92.0 of
7820.0 23292.0 540.0 112.0 $2,414,729
8420.0 23300.0 204.0 92.0 and
8688.0 23316.0 64.0 68.0 a
8808.0 23292.0 180.0 92.0 net
9048.0 23292.0 344.0 92.0 estate

7236.0 23468.0 120.0 92.0 of
7444.0 23460.0 572.0 108.0 $1,?64,069,
8108.0 23464.0 84.0 92.0 It
8280.0 23484.0 228.0 68.0 was
8600.0 23464.0 356.0 88.0 Bhown
9056.0 23460.0 108.0 92.0 in
9264.0 23484.0 132.0 64.0 an

7228.0 23604.0 352.0 88.0 estate
7640.0 23604.0 184.0 88.0 tax
7884.0 23596.0 556.0 112.0 appraisal
8504.0 23592.0 244.0 96.0 filed
8804.0 23596.0 352.0 108.0 today.

7352.0 23740.0 96.0 88.0 A
7536.0 23736.0 292.0 104.0 large
7924.0 23736.0 244.0 108.0 putt
8256.0 23744.0 120.0 80.0 of
8464.0 23736.0 180.0 88.0 the
8728.0 23732.0 336.0 84.0 estate
9156.0 23748.0 196.0 68.0 con-

7228.0 23864.0 340.0 100.0 sisted
7644.0 23876.0 116.0 88.0 of
7836.0 23868.0 568.0 88.0 securities
8484.0 23864.0 444.0 116.0 totaling
9004.0 23860.0 352.0 104.0 $1,834,-

7232.0 24004.0 200.0 96.0 B92.
7552.0 24004.0 184.0 84.0 not
7848.0 24000.0 312.0 92.0 listed
8284.0 24000.0 108.0 88.0 in
8504.0 23996.0 344.0 92.0 detail.
9024.0 23996.0 372.0 92.0 Assets

7232.0 24132.0 496.0 92.0 Included
7808.0 24136.0 296.0 108.0 cash,
8184.0 24132.0 596.0 112.0 insurance,
8856.0 24132.0 212.0 88.0 and
9156.0 24132.0 204.0 88.0 mis-

7228.0 24272.0 612.0 88.0 cellaneous
7952.0 24272.0 316.0 88.0 items
8376.0 24268.0 448.0 112.0 totaling
8924.0 24264.0 476.0 108.0 $557,737.

7348.0 24404.0 436.0 92.0 Florida
7880.0 24400.0 224.0 96.0 real
8196.0 24404.0 384.0 100.0 estate,
8664.0 24404.0 412.0 88.0 certain
9172.0 24424.0 188.0 88.0 per-

7228.0 24548.0 308.0 88.0 sonal
7612.0 24540.0 428.0 104.0 effects,
8116.0 24536.0 272.0 92.0 1.200
8456.0 24536.0 368.0 92.0 shares
8896.0 24540.0 120.0 88.0 of
9088.0 24536.0 304.0 92.0 stock

7224.0 24676.0 120.0 92.0 of
7396.0 24676.0 180.0 92.0 the
7632.0 24672.0 460.0 92.0 Tilloton
8156.0 24668.0 888.0 112.0 Manufacturing
9100.0 24672.0 260.0 92.0 Com-

7232.0 24832.0 292.0 92.0 pany
7588.0 24816.0 116.0 92.0 of
7768.0 24800.0 428.0 116.0 Toledo,
8264.0 24812.0 220.0 88.0 and
8552.0 24808.0 112.0 88.0 65
8728.0 24828.0 184.0 92.0 per
8976.0 24812.0 252.0 88.0 cent
9292.0 24808.0 112.0 88.0 of

7232.0 24948.0 192.0 88.0 the
7544.0 24944.0 568.0 108.0 residuary
8260.0 24944.0 352.0 88.0 estate
8736.0 24972.0 128.0 80.0 go
8980.0 24944.0 116.0 88.0 to
9216.0 24944.0 184.0 84.0 the

7228.0 25080.0 412.0 100.0 widow.
7716.0 25076.0 260.0 96.0 Mrs.
8056.0 25076.0 520.0 92.0 Florence
8648.0 25076.0 116.0 92.0 E.
8836.0 25076.0 380.0 108.0 Willys
9292.0 25076.0 112.0 92.0 of

7232.0 25220.0 264.0 92.0 New
7560.0 25212.0 292.0 96.0 York
7912.0 25208.0 216.0 96.0 and
8188.0 25212.0 312.0 92.0 Palm
8564.0 25212.0 376.0 88.0 Peach.
9064.0 25208.0 340.0 92.0 Other

7236.0 25348.0 496.0 116.0 personal
7800.0 25348.0 396.0 92.0 effects
8268.0 25352.0 220.0 92.0 and
8556.0 25344.0 112.0 92.0 35
8728.0 25368.0 184.0 92.0 per
8976.0 25348.0 252.0 88.0 cent
9292.0 25344.0 112.0 92.0 of

7236.0 25492.0 184.0 88.0 the
7556.0 25484.0 560.0 104.0 residuary
8248.0 25488.0 356.0 80.0 estnto
8728.0 25504.0 128.0 84.0 go
8984.0 25484.0 116.0 84.0 to
9232.0 25480.0 132.0 88.0 de-

7236.0 25620.0 468.0 92.0 cedent's
7780.0 25616.0 540.0 108.0 daughter
8396.0 25616.0 476.0 100.0 Virginia
8944.0 25612.0 460.0 112.0 Clayton

7236.0 25760.0 372.0 108.0 Willys
7672.0 25756.0 160.0 88.0 De
7900.0 25752.0 372.0 92.0 Landa
8340.0 25756.0 120.0 88.0 of
8520.0 25748.0 252.0 96.0 New
8836.0 25744.0 328.0 100.0 York.

7360.0 25892.0 224.0 92.0 The
7652.0 25888.0 244.0 112.0 will,
7968.0 25884.0 328.0 96.0 dated
8376.0 25884.0 248.0 112.0 May
8692.0 25880.0 136.0 108.0 13,
8900.0 25884.0 268.0 100.0 1935,
9240.0 25908.0 124.0 64.0 ex-

7240.0 26024.0 424.0 120.0 plained
7768.0 26024.0 248.0 92.0 that
8108.0 26020.0 384.0 112.0 Willys
8592.0 26020.0 200.0 100.0 had
8892.0 26016.0 508.0 116.0 provided

7244.0 26164.0 396.0 116.0 during
7740.0 26160.0 172.0 92.0 his
8016.0 26156.0 488.0 112.0 lifetime,
8604.0 26152.0 132.0 112.0 by
8832.0 26152.0 268.0 112.0 gifts
9200.0 26148.0 212.0 96.0 and

7248.0 26304.0 372.0 100.0 trusts,
7708.0 26296.0 236.0 92.0 "for
8024.0 26292.0 136.0 88.0 all
8252.0 26292.0 316.0 92.0 other
8648.0 26312.0 440.0 92.0 persons
9176.0 26292.0 236.0 88.0 who

7244.0 26436.0 352.0 104.0 mij-'ht
7668.0 26428.0 124.0 92.0 be
7868.0 26424.0 636.0 100.0 considered
8572.0 26424.0 400.0 112.0 objects
9048.0 26420.0 116.0 92.0 of
9236.0 26444.0 176.0 92.0 my

7248.0 26576.0 424.0 88.0 natural
7760.0 26564.0 524.0 92.0 affection
8376.0 26560.0 208.0 88.0 and
8668.0 26552.0 488.0 116.0 lounty."

7428.0 26868.0 368.0 120.0 HLM
7884.0 26860.0 596.0 120.0 PLAYER
8564.0 26856.0 672.0 120.0 INJURED.

7372.0 27068.0 664.0 108.0 Hollywood.
8100.0 27064.0 344.0 100.0 Calif.,
8508.0 27064.0 244.0 104.0 July
8816.0 27060.0 472.0 92.0 7-(AP)

7268.0 27212.0 284.0 88.0 Alice
7612.0 27208.0 320.0 108.0 Faye,
7996.0 27200.0 384.0 88.0 blonde
8440.0 27200.0 420.0 104.0 singing
8912.0 27200.0 264.0 104.0 star,
9240.0 27192.0 180.0 96.0 fell

7256.0 27344.0 312.0 88.0 down
7648.0 27364.0 64.0 64.0 a
7788.0 27344.0 324.0 104.0 flight
8184.0 27336.0 116.0 88.0 of
8380.0 27336.0 320.0 92.0 stairs
8776.0 27336.0 392.0 112.0 during
9244.0 27332.0 176.0 92.0 the

7264.0 27484.0 428.0 96.0 filming
7772.0 27488.0 116.0 80.0 of
7972.0 27504.0 60.0 60.0 a
8112.0 27496.0 316.0 64.0 scene
8512.0 27472.0 308.0 108.0 today
8904.0 27476.0 212.0 84.0 and
9272.0 27468.0 112.0 92.0 uf-

7264.0 27620.0 292.0 88.0 fercd
7688.0 27616.0 272.0 88.0 hack
8088.0 27616.0 448.0 100.0 injuries
8652.0 27608.0 200.0 88.0 anl
8972.0 27604.0 448.0 92.0 bruises.

7268.0 27752.0 376.0 88.0 Studio
7732.0 27748.0 628.0 108.0 physicians
8456.0 27744.0 224.0 88.0 said
8768.0 27744.0 188.0 88.0 she
9052.0 27764.0 340.0 88.0 appar-

7264.0 27884.0 288.0 120.0 ently
7612.0 27884.0 492.0 100.0 suffered
8168.0 27904.0 136.0 72.0 no
8368.0 27880.0 456.0 96.0 internal
8884.0 27880.0 484.0 112.0 injuries.

9508.0 15840.0 148.0 128.0 Of
9740.0 15828.0 328.0 136.0 Tlicir
10148.0 15832.0 804.0 136.0 Encampment
11040.0 15820.0 164.0 120.0 On
11296.0 15812.0 360.0 124.0 Hanks

9680.0 16040.0 152.0 124.0 Of
9908.0 16024.0 836.0 140.0 PotomacHe
10816.0 16020.0 656.0 152.0 Exchanges

9756.0 16236.0 440.0 128.0 Salutes
10260.0 16232.0 304.0 132.0 With
10636.0 16216.0 756.0 168.0 "Troopers."

9616.0 16744.0 740.0 112.0 Washington,
10484.0 16736.0 252.0 116.0 July
10860.0 16728.0 60.0 96.0 7
11188.0 16724.0 268.0 96.0 (AP)

9504.0 16916.0 524.0 96.0 Franklin
10144.0 16912.0 120.0 96.0 D.
10392.0 16900.0 600.0 108.0 Roosevelt,
11116.0 16892.0 532.0 112.0 honorary

9512.0 17088.0 328.0 92.0 Scout
9908.0 17076.0 372.0 108.0 leader,
10356.0 17072.0 372.0 96.0 toured
10804.0 17068.0 180.0 92.0 the
11052.0 17068.0 224.0 116.0 Boy
11344.0 17056.0 304.0 104.0 Scout

9508.0 17252.0 748.0 112.0 encampment
10344.0 17272.0 140.0 68.0 on
10580.0 17240.0 252.0 96.0 both
10916.0 17236.0 288.0 92.0 sides
11284.0 17236.0 108.0 88.0 of
11476.0 17232.0 176.0 88.0 the

9508.0 17424.0 516.0 92.0 Potomac
10092.0 17420.0 320.0 92.0 River
10472.0 17412.0 212.0 88.0 late
10748.0 17404.0 348.0 112.0 today,
11160.0 17396.0 492.0 116.0 stopping

9512.0 17592.0 248.0 92.0 four
9860.0 17592.0 308.0 96.0 times
10272.0 17584.0 112.0 96.0 to
10480.0 17576.0 404.0 100.0 receive
10984.0 17576.0 180.0 88.0 the
11260.0 17564.0 392.0 92.0 snlutes

9516.0 17760.0 208.0 92.0 and
9828.0 17760.0 364.0 88.0 cheers
10304.0 17752.0 112.0 96.0 of
10516.0 17744.0 544.0 96.0 hundreds
11216.0 17736.0 112.0 92.0 of
11484.0 17736.0 176.0 92.0 the

9508.0 17928.0 396.0 116.0 youths
9972.0 17928.0 100.0 88.0 in
10140.0 17916.0 328.0 100.0 khaki
10548.0 17916.0 384.0 92.0 shorts.

9636.0 18092.0 168.0 92.0 He
9884.0 18088.0 436.0 112.0 stopped
10404.0 18084.0 368.0 96.0 before
10844.0 18108.0 64.0 64.0 a
10988.0 18068.0 676.0 100.0 Scout-made

9516.0 18256.0 744.0 112.0 reproduction
10332.0 18256.0 116.0 88.0 of
10528.0 18252.0 164.0 92.0 his
10764.0 18244.0 308.0 116.0 Hyde
11152.0 18244.0 312.0 104.0 Park,
11536.0 18240.0 128.0 92.0 N.

9448.0 18396.0 12.0 124.0 I
9512.0 18424.0 152.0 112.0 Y.,
9764.0 18424.0 340.0 108.0 home,
10212.0 18424.0 212.0 96.0 and
10520.0 18420.0 432.0 116.0 greeted
11052.0 18408.0 120.0 100.0 $5
11260.0 18408.0 364.0 116.0 "troop

9508.0 18592.0 232.0 96.0 ers"
9844.0 18596.0 276.0 92.0 from
10228.0 18588.0 168.0 96.0 hla
10548.0 18588.0 308.0 92.0 home
11008.0 18580.0 396.0 116.0 county
11548.0 18576.0 116.0 92.0 of

9512.0 18764.0 568.0 96.0 Dutchess.

9624.0 18924.0 164.0 96.0 "It
9872.0 18924.0 368.0 96.0 makes
10308.0 18948.0 176.0 68.0 me
10556.0 18924.0 424.0 116.0 hungry
11056.0 18920.0 112.0 96.0 to
11236.0 18944.0 176.0 68.0 see
11492.0 18912.0 168.0 116.0 It,"

9508.0 19100.0 184.0 92.0 the
9764.0 19100.0 560.0 92.0 President
10396.0 19092.0 232.0 96.0 said
10696.0 19096.0 312.0 92.0 when
11080.0 19092.0 132.0 96.0 he
11288.0 19088.0 372.0 96.0 looked

9520.0 19268.0 108.0 92.0 at
9696.0 19268.0 188.0 92.0 tho
9948.0 19292.0 256.0 92.0 gray
10260.0 19268.0 308.0 92.0 stone
10628.0 19260.0 208.0 96.0 and
10900.0 19260.0 372.0 92.0 stucco
11336.0 19260.0 288.0 92.0 struc-

9516.0 19436.0 268.0 88.0 ture.
9936.0 19432.0 156.0 92.0 "It
10200.0 19428.0 376.0 96.0 makes
10668.0 19452.0 168.0 68.0 me
10932.0 19432.0 208.0 92.0 feel
11240.0 19424.0 48.0 100.0 I
11380.0 19428.0 284.0 92.0 want

9524.0 19608.0 104.0 84.0 to
9720.0 19624.0 136.0 84.0 go
9944.0 19600.0 104.0 92.0 in
10124.0 19604.0 204.0 92.0 and
10416.0 19600.0 176.0 112.0 get
10672.0 19624.0 60.0 68.0 a
10812.0 19620.0 392.0 88.0 square
11288.0 19588.0 364.0 96.0 meal."

9632.0 19756.0 424.0 116.0 During
10124.0 19760.0 160.0 92.0 his
10356.0 19764.0 240.0 108.0 stop
10664.0 19756.0 108.0 96.0 to
10836.0 19756.0 260.0 96.0 chat
11164.0 19756.0 256.0 96.0 with
11492.0 19756.0 176.0 92.0 the

9516.0 19928.0 540.0 88.0 Dutchess
10156.0 19928.0 420.0 112.0 County
10672.0 19920.0 284.0 120.0 boys,
11060.0 19924.0 180.0 96.0 the
11340.0 19920.0 288.0 96.0 Presi-

9520.0 20092.0 260.0 96.0 dent
9848.0 20092.0 376.0 112.0 pinned
10300.0 20120.0 140.0 68.0 an
10516.0 20084.0 328.0 120.0 Eagle
10916.0 20088.0 396.0 116.0 Badge,
11384.0 20088.0 248.0 108.0 high-

9516.0 20236.0 164.0 88.0 cat
9812.0 20228.0 356.0 92.0 award
10292.0 20228.0 116.0 92.0 of
10532.0 20228.0 588.0 108.0 scoutdom,
11244.0 20252.0 132.0 68.0 on
11496.0 20228.0 180.0 88.0 the

9520.0 20368.0 368.0 88.0 breast
9948.0 20364.0 112.0 92.0 of
10124.0 20360.0 1088.0 116.0 seventeen-year-old
11280.0 20360.0 352.0 92.0 Frnnk-

9524.0 20500.0 180.0 116.0 lyn
9804.0 20500.0 112.0 96.0 C.
10012.0 20500.0 140.0 92.0 St.
10248.0 20500.0 288.0 92.0 John
10628.0 20500.0 116.0 88.0 of
10840.0 20496.0 836.0 108.0 Poughkeepsie,

9520.0 20640.0 240.0 88.0 who
9852.0 20636.0 404.0 92.0 saluted
10352.0 20632.0 520.0 112.0 snappily.
11028.0 20632.0 220.0 92.0 The
11340.0 20628.0 292.0 92.0 Presi-

9516.0 20772.0 264.0 88.0 dent
9868.0 20772.0 404.0 88.0 saluted
10368.0 20768.0 104.0 88.0 in
10564.0 20772.0 276.0 88.0 turn.

9640.0 20904.0 200.0 96.0 Mr.
9948.0 20904.0 560.0 92.0 Roosevelt
10616.0 20896.0 564.0 116.0 presented
11284.0 20896.0 108.0 92.0 to
11496.0 20896.0 176.0 92.0 the

9512.0 21036.0 208.0 92.0 Sea
9864.0 21040.0 312.0 88.0 Scout
10312.0 21032.0 264.0 116.0 Ship
10720.0 21032.0 416.0 88.0 Polaris
11272.0 21028.0 116.0 92.0 of
11524.0 21028.0 148.0 88.0 St.

9516.0 21172.0 324.0 96.0 Louis
9908.0 21172.0 176.0 88.0 the
10148.0 21164.0 508.0 96.0 National
10724.0 21164.0 204.0 88.0 Sea
10996.0 21168.0 324.0 88.0 Scout
11388.0 21160.0 284.0 108.0 Flag,

9512.0 21448.0 388.0 88.0 Scouts
10088.0 21448.0 660.0 96.0 throughout
10924.0 21448.0 180.0 76.0 the
11296.0 21448.0 376.0 76.0 United

9500.0 21576.0 364.0 88.0 States
9940.0 21572.0 204.0 88.0 and
10224.0 21572.0 136.0 88.0 Its
10432.0 21564.0 628.0 96.0 territories.

9632.0 21708.0 516.0 92.0 Escorted
10240.0 21712.0 136.0 108.0 by
10456.0 21704.0 688.0 112.0 gray-haired
11236.0 21704.0 232.0 92.0 Dan
11552.0 21700.0 108.0 96.0 C.

9516.0 21844.0 392.0 108.0 Beard,
10036.0 21844.0 628.0 92.0 co-founder
10788.0 21840.0 116.0 92.0 of
11036.0 21844.0 184.0 88.0 the
11348.0 21844.0 324.0 92.0 Scout

9524.0 21988.0 632.0 96.0 movement,
10272.0 21980.0 220.0 92.0 and
10612.0 21980.0 372.0 92.0 James
11112.0 21980.0 120.0 92.0 E.
11352.0 21984.0 320.0 108.0 West,

9512.0 22120.0 300.0 96.0 chief
9920.0 22124.0 292.0 88.0 scout
10328.0 22120.0 584.0 104.0 executive,
11028.0 22120.0 184.0 88.0 the
11328.0 22116.0 292.0 96.0 Presi-

9508.0 22264.0 264.0 88.0 dent
9948.0 22256.0 464.0 92.0 traveled
10584.0 22256.0 332.0 92.0 about
11084.0 22256.0 120.0 92.0 10
11364.0 22256.0 304.0 96.0 miles

9512.0 22400.0 472.0 104.0 through
10052.0 22400.0 172.0 88.0 the
10284.0 22396.0 372.0 92.0 tented
10720.0 22396.0 268.0 112.0 park
11048.0 22396.0 504.0 112.0 grounds.

9636.0 22536.0 172.0 92.0 He
9868.0 22536.0 304.0 92.0 made
10232.0 22536.0 184.0 88.0 the
10480.0 22536.0 216.0 112.0 trip
10752.0 22536.0 292.0 92.0 after
11112.0 22536.0 564.0 112.0 returning

9508.0 22672.0 284.0 92.0 from
9872.0 22672.0 180.0 96.0 the
10124.0 22672.0 420.0 96.0 all-star
10616.0 22672.0 476.0 92.0 baseball
11168.0 22696.0 308.0 88.0 game
11552.0 22680.0 116.0 88.0 at

9504.0 22812.0 468.0 92.0 Griffith
10052.0 22808.0 520.0 112.0 Stadium,
10660.0 22812.0 356.0 96.0 where
11096.0 22808.0 136.0 96.0 he
11312.0 22812.0 208.0 92.0 had
11600.0 22840.0 68.0 68.0 a

9508.0 22948.0 348.0 108.0 guard
9968.0 22948.0 112.0 92.0 of
10192.0 22952.0 344.0 88.0 honor
10648.0 22952.0 576.0 112.0 composed
11336.0 22952.0 112.0 92.0 of
11556.0 22956.0 112.0 92.0 12

9500.0 23084.0 340.0 116.0 Eagle
9912.0 23084.0 372.0 96.0 Scouts
10360.0 23088.0 288.0 92.0 from
10716.0 23112.0 124.0 68.0 as
10912.0 23108.0 328.0 96.0 many
11312.0 23088.0 364.0 96.0 states.

9912.0 23424.0 1280.0 376.0 STURGEON

9520.0 24120.0 496.0 172.0 Speared
10172.0 24128.0 160.0 160.0 By
10488.0 24124.0 688.0 144.0 Fisherman,
11332.0 24128.0 348.0 164.0 Irags

9752.0 24328.0 412.0 164.0 faptor
10228.0 24332.0 152.0 124.0 To
10452.0 24332.0 364.0 128.0 Death
10888.0 24340.0 120.0 124.0 In
11080.0 24332.0 364.0 148.0 Kicr,

9864.0 24532.0 320.0 132.0 Coast
10260.0 24532.0 704.0 132.0 Guardsmen
11036.0 24532.0 304.0 128.0 Told.

9636.0 25032.0 484.0 112.0 Niagara
10224.0 25032.0 328.0 116.0 Falls,
10652.0 25040.0 132.0 92.0 N.
10888.0 25032.0 156.0 116.0 Y.,
11148.0 25036.0 252.0 112.0 July
11504.0 25032.0 56.0 96.0 7

9524.0 25164.0 132.0 92.0 (A
9684.0 25168.0 132.0 96.0 P)
9952.0 25172.0 320.0 92.0 Coast
10380.0 25180.0 428.0 88.0 Guards
10920.0 25172.0 232.0 92.0 said
11264.0 25172.0 400.0 108.0 tonight

9520.0 25308.0 264.0 108.0 they
9848.0 25304.0 468.0 100.0 believed
10388.0 25316.0 244.0 88.0 that
10696.0 25336.0 64.0 68.0 a
10828.0 25312.0 284.0 108.0 huge
11176.0 25312.0 500.0 104.0 sturgeon

9524.0 25440.0 212.0 88.0 had
9852.0 25444.0 468.0 108.0 dragged
10432.0 25472.0 68.0 68.0 a
10604.0 25448.0 596.0 88.0 fisherman
11308.0 25452.0 108.0 84.0 to
11520.0 25444.0 160.0 88.0 his

9516.0 25576.0 332.0 96.0 death
9936.0 25576.0 108.0 96.0 in
10128.0 25584.0 180.0 88.0 the
10396.0 25584.0 300.0 92.0 swift
10780.0 25588.0 440.0 88.0 current
11304.0 25580.0 120.0 92.0 of
11500.0 25580.0 176.0 92.0 the

9520.0 25708.0 488.0 108.0 Niagara
10064.0 25716.0 332.0 92.0 River
10452.0 25720.0 296.0 108.0 early
10804.0 25716.0 360.0 112.0 today.

9640.0 25844.0 468.0 104.0 Thomas
10164.0 25856.0 308.0 112.0 Daly,
10528.0 25856.0 368.0 108.0 acting
10956.0 25852.0 104.0 88.0 in
11120.0 25852.0 388.0 108.0 charge
11564.0 25848.0 112.0 96.0 at

9512.0 25980.0 188.0 92.0 the
9764.0 25984.0 324.0 96.0 Coast
10140.0 25988.0 368.0 96.0 Guard
10572.0 25992.0 400.0 88.0 station
11028.0 25988.0 116.0 88.0 at
11204.0 25984.0 432.0 108.0 Youngs-

9524.0 26116.0 328.0 112.0 town,
9916.0 26128.0 408.0 92.0 several
10392.0 26124.0 304.0 96.0 miles
10764.0 26124.0 332.0 92.0 below
11160.0 26120.0 180.0 92.0 the
11408.0 26120.0 268.0 104.0 falls,

9520.0 26252.0 244.0 92.0 said
9840.0 26260.0 248.0 92.0 Mrs.
10156.0 26260.0 368.0 92.0 Bessie
10596.0 26256.0 368.0 96.0 Lewis,
11032.0 26256.0 368.0 88.0 cousin
11468.0 26252.0 208.0 92.0 and

9456.0 26360.0 12.0 144.0 j
9524.0 26396.0 644.0 112.0 companion
10276.0 26396.0 120.0 92.0 of
10500.0 26396.0 180.0 88.0 the
10788.0 26388.0 500.0 96.0 drowned
11408.0 26408.0 272.0 84.0 man,

9520.0 26528.0 584.0 92.0 Lnwrence
10200.0 26536.0 272.0 92.0 Peer
10572.0 26528.0 116.0 92.0 of
10784.0 26528.0 484.0 104.0 Niagara
11364.0 26528.0 316.0 92.0 tails,

9524.0 26660.0 224.0 96.0 told
9828.0 26664.0 220.0 96.0 him
10120.0 26668.0 264.0 92.0 Peer
10452.0 26664.0 444.0 112.0 speared
10964.0 26684.0 64.0 64.0 a
11104.0 26656.0 288.0 104.0 large
11464.0 26656.0 208.0 88.0 fish

9520.0 26796.0 220.0 92.0 and
9840.0 26824.0 216.0 68.0 was
10148.0 26800.0 380.0 88.0 hauled
10628.0 26800.0 220.0 84.0 into
10936.0 26796.0 180.0 84.0 the
11204.0 26792.0 468.0 108.0 swirling

9524.0 26936.0 376.0 92.0 water.

9644.0 27068.0 256.0 96.0 Mrs.
9984.0 27068.0 332.0 92.0 Lewis
10396.0 27088.0 224.0 64.0 saw
10700.0 27064.0 224.0 88.0 him
11012.0 27060.0 472.0 108.0 struggle
11572.0 27064.0 112.0 88.0 to

9528.0 27200.0 280.0 116.0 keep
9876.0 27208.0 160.0 88.0 his
10100.0 27204.0 440.0 84.0 balance
10604.0 27200.0 304.0 84.0 while
10972.0 27196.0 184.0 88.0 the
11224.0 27192.0 448.0 112.0 Impaled

9524.0 27344.0 516.0 100.0 .sturgeon
10096.0 27332.0 540.0 96.0 thrashed.
10696.0 27332.0 268.0 112.0 Daly
11016.0 27328.0 260.0 92.0 said.
11384.0 27328.0 288.0 88.0 Then

9532.0 27472.0 304.0 104.0 Peer,
9928.0 27472.0 372.0 92.0 unntile
10396.0 27476.0 108.0 84.0 to
10596.0 27468.0 264.0 108.0 keep
10956.0 27464.0 164.0 92.0 his
11212.0 27460.0 460.0 92.0 ba'ance.

9536.0 27608.0 184.0 92.0 fell
9792.0 27608.0 140.0 92.0 in.

9656.0 27740.0 328.0 92.0 Coast
10064.0 27736.0 416.0 92.0 Guards
10564.0 27732.0 328.0 92.0 found
10976.0 27756.0 140.0 68.0 no
11196.0 27736.0 292.0 88.0 trace
11568.0 27732.0 116.0 96.0 of

9468.0 27892.0 24.0 112.0 j
9536.0 27876.0 308.0 112.0 Peer,
9912.0 27876.0 160.0 92.0 his
10140.0 27876.0 244.0 112.0 fish,
10448.0 27896.0 120.0 72.0 or
10632.0 27876.0 164.0 92.0 his
10864.0 27892.0 352.0 92.0 spear.

11760.0 10160.0 880.0 104.0 establishments
12720.0 10148.0 204.0 104.0 and
13008.0 10152.0 556.0 120.0 employed
13648.0 10140.0 268.0 100.0 their

11772.0 10356.0 240.0 72.0 own
12100.0 10328.0 760.0 116.0 optometrists.

11896.0 10492.0 600.0 112.0 Reversing
12588.0 10492.0 180.0 92.0 the
12852.0 10488.0 588.0 116.0 Cuyahoga
13524.0 10472.0 400.0 116.0 County

11776.0 10660.0 556.0 120.0 Appellate
12520.0 10652.0 352.0 112.0 Court,
13048.0 10652.0 192.0 92.0 the
13428.0 10644.0 500.0 116.0 Supremo

11780.0 10828.0 468.0 92.0 tribunal
12380.0 10820.0 240.0 96.0 held
12736.0 10820.0 356.0 96.0 Jnines
13228.0 10804.0 112.0 108.0 P.
13472.0 10808.0 464.0 104.0 Hansen,

11780.0 10996.0 240.0 92.0 who
12112.0 10992.0 204.0 100.0 had
12412.0 10988.0 268.0 96.0 been
12772.0 10984.0 200.0 100.0 laid
13068.0 10984.0 172.0 96.0 off
13348.0 11008.0 124.0 64.0 as
13568.0 10980.0 328.0 116.0 Super-

11776.0 11160.0 292.0 92.0 visor
12176.0 11156.0 112.0 96.0 of
12392.0 11152.0 644.0 100.0 Cemeteries
13148.0 11152.0 108.0 96.0 In
13368.0 11144.0 560.0 100.0 Cleveland

11780.0 11332.0 108.0 92.0 In
11992.0 11324.0 256.0 112.0 1933,
12344.0 11348.0 224.0 72.0 was
12672.0 11324.0 176.0 88.0 not
12952.0 11316.0 448.0 96.0 entitled
13508.0 11312.0 108.0 96.0 to
13712.0 11308.0 216.0 112.0 $91

11768.0 11492.0 368.0 112.0 salary
12196.0 11492.0 280.0 100.0 from
12536.0 11488.0 188.0 92.0 the
12780.0 11488.0 236.0 112.0 city.
13132.0 11484.0 168.0 96.0 He
13360.0 11480.0 452.0 92.0 claimed
13868.0 11500.0 64.0 72.0 a

11776.0 11660.0 420.0 92.0 laborer
12284.0 11656.0 212.0 96.0 had
12596.0 11652.0 256.0 96.0 been
12952.0 11648.0 560.0 116.0 employed
13612.0 11648.0 108.0 92.0 to
13800.0 11644.0 132.0 92.0 do

11772.0 11828.0 188.0 92.0 the
12060.0 11848.0 296.0 68.0 same
12464.0 11820.0 304.0 92.0 work
12876.0 11840.0 116.0 68.0 as
13100.0 11820.0 136.0 88.0 he
13348.0 11812.0 212.0 96.0 had
13672.0 11812.0 256.0 92.0 been

11776.0 11988.0 332.0 108.0 doing
12176.0 11992.0 104.0 88.0 at
12356.0 11984.0 548.0 116.0 Highland
12984.0 11984.0 292.0 92.0 Park
13352.0 11980.0 584.0 112.0 Cemetery,

11772.0 12160.0 212.0 92.0 and
12056.0 12156.0 540.0 92.0 therefore
12664.0 12152.0 128.0 92.0 he
12852.0 12148.0 564.0 124.0 rightfully
13488.0 12172.0 212.0 68.0 was
13764.0 12168.0 124.0 72.0 en-

11772.0 12320.0 308.0 96.0 titled
12164.0 12324.0 108.0 88.0 to
12352.0 12324.0 184.0 88.0 the
12624.0 12344.0 232.0 92.0 pay.

11892.0 12480.0 472.0 116.0 Holding
12460.0 12484.0 416.0 92.0 actions
12968.0 12484.0 172.0 92.0 for
13232.0 12480.0 436.0 96.0 slander
13756.0 12500.0 172.0 72.0 are

11772.0 12652.0 392.0 92.0 abated
12248.0 12652.0 136.0 112.0 by
12476.0 12652.0 184.0 92.0 the
12748.0 12652.0 316.0 88.0 death
13148.0 12652.0 120.0 88.0 of
13356.0 12652.0 184.0 88.0 the
13628.0 12652.0 304.0 112.0 party

11776.0 12788.0 484.0 108.0 accused,
12392.0 12788.0 184.0 92.0 the
12700.0 12784.0 508.0 112.0 Supreme
13336.0 12784.0 336.0 92.0 Court
13788.0 12804.0 108.0 72.0 re-

11776.0 12924.0 376.0 92.0 versed
12300.0 12924.0 184.0 88.0 the
12636.0 12920.0 552.0 116.0 Appellate
13340.0 12920.0 336.0 92.0 Court
13828.0 12912.0 108.0 96.0 of

11776.0 13056.0 364.0 92.0 Drake
12220.0 13056.0 424.0 112.0 County
12724.0 13056.0 204.0 92.0 and
13012.0 13052.0 240.0 92.0 held
13340.0 13056.0 184.0 88.0 the
13600.0 13056.0 332.0 88.0 estate

11772.0 13192.0 120.0 92.0 of
11996.0 13192.0 360.0 92.0 Frank
12476.0 13192.0 136.0 92.0 M.
12720.0 13188.0 592.0 96.0 Townsend
13428.0 13212.0 224.0 68.0 was
13752.0 13188.0 184.0 92.0 not

11776.0 13328.0 316.0 92.0 liable
12168.0 13328.0 172.0 92.0 for
12420.0 13324.0 512.0 108.0 damages
13012.0 13332.0 108.0 84.0 to
13204.0 13324.0 412.0 88.0 Bertha
13700.0 13320.0 192.0 92.0 Bill-

11772.0 13460.0 412.0 116.0 ingsley
12260.0 13464.0 168.0 88.0 for
12512.0 13456.0 408.0 116.0 alleged
12996.0 13456.0 436.0 96.0 Blander
13512.0 13456.0 116.0 92.0 of
13712.0 13452.0 216.0 92.0 real

11768.0 13600.0 352.0 96.0 estate
12192.0 13596.0 264.0 92.0 title.

11892.0 13728.0 592.0 92.0 Townsend
12616.0 13724.0 232.0 100.0 died
12976.0 13728.0 308.0 96.0 when
13412.0 13720.0 188.0 92.0 the
13720.0 13720.0 208.0 96.0 suit

11772.0 13892.0 224.0 72.0 was
12116.0 13868.0 496.0 112.0 pending.
12788.0 13864.0 404.0 92.0 Bertha
13316.0 13856.0 612.0 112.0 Bllllngsley

11776.0 14000.0 212.0 92.0 had
12084.0 14000.0 388.0 116.0 sought
12572.0 14000.0 112.0 88.0 to
12784.0 13996.0 448.0 116.0 Impress
13336.0 13996.0 192.0 88.0 her
13620.0 13992.0 308.0 92.0 claim

11776.0 14136.0 428.0 112.0 against
12284.0 14140.0 164.0 88.0 his
12540.0 14128.0 364.0 96.0 widow
12984.0 14132.0 180.0 92.0 the
13240.0 14128.0 576.0 92.0 executrix.

11896.0 14272.0 224.0 92.0 Tho
12192.0 14272.0 516.0 108.0 Supreme
12788.0 14260.0 468.0 96.0 tribunal
13336.0 14260.0 136.0 116.0 by
13552.0 14280.0 344.0 68.0 revers-

11784.0 14408.0 180.0 108.0 ing
12048.0 14408.0 176.0 88.0 the
12300.0 14404.0 560.0 112.0 Appellate
12936.0 14400.0 332.0 92.0 Court
13352.0 14400.0 116.0 92.0 of
13548.0 14396.0 392.0 96.0 HainlU

11776.0 14544.0 180.0 84.0 ton
12100.0 14540.0 420.0 116.0 County
12664.0 14536.0 440.0 96.0 relieved
13256.0 14532.0 184.0 96.0 the
13568.0 14532.0 368.0 108.0 Hodge

11768.0 14672.0 1028.0 92.0 Drive-It-Yourself
12940.0 14668.0 592.0 116.0 Company,
13692.0 14668.0 240.0 100.0 Inc.,

11764.0 14812.0 280.0 92.0 from
12104.0 14808.0 516.0 108.0 damages
12680.0 14812.0 108.0 88.0 to
12844.0 14804.0 360.0 96.0 Frank
13268.0 14800.0 368.0 104.0 Orose,
13696.0 14804.0 228.0 88.0 who

11760.0 14944.0 216.0 92.0 had
12084.0 14940.0 260.0 96.0 been
12448.0 14944.0 424.0 112.0 injured
12980.0 14940.0 136.0 116.0 by
13220.0 14960.0 208.0 68.0 one
13532.0 14936.0 116.0 92.0 of
13748.0 14940.0 172.0 92.0 the

11752.0 15080.0 616.0 112.0 company's
12584.0 15076.0 732.0 96.0 automobiles.
13596.0 15072.0 320.0 92.0 Orose

11752.0 15220.0 452.0 88.0 claimed
12268.0 15220.0 184.0 88.0 the
12512.0 15236.0 520.0 92.0 company
13096.0 15236.0 224.0 64.0 was
13384.0 15204.0 316.0 96.0 liable
13760.0 15208.0 120.0 92.0 be-

11752.0 15376.0 328.0 68.0 cause
12164.0 15352.0 80.0 92.0 It
12328.0 15352.0 212.0 92.0 had
12628.0 15360.0 184.0 88.0 not
12896.0 15348.0 528.0 116.0 compiled
13516.0 15344.0 252.0 92.0 with
13852.0 15372.0 64.0 68.0 a

11748.0 15500.0 224.0 100.0 city
12068.0 15488.0 580.0 92.0 oidinance
12756.0 15488.0 544.0 112.0 requiring
13404.0 15508.0 508.0 68.0 concerns

11752.0 15624.0 432.0 124.0 renting
12272.0 15648.0 732.0 88.0 conveyances
13100.0 15628.0 112.0 88.0 to
13304.0 15620.0 248.0 112.0 give
13644.0 15620.0 264.0 92.0 bond

11752.0 15788.0 124.0 68.0 or
11944.0 15784.0 312.0 96.0 carry
12324.0 15760.0 452.0 124.0 liability
12840.0 15760.0 600.0 96.0 insurance.

12300.0 15920.0 540.0 80.0 UENFRAI.
12904.0 15920.0 448.0 76.0 IHICKKT

11856.0 16016.0 268.0 76.0 2S40S
12236.0 16020.0 256.0 72.0 rinra
12584.0 16016.0 108.0 80.0 M.
12784.0 16016.0 420.0 80.0 Siinufffr,
13300.0 16012.0 404.0 84.0 aiipfllr.
13788.0 16028.0 120.0 56.0 va.

11756.0 16116.0 292.0 84.0 Joilyn
12132.0 16120.0 408.0 64.0 Rnoutfrr
12612.0 16120.0 80.0 60.0 at
12772.0 16116.0 72.0 68.0 al
12892.0 16172.0 12.0 24.0 ,
12992.0 16112.0 516.0 72.0 aiwllanls.
13600.0 16108.0 280.0 76.0 Frank-

11756.0 16212.0 144.0 72.0 lin.
12024.0 16208.0 460.0 84.0 Judgment
12548.0 16204.0 408.0 76.0 reveritfri.

11868.0 16304.0 200.0 68.0 7M2
12268.0 16308.0 268.0 72.0 HiHte,
12656.0 16316.0 96.0 56.0 rx
12864.0 16300.0 136.0 72.0 ml.
13112.0 16292.0 128.0 76.0 W.
13360.0 16288.0 72.0 80.0 J.
13552.0 16296.0 360.0 84.0 McCalt,

11756.0 16396.0 460.0 84.0 appellant,
12312.0 16412.0 128.0 52.0 va.
12540.0 16388.0 456.0 76.0 Industrial
13080.0 16392.0 604.0 80.0 CtimmlMMon,
13776.0 16404.0 104.0 76.0 ap-

11756.0 16496.0 216.0 68.0 tm'II.'
12140.0 16488.0 464.0 72.0 I'nvnhpa
12732.0 16488.0 440.0 68.0 .ht'Umnl
13276.0 16484.0 408.0 68.0 nffirnifl

14424.0 9112.0 1328.0 392.0 Makes
15888.0 9120.0 2128.0 392.0 marvelous

15224.0 9632.0 1464.0 400.0 movies
16864.0 9704.0 376.0 328.0 at

14360.0 10168.0 2568.0 488.0 everybody's
17056.0 10160.0 1048.0 504.0 price

16272.0 13644.0 28.0 76.0 I
16532.0 13684.0 32.0 52.0 ;
16924.0 13652.0 44.0 68.0 V
17192.0 13652.0 44.0 60.0 i
17532.0 13644.0 44.0 88.0 ?
17764.0 13708.0 20.0 36.0 ,

14064.0 11212.0 452.0 236.0 Let
14608.0 11300.0 284.0 148.0 us

14064.0 11536.0 704.0 244.0 show
14844.0 11624.0 492.0 216.0 you

14072.0 11936.0 1240.0 392.0 CINE-

14064.0 12496.0 1704.0 400.0 KODAK

14072.0 13056.0 1352.0 400.0 EIGHT

14392.0 14224.0 684.0 316.0 SIMPLE,
15132.0 14224.0 776.0 148.0 dependable,
15960.0 14264.0 268.0 116.0 easy
16280.0 14248.0 128.0 100.0 to
16460.0 14264.0 364.0 112.0 carry.
16908.0 14232.0 348.0 120.0 Gives
17308.0 14268.0 228.0 112.0 you
17596.0 14236.0 136.0 120.0 20
17788.0 14248.0 132.0 108.0 to
17960.0 14232.0 136.0 124.0 30

14680.0 14392.0 1072.0 120.0 bliick-and-whilc
15812.0 14404.0 384.0 108.0 movie
16252.0 14432.0 400.0 80.0 scenes
16796.0 14400.0 288.0 112.0 each
17148.0 14432.0 128.0 84.0 as
17328.0 14400.0 276.0 136.0 long
17672.0 14436.0 136.0 84.0 as
17884.0 14404.0 212.0 120.0 tho

14380.0 14572.0 488.0 120.0 overage
14936.0 14560.0 548.0 116.0 newsreel
15548.0 14596.0 340.0 80.0 scene
16032.0 14596.0 156.0 76.0 on
16256.0 14596.0 64.0 80.0 a
16392.0 14564.0 216.0 112.0 roll
16672.0 14556.0 128.0 120.0 of
16864.0 14564.0 256.0 112.0 film
17188.0 14568.0 456.0 132.0 costing
17720.0 14564.0 352.0 128.0 $2.25.

14348.0 14720.0 580.0 140.0 finished,
14984.0 14724.0 356.0 136.0 ready
15388.0 14740.0 128.0 100.0 to
15560.0 14728.0 360.0 112.0 show.
15980.0 14728.0 324.0 132.0 (Also
16356.0 14728.0 404.0 108.0 makes
16812.0 14728.0 448.0 112.0 movies
17308.0 14728.0 116.0 116.0 In
17476.0 14728.0 232.0 116.0 full
17760.0 14728.0 328.0 116.0 color

14376.0 14884.0 288.0 108.0 with
14748.0 14884.0 820.0 116.0 Kodaclirome
15640.0 14892.0 396.0 124.0 Mlm.)
16104.0 14888.0 784.0 112.0 Cine-Kodak
16972.0 14888.0 384.0 132.0 Eight,
17428.0 14888.0 400.0 116.0 Model
17904.0 14892.0 168.0 136.0 20,

14372.0 15044.0 104.0 116.0 Is
14544.0 15048.0 408.0 120.0 J.U.M).
15020.0 15052.0 736.0 112.0 Convenient
15836.0 15076.0 404.0 104.0 terms,
16316.0 15048.0 92.0 116.0 if
16468.0 15048.0 456.0 116.0 desired
17076.0 15052.0 524.0 116.0 trade-in
17660.0 15052.0 344.0 116.0 allow

14368.0 15236.0 300.0 88.0 ance
14720.0 15208.0 508.0 140.0 possible
15276.0 15244.0 156.0 80.0 on
15484.0 15248.0 48.0 104.0 j
15560.0 15248.0 212.0 80.0 our
15828.0 15216.0 192.0 112.0 old
16076.0 15248.0 512.0 84.0 camera.

14056.0 15624.0 1352.0 368.0 EASTMAN
15760.0 15496.0 1024.0 624.0 (oM
16920.0 15624.0 1096.0 384.0 STORES

15208.0 16196.0 156.0 140.0 27
15440.0 16196.0 440.0 136.0 WEST
15960.0 16196.0 664.0 136.0 FOURTH
16712.0 16188.0 612.0 140.0 STREET

15468.0 16396.0 748.0 152.0 Telephone
16292.0 16392.0 388.0 128.0 MAin
16756.0 16392.0 300.0 132.0 2093

18092.0 15828.0 280.0 168.0 INC

11888.0 16720.0 640.0 400.0 W
14096.0 16736.0 128.0 80.0 "
14544.0 16736.0 384.0 256.0 tit
15040.0 16720.0 2288.0 368.0 TTTrrTi-nm

11852.0 19640.0 424.0 260.0 u:
12440.0 19692.0 68.0 44.0 -
13228.0 19700.0 28.0 176.0 :
13388.0 19836.0 28.0 36.0 .
14068.0 19684.0 212.0 220.0 V
14696.0 19596.0 1048.0 340.0 ilwt
16848.0 19664.0 368.0 248.0 -'V
17360.0 19664.0 272.0 248.0 V'

13648.0 23552.0 20.0 56.0 l

11872.0 22904.0 832.0 432.0 0:m

11864.0 23568.0 496.0 120.0 H-.'i
13136.0 23568.0 512.0 120.0 rVA.v

11936.0 23872.0 176.0 88.0 XT
12868.0 23872.0 40.0 88.0 I
12928.0 23880.0 92.0 80.0 LI

12864.0 23960.0 168.0 64.0 Ml

12776.0 24028.0 40.0 24.0 m
12912.0 24024.0 16.0 28.0 l

12128.0 24704.0 44.0 48.0 L
13028.0 24700.0 36.0 52.0 J
13244.0 24712.0 292.0 40.0 --..
13624.0 24684.0 144.0 68.0 .a?

15016.0 23012.0 272.0 188.0 "1)
15320.0 23008.0 316.0 132.0 AIN
15704.0 23044.0 168.0 96.0 or
15944.0 22992.0 408.0 152.0 shine
16428.0 23096.0 36.0 44.0 .
16540.0 23096.0 36.0 44.0 .
16648.0 23092.0 32.0 48.0 .
16768.0 23040.0 292.0 140.0 you
17140.0 22984.0 384.0 156.0 can't
17600.0 22984.0 352.0 152.0 miss
18028.0 22988.0 248.0 152.0 tho

15016.0 23200.0 324.0 168.0 JLV
15464.0 23256.0 580.0 188.0 melody
16136.0 23252.0 136.0 148.0 in
16364.0 23264.0 368.0 132.0 OLD
16808.0 23260.0 900.0 156.0 QUAKER'S
17796.0 23252.0 480.0 152.0 theme

14676.0 23540.0 24.0 12.0 -
14728.0 23524.0 116.0 28.0 r-w-r
14860.0 23524.0 32.0 28.0 w
15396.0 23516.0 212.0 36.0 IT
15988.0 23508.0 32.0 44.0 t
16260.0 23512.0 36.0 40.0 t
16380.0 23508.0 56.0 44.0 S
16704.0 23508.0 76.0 44.0 W,
16812.0 23536.0 28.0 16.0 .
17024.0 23508.0 52.0 44.0 T
17276.0 23508.0 48.0 44.0 T
17844.0 23520.0 12.0 12.0 -
18000.0 23540.0 24.0 12.0 .
18060.0 23544.0 20.0 8.0 .
18116.0 23512.0 28.0 40.0 1

14092.0 23568.0 420.0 140.0 song:
14724.0 23552.0 72.0 120.0 J
14836.0 23552.0 312.0 116.0 here
15204.0 23576.0 64.0 92.0 s
15324.0 23552.0 116.0 116.0 A
15528.0 23552.0 484.0 112.0 Jfarrcl
16100.0 23552.0 188.0 132.0 UJ
16372.0 23552.0 552.0 132.0 quality
16988.0 23552.0 172.0 104.0 in
17244.0 23552.0 436.0 140.0 tvery
17764.0 23552.0 496.0 136.0 liottle,

14088.0 23788.0 284.0 152.0 Hut
14420.0 23784.0 136.0 148.0 It
14608.0 23784.0 440.0 148.0 Doesn
15088.0 23776.0 92.0 152.0 't
15244.0 23776.0 356.0 152.0 Take
15636.0 23772.0 112.0 148.0 A
15824.0 23768.0 492.0 152.0 Barrel
16360.0 23768.0 220.0 172.0 Of
16608.0 23768.0 1060.0 180.0 Dough-Re-Mi
17728.0 23772.0 188.0 148.0 To
17968.0 23772.0 304.0 180.0 Buy

14232.0 24036.0 720.0 160.0 ."That's
15008.0 24040.0 340.0 188.0 why
15404.0 24036.0 376.0 148.0 folks
15836.0 24024.0 1412.0 156.0 have'showered"

14084.0 24304.0 488.0 196.0 praise
14644.0 24356.0 188.0 92.0 on
14916.0 24312.0 372.0 136.0 OLD
15372.0 24308.0 752.0 156.0 QUAKER
16204.0 24288.0 232.0 152.0 for
16508.0 24288.0 176.0 152.0 59
16764.0 24344.0 480.0 140.0 years.

14092.0 24568.0 132.0 152.0 If
14308.0 24564.0 224.0 152.0 it's
14612.0 24580.0 372.0 132.0 OLD
15060.0 24568.0 792.0 160.0 QUAKER,
15924.0 24548.0 236.0 152.0 it's
16256.0 24552.0 536.0 188.0 always
16880.0 24548.0 368.0 152.0 OK!

16436.0 25176.0 244.0 80.0 Mirk
16736.0 25180.0 84.0 76.0 lh
16940.0 25176.0 240.0 76.0 Mrril

16428.0 25308.0 80.0 76.0 ifl
16560.0 25308.0 156.0 80.0 thia
16752.0 25300.0 304.0 84.0 "Mtrk
17092.0 25304.0 88.0 80.0 of

16436.0 25432.0 292.0 84.0 Merit"
16756.0 25432.0 72.0 76.0 Vt
16864.0 25436.0 304.0 88.0 hitkfr.

11856.0 27120.0 768.0 632.0 ml

13704.0 25088.0 52.0 108.0 B

14036.0 25312.0 84.0 208.0 J
14232.0 25304.0 224.0 216.0 l!
14552.0 25304.0 548.0 216.0 llM
15204.0 25364.0 104.0 156.0 r
15428.0 25304.0 420.0 216.0 MJ
15964.0 25316.0 224.0 204.0 11

14240.0 25556.0 212.0 68.0 si
15212.0 25544.0 40.0 80.0 t
15468.0 25556.0 56.0 68.0 I
15556.0 25544.0 132.0 80.0 VI
15796.0 25544.0 420.0 80.0 II)

14060.0 25624.0 556.0 236.0 U2J
14764.0 25624.0 1252.0 232.0 JOUJ-U
16152.0 25624.0 36.0 208.0 I

17384.0 26892.0 856.0 184.0 BRAND

14480.0 27140.0 972.0 132.0 STRAIGHT
15552.0 27136.0 844.0 132.0 WHISKEY

13812.0 27376.0 1028.0 136.0 AVAILABLE
14960.0 27372.0 204.0 124.0 IN
15280.0 27368.0 928.0 128.0 BOURBON
16320.0 27368.0 248.0 124.0 OR
16668.0 27368.0 348.0 124.0 RYE

13652.0 27680.0 632.0 88.0 copykihiit
14424.0 27680.0 104.0 76.0 .;;.
14576.0 27648.0 212.0 100.0 ti)f
14840.0 27668.0 108.0 80.0 oi
14972.0 27664.0 260.0 96.0 nor
15244.0 27668.0 44.0 80.0 4
15312.0 27664.0 192.0 80.0 Kit
15552.0 27660.0 196.0 92.0 co..
15792.0 27648.0 676.0 88.0 inryrrm
16520.0 27660.0 156.0 84.0 nr..
16720.0 27656.0 456.0 80.0 iou4

13140.0 27800.0 220.0 76.0 Tin
13508.0 27800.0 264.0 76.0 rvo
13820.0 27800.0 136.0 76.0 nr
14012.0 27792.0 556.0 80.0 pfiih
14740.0 27784.0 88.0 72.0 ir
14876.0 27780.0 352.0 72.0 mum
15380.0 27776.0 316.0 72.0 wrvtr
15748.0 27768.0 604.0 80.0 p-mnim.
16408.0 27768.0 188.0 76.0 ir
16692.0 27768.0 620.0 76.0 copytit.HT
17356.0 27764.0 448.0 80.0 nrvfw
