19540 29140
7780.0 792.0 472.0 140.0 THE
8504.0 788.0 1476.0 144.0 nxriXXATI
10228.0 792.0 584.0 164.0 FVQ!
10908.0 796.0 592.0 132.0 IHIR

304.0 1232.0 3504.0 592.0 ENOUIRER
4176.0 1248.0 6272.0 560.0 CORRESPONDENTS
10800.0 1232.0 3824.0 560.0 INTERPRET
14928.0 1232.0 1408.0 560.0 THE
16672.0 1200.0 1968.0 576.0 NEWS

13800.0 1880.0 28.0 32.0 -
17444.0 1876.0 16.0 20.0 '

6740.0 2284.0 1004.0 176.0 PRESIDENT
7820.0 2276.0 1016.0 180.0 TRUMAN'S
8928.0 2280.0 924.0 176.0 STERLING
9944.0 2280.0 732.0 172.0 ADVICE
11256.0 2276.0 192.0 228.0 By
11544.0 2272.0 604.0 224.0 Darling

1656.0 2392.0 1608.0 440.0 GLENN
3568.0 2392.0 2792.0 432.0 THOMPSON

2524.0 2996.0 448.0 208.0 The
3124.0 2992.0 1564.0 252.0 Washington
4804.0 2996.0 728.0 204.0 Scene

12752.0 2392.0 1608.0 424.0 JACK
14888.0 2376.0 2200.0 432.0 RAMEY

9600.0 2608.0 280.0 504.0 T

13416.0 2988.0 1204.0 220.0 Comment
14748.0 2988.0 328.0 212.0 On
15224.0 2976.0 452.0 220.0 The
15772.0 2972.0 672.0 216.0 News

560.0 788.0 732.0 168.0 Sunday,
1384.0 788.0 408.0 160.0 .Inly
1892.0 796.0 284.0 136.0 27,
2296.0 796.0 440.0 132.0 11147

308.0 3576.0 796.0 232.0 Congress
1216.0 3580.0 456.0 184.0 Goes
1776.0 3584.0 576.0 204.0 Home,
2460.0 3576.0 1048.0 228.0 Washington
3604.0 3576.0 568.0 196.0 Quiets
4264.0 3580.0 520.0 176.0 Down.

528.0 3888.0 1164.0 128.0 WASHINGTON:
1884.0 3884.0 348.0 148.0 Well,
2340.0 3888.0 608.0 144.0 Congress
3052.0 3876.0 252.0 128.0 will

296.0 4056.0 316.0 132.0 have
668.0 4100.0 316.0 112.0 gone
1044.0 4068.0 356.0 120.0 home
1460.0 4072.0 164.0 144.0 by
1676.0 4068.0 208.0 120.0 the
1944.0 4068.0 292.0 120.0 time
2296.0 4068.0 252.0 112.0 this
2608.0 4068.0 104.0 112.0 is
2768.0 4060.0 536.0 148.0 printed.

292.0 4240.0 124.0 120.0 A
480.0 4240.0 544.0 148.0 footstep
1088.0 4248.0 664.0 116.0 tomorrow
1808.0 4240.0 252.0 124.0 will
2120.0 4240.0 304.0 120.0 echo
2488.0 4240.0 540.0 140.0 through
3088.0 4240.0 216.0 116.0 the

296.0 4416.0 464.0 120.0 marble
816.0 4416.0 624.0 120.0 corridors
1496.0 4420.0 140.0 116.0 of
1688.0 4420.0 208.0 120.0 the
1956.0 4416.0 528.0 144.0 Capitol,
2552.0 4448.0 76.0 84.0 a
2684.0 4412.0 620.0 120.0 lonesome

304.0 4588.0 388.0 148.0 thing,
752.0 4592.0 700.0 144.0 disturbing
1508.0 4600.0 288.0 136.0 only
1848.0 4596.0 204.0 116.0 the
2112.0 4604.0 356.0 104.0 stone
2528.0 4596.0 476.0 108.0 statues
3064.0 4588.0 244.0 116.0 and

296.0 4760.0 196.0 96.0 the
548.0 4788.0 496.0 72.0 summer
1100.0 4764.0 488.0 96.0 visitors.
1708.0 4768.0 232.0 92.0 The
1996.0 4764.0 252.0 96.0 80th
2308.0 4764.0 556.0 116.0 Congress
2924.0 4764.0 120.0 92.0 of
3108.0 4764.0 192.0 92.0 the

300.0 4892.0 404.0 104.0 United
768.0 4904.0 404.0 104.0 States,
1240.0 4900.0 256.0 100.0 first
1556.0 4896.0 452.0 120.0 session,
2072.0 4900.0 220.0 92.0 will
2356.0 4904.0 280.0 92.0 have
2692.0 4896.0 436.0 124.0 ground
3188.0 4904.0 120.0 88.0 to

292.0 5056.0 156.0 80.0 an
516.0 5036.0 236.0 100.0 end.

484.0 5172.0 228.0 96.0 The
780.0 5172.0 596.0 96.0 chambers
1448.0 5176.0 216.0 92.0 will
1736.0 5176.0 284.0 92.0 have
2088.0 5196.0 64.0 72.0 a
2228.0 5172.0 556.0 116.0 ghostlike
2856.0 5172.0 416.0 96.0 silence

296.0 5304.0 308.0 104.0 Gone
684.0 5312.0 216.0 96.0 will
988.0 5316.0 136.0 92.0 be
1204.0 5316.0 188.0 92.0 the
1476.0 5316.0 188.0 92.0 hot
1744.0 5312.0 424.0 104.0 debate,
2256.0 5312.0 188.0 92.0 the
2524.0 5312.0 416.0 112.0 flaring
3028.0 5320.0 228.0 84.0 tem-

300.0 5464.0 284.0 96.0 pers,
656.0 5452.0 184.0 92.0 the
920.0 5448.0 580.0 108.0 scramble,
1572.0 5448.0 220.0 92.0 and
1868.0 5448.0 192.0 92.0 the
2132.0 5448.0 424.0 92.0 chance
2636.0 5468.0 472.0 92.0 passage
3184.0 5444.0 116.0 92.0 of

304.0 5604.0 300.0 72.0 some
684.0 5584.0 220.0 96.0 and
988.0 5584.0 196.0 96.0 the
1268.0 5588.0 416.0 88.0 chance
1772.0 5584.0 220.0 92.0 loss
2080.0 5584.0 116.0 92.0 of
2280.0 5584.0 320.0 92.0 other
2684.0 5584.0 620.0 108.0 important

296.0 5716.0 664.0 120.0 legislation.
1088.0 5724.0 180.0 96.0 All
1336.0 5724.0 380.0 112.0 things
1784.0 5720.0 360.0 92.0 which
2220.0 5716.0 324.0 100.0 mark
2616.0 5716.0 184.0 96.0 the
2876.0 5716.0 424.0 112.0 closing

304.0 5860.0 272.0 112.0 days
640.0 5856.0 116.0 96.0 of
816.0 5876.0 228.0 96.0 any
1108.0 5856.0 464.0 96.0 session.

484.0 5992.0 820.0 120.0 Congressmen
1448.0 5996.0 224.0 92.0 this
1816.0 5996.0 308.0 96.0 week
2276.0 6012.0 284.0 72.0 were
2708.0 5992.0 592.0 112.0 thumbing

300.0 6128.0 480.0 120.0 through
836.0 6128.0 288.0 120.0 piles
1180.0 6128.0 120.0 100.0 of
1356.0 6128.0 952.0 120.0 correspondence
2360.0 6128.0 224.0 96.0 and
2648.0 6124.0 660.0 96.0 documenU

300.0 6268.0 780.0 96.0 accumulated
1144.0 6292.0 144.0 76.0 on
1356.0 6268.0 220.0 92.0 and
1640.0 6268.0 112.0 96.0 In
1820.0 6268.0 288.0 92.0 their
2172.0 6264.0 372.0 96.0 desks.
2676.0 6264.0 292.0 96.0 Most
3032.0 6264.0 120.0 96.0 of
3224.0 6264.0 88.0 92.0 It

312.0 6408.0 296.0 92.0 went
692.0 6404.0 232.0 96.0 into
1004.0 6404.0 200.0 96.0 the
1284.0 6396.0 784.0 100.0 waatebasket
2216.0 6396.0 320.0 112.0 That,
2620.0 6396.0 212.0 108.0 too,
2916.0 6420.0 240.0 72.0 was
3244.0 6420.0 68.0 68.0 a

296.0 6548.0 264.0 116.0 part
620.0 6548.0 112.0 92.0 of
796.0 6544.0 532.0 100.0 session'i
1388.0 6544.0 244.0 100.0 end.
1764.0 6540.0 680.0 100.0 Secretaries
2516.0 6540.0 316.0 104.0 stood
2900.0 6548.0 112.0 96.0 in
3084.0 6540.0 224.0 96.0 line

312.0 6684.0 120.0 96.0 in
532.0 6680.0 188.0 96.0 the
824.0 6680.0 536.0 116.0 Capitol's
1464.0 6676.0 352.0 100.0 ticket
1948.0 6676.0 344.0 96.0 office
2432.0 6680.0 116.0 92.0 to
2684.0 6676.0 216.0 112.0 buy
3012.0 6680.0 300.0 92.0 their

300.0 6820.0 408.0 100.0 bosses'
776.0 6824.0 412.0 100.0 tickets
1248.0 6824.0 356.0 92.0 home.
1724.0 6824.0 104.0 92.0 It
1888.0 6844.0 228.0 72.0 was
2176.0 6820.0 148.0 96.0 all
2388.0 6820.0 636.0 116.0 something
3080.0 6820.0 228.0 96.0 li'-e

296.0 6956.0 196.0 104.0 the
552.0 6960.0 216.0 96.0 last
824.0 6960.0 280.0 116.0 days
1164.0 6968.0 120.0 92.0 of
1344.0 6960.0 440.0 116.0 college.

480.0 7100.0 732.0 96.0 Cincinnati's
1288.0 7096.0 808.0 120.0 Congressmen
2172.0 7096.0 224.0 96.0 and
2472.0 7092.0 532.0 96.0 Senators
3080.0 7092.0 220.0 96.0 will

292.0 7232.0 140.0 104.0 be
492.0 7260.0 140.0 68.0 on
704.0 7236.0 292.0 96.0 their
1064.0 7256.0 252.0 92.0 way
1376.0 7236.0 324.0 96.0 home
1768.0 7236.0 140.0 116.0 by
1976.0 7236.0 520.0 112.0 Monday.
2620.0 7232.0 176.0 96.0 All
2868.0 7228.0 224.0 100.0 will
3164.0 7252.0 140.0 96.0 go

292.0 7372.0 128.0 96.0 to
476.0 7372.0 600.0 100.0 Columbus
1144.0 7400.0 140.0 68.0 on
1348.0 7372.0 584.0 112.0 Thursday
1996.0 7372.0 176.0 92.0 for
2236.0 7372.0 192.0 92.0 the
2496.0 7364.0 188.0 120.0 big
2744.0 7368.0 284.0 100.0 Ohio
3096.0 7364.0 168.0 100.0 Re-

296.0 7512.0 516.0 116.0 publican
876.0 7508.0 560.0 100.0 conclave.
1560.0 7512.0 272.0 112.0 Rep.
1892.0 7504.0 468.0 100.0 Charles
2420.0 7508.0 136.0 92.0 H.
2616.0 7508.0 396.0 92.0 Elston
3080.0 7504.0 220.0 96.0 and

296.0 7652.0 272.0 116.0 Rep.
672.0 7652.0 488.0 92.0 William
1256.0 7648.0 128.0 96.0 E.
1480.0 7652.0 292.0 92.0 Hess
1872.0 7648.0 284.0 92.0 later
2256.0 7644.0 220.0 92.0 will
2580.0 7644.0 324.0 96.0 make
3012.0 7644.0 296.0 92.0 their

300.0 7788.0 412.0 96.0 annual
776.0 7788.0 272.0 92.0 visit
1116.0 7792.0 112.0 92.0 to
1292.0 7788.0 232.0 92.0 The
1652.0 7784.0 380.0 92.0 Snows
2104.0 7808.0 124.0 72.0 as
2296.0 7788.0 384.0 104.0 guests
2744.0 7780.0 116.0 92.0 of
2928.0 7780.0 172.0 96.0 Ed
3176.0 7780.0 128.0 88.0 D.

324.0 7924.0 432.0 96.0 Schorr.
892.0 7928.0 220.0 88.0 Sen
1188.0 7920.0 420.0 96.0 Robert
1676.0 7924.0 124.0 92.0 A.
1876.0 7916.0 260.0 96.0 Xaft
2212.0 7916.0 216.0 92.0 will
2504.0 7936.0 136.0 92.0 go
2712.0 7936.0 136.0 68.0 on
2928.0 7924.0 116.0 84.0 to
3116.0 7912.0 192.0 92.0 the

296.0 8064.0 484.0 116.0 family's
856.0 8088.0 496.0 72.0 summer
1432.0 8068.0 320.0 92.0 home
1828.0 8068.0 120.0 92.0 at
2028.0 8068.0 456.0 112.0 Murray
2564.0 8068.0 236.0 112.0 Bay
2872.0 8068.0 120.0 88.0 to
3080.0 8068.0 228.0 92.0 rest

300.0 8200.0 292.0 96.0 from
668.0 8204.0 184.0 96.0 the
928.0 8204.0 432.0 92.0 session
1436.0 8200.0 212.0 100.0 and
1732.0 8200.0 172.0 92.0 for
1984.0 8200.0 168.0 92.0 his
2232.0 8200.0 504.0 96.0 six-state
2816.0 8204.0 484.0 88.0 western

368.0 8340.0 848.0 116.0 peech-making
1300.0 8340.0 280.0 112.0 tour,
1668.0 8340.0 660.0 96.0 announced
2416.0 8336.0 224.0 96.0 this
2724.0 8332.0 308.0 100.0 week
3128.0 8336.0 176.0 96.0 for

300.0 8476.0 680.0 124.0 September.

488.0 8780.0 336.0 108.0 JUST
892.0 8784.0 96.0 100.0 A
1052.0 8776.0 520.0 108.0 HUNCH
1640.0 8804.0 124.0 76.0 as
1832.0 8780.0 108.0 100.0 to
2008.0 8780.0 308.0 100.0 what
2384.0 8776.0 216.0 104.0 will
2672.0 8776.0 440.0 124.0 happen
3188.0 8776.0 120.0 100.0 at

300.0 8920.0 644.0 108.0 Columbus:

504.0 9064.0 152.0 100.0 (1)
788.0 9064.0 260.0 96.0 Sen.
1148.0 9060.0 300.0 104.0 John
1544.0 9060.0 164.0 96.0 W.
1804.0 9056.0 472.0 100.0 Bricker
2376.0 9056.0 220.0 100.0 will
2696.0 9052.0 332.0 104.0 make
3132.0 9052.0 180.0 96.0 hia

300.0 9192.0 804.0 124.0 long-forecast
1204.0 9196.0 760.0 104.0 Indorsement
2068.0 9196.0 116.0 96.0 of
2288.0 9192.0 268.0 104.0 Taft
2664.0 9196.0 176.0 96.0 for
2944.0 9192.0 320.0 96.0 Presi-

308.0 9340.0 264.0 100.0 dent
632.0 9336.0 112.0 100.0 In
808.0 9336.0 280.0 100.0 1948.
1184.0 9320.0 12.0 108.0 i
1328.0 9416.0 20.0 24.0 ,

500.0 9480.0 156.0 100.0 (2)
796.0 9480.0 288.0 96.0 Ohio
1152.0 9472.0 752.0 120.0 Republicans
1968.0 9468.0 220.0 100.0 will
2256.0 9468.0 440.0 100.0 declare
2756.0 9468.0 276.0 96.0 with
3096.0 9484.0 216.0 76.0 one

304.0 9616.0 308.0 100.0 voice
684.0 9616.0 248.0 96.0 that
1000.0 9616.0 276.0 96.0 Taft
1340.0 9616.0 92.0 92.0 is
1500.0 9612.0 292.0 100.0 their
1856.0 9632.0 268.0 76.0 man
2192.0 9608.0 180.0 96.0 for
2440.0 9608.0 180.0 92.0 '48.

508.0 9752.0 148.0 104.0 (S)
796.0 9748.0 276.0 104.0 Taft
1132.0 9748.0 232.0 100.0 will
1424.0 9748.0 340.0 120.0 reply,
1832.0 9748.0 116.0 96.0 In
2012.0 9744.0 404.0 100.0 effect:
2552.0 9740.0 468.0 100.0 "Thank
3092.0 9764.0 216.0 96.0 you

304.0 9912.0 268.0 96.0 very
628.0 9888.0 368.0 112.0 much,
1064.0 9888.0 460.0 100.0 fellows.
1652.0 9884.0 268.0 100.0 This
1984.0 9884.0 96.0 96.0 Is
2140.0 9908.0 72.0 72.0 a
2276.0 9880.0 320.0 120.0 great
2656.0 9884.0 360.0 96.0 honor
3080.0 9872.0 228.0 100.0 and

308.0 10028.0 64.0 104.0 I
444.0 10028.0 640.0 116.0 appreciate
1164.0 10032.0 96.0 96.0 it
1332.0 10052.0 268.0 92.0 very
1676.0 10020.0 368.0 100.0 much.
2192.0 10024.0 168.0 96.0 I'U
2440.0 10020.0 156.0 96.0 let
2676.0 10044.0 216.0 92.0 you
2976.0 10016.0 336.0 96.0 know

308.0 10168.0 632.0 116.0 something
1004.0 10168.0 128.0 96.0 in
1196.0 10164.0 196.0 100.0 the
1448.0 10160.0 264.0 104.0 fall.'

496.0 10500.0 1344.0 108.0 REPRESENTATIVE
2004.0 10496.0 572.0 100.0 ELSTON
2752.0 10500.0 324.0 96.0 made
3248.0 10520.0 72.0 72.0 a

308.0 10648.0 608.0 104.0 statement
1020.0 10652.0 232.0 92.0 this
1360.0 10640.0 304.0 100.0 week
1772.0 10640.0 360.0 96.0 which
2248.0 10664.0 260.0 80.0 was,
2620.0 10640.0 112.0 96.0 to
2844.0 10664.0 204.0 80.0 me,
3168.0 10660.0 144.0 68.0 an

308.0 10792.0 512.0 112.0 amazing
912.0 10784.0 644.0 108.0 disclosure,
1648.0 10776.0 216.0 100.0 and
1956.0 10804.0 204.0 76.0 one
2252.0 10780.0 256.0 92.0 that
2596.0 10776.0 52.0 96.0 I
2740.0 10776.0 284.0 92.0 have
3120.0 10780.0 192.0 88.0 not

308.0 10948.0 264.0 76.0 Been
640.0 10924.0 444.0 116.0 printed
1156.0 10920.0 624.0 100.0 elsewhere.
1908.0 10916.0 104.0 100.0 It
2080.0 10936.0 284.0 80.0 was:
2504.0 10916.0 292.0 92.0 That
2868.0 10912.0 188.0 96.0 the
3132.0 10928.0 136.0 76.0 en-

324.0 11060.0 216.0 96.0 tire
624.0 11064.0 240.0 92.0 cost
952.0 11064.0 120.0 92.0 to
1164.0 11056.0 188.0 104.0 the
1444.0 11056.0 760.0 112.0 taxpayer
2292.0 11048.0 116.0 96.0 of
2504.0 11044.0 488.0 100.0 officers'
3088.0 11040.0 224.0 100.0 and

308.0 11200.0 472.0 100.0 enlisted
860.0 11200.0 352.0 96.0 men's
1292.0 11196.0 516.0 100.0 terminal
1888.0 11196.0 312.0 96.0 leave
2284.0 11220.0 320.0 72.0 arose
2688.0 11196.0 188.0 96.0 out
2964.0 11192.0 120.0 96.0 of
3164.0 11216.0 152.0 68.0 an

312.0 11336.0 248.0 100.0 "act
620.0 11340.0 116.0 96.0 of
788.0 11336.0 676.0 100.0 discretion"
1524.0 11360.0 140.0 72.0 on
1724.0 11336.0 188.0 96.0 the
1976.0 11336.0 256.0 120.0 part
2296.0 11332.0 116.0 100.0 of
2472.0 11336.0 188.0 96.0 the
2724.0 11332.0 592.0 108.0 Secretary

384.0 11480.0 52.0 100.0 f
492.0 11476.0 296.0 100.0 War.

500.0 11612.0 500.0 124.0 Perhaps
1072.0 11612.0 88.0 100.0 it
1220.0 11608.0 364.0 108.0 would
1652.0 11604.0 128.0 104.0 be
1852.0 11608.0 364.0 100.0 better
2284.0 11608.0 112.0 96.0 to
2468.0 11608.0 208.0 96.0 call
2752.0 11608.0 84.0 96.0 it
2908.0 11632.0 144.0 72.0 an
3132.0 11604.0 184.0 100.0 act

392.0 11752.0 48.0 100.0 f
500.0 11752.0 756.0 100.0 indiscretion.

500.0 11892.0 228.0 96.0 The
800.0 11892.0 248.0 96.0 cost
1124.0 11888.0 120.0 96.0 of
1316.0 11884.0 516.0 100.0 terminal
1908.0 11884.0 312.0 100.0 leave
2296.0 11880.0 220.0 100.0 will
2596.0 11884.0 128.0 100.0 be
2804.0 11880.0 468.0 124.0 approxi-

312.0 12032.0 420.0 116.0 mately
784.0 12028.0 808.0 116.0 $2,500,000,000.

500.0 12196.0 292.0 100.0 "The
860.0 12200.0 280.0 104.0 War
1208.0 12192.0 744.0 120.0 Department
2020.0 12216.0 236.0 72.0 was
2336.0 12192.0 196.0 96.0 not
2608.0 12188.0 512.0 120.0 required
3204.0 12184.0 116.0 96.0 to

312.0 12364.0 220.0 100.0 pay
620.0 12340.0 408.0 96.0 officer
1184.0 12336.0 184.0 96.0 for
1460.0 12332.0 476.0 100.0 accrued
2028.0 12328.0 412.0 112.0 leave,"
2536.0 12328.0 396.0 96.0 Elston
3040.0 12320.0 280.0 100.0 said.

312.0 12480.0 300.0 96.0 "The
664.0 12476.0 500.0 100.0 decision
1216.0 12476.0 120.0 96.0 to
1392.0 12496.0 212.0 96.0 pay
1656.0 12468.0 92.0 100.0 it
1796.0 12496.0 236.0 72.0 was
2088.0 12492.0 148.0 76.0 an
2292.0 12468.0 188.0 96.0 act
2536.0 12468.0 120.0 96.0 of
2708.0 12464.0 612.0 96.0 discretion

336.0 12640.0 144.0 72.0 en
548.0 12612.0 188.0 104.0 the
804.0 12616.0 264.0 112.0 part
1132.0 12612.0 124.0 96.0 of
1320.0 12608.0 196.0 100.0 the
1584.0 12608.0 584.0 112.0 Secretary
2236.0 12604.0 124.0 96.0 of
2424.0 12600.0 296.0 100.0 War.
2852.0 12604.0 312.0 92.0 Once
3236.0 12596.0 92.0 96.0 it

312.0 12780.0 236.0 76.0 was
612.0 12756.0 260.0 120.0 paid
936.0 12752.0 124.0 100.0 to
1128.0 12752.0 496.0 112.0 officers,
1688.0 12752.0 548.0 112.0 however,
2304.0 12752.0 96.0 96.0 it
2460.0 12776.0 236.0 72.0 was
2764.0 12748.0 256.0 120.0 only
3096.0 12748.0 228.0 100.0 fair

316.0 12896.0 256.0 100.0 that
624.0 12896.0 84.0 96.0 it
760.0 12892.0 404.0 100.0 should
1220.0 12892.0 132.0 100.0 be
1408.0 12892.0 256.0 124.0 paid
1720.0 12896.0 116.0 92.0 to
1892.0 12888.0 476.0 104.0 enlisted
2428.0 12916.0 288.0 76.0 men.

504.0 13052.0 248.0 124.0 But,
828.0 13056.0 104.0 100.0 if
1012.0 13056.0 96.0 100.0 It
1180.0 13056.0 236.0 104.0 had
1488.0 13080.0 344.0 76.0 never
1912.0 13052.0 276.0 100.0 been
2276.0 13056.0 264.0 120.0 paid
2620.0 13056.0 116.0 100.0 to
2820.0 13056.0 504.0 104.0 officers,

316.0 13220.0 148.0 76.0 no
524.0 13224.0 204.0 72.0 one
788.0 13192.0 376.0 104.0 would
1220.0 13220.0 264.0 76.0 ever
1544.0 13196.0 288.0 100.0 have
1896.0 13196.0 488.0 116.0 thought
2448.0 13196.0 120.0 96.0 of
2632.0 13196.0 536.0 116.0 claiming
3236.0 13192.0 92.0 96.0 it

316.0 13340.0 184.0 96.0 for
588.0 13336.0 480.0 104.0 enlisted
1160.0 13360.0 260.0 76.0 men
1516.0 13332.0 224.0 100.0 and
1836.0 13332.0 192.0 100.0 the
2124.0 13336.0 732.0 116.0 government
2956.0 13328.0 368.0 100.0 would

320.0 13476.0 284.0 100.0 have
660.0 13480.0 276.0 96.0 been
992.0 13472.0 344.0 100.0 saved
1392.0 13476.0 320.0 96.0 these
1768.0 13472.0 448.0 100.0 billions
2272.0 13472.0 124.0 100.0 of
2448.0 13468.0 512.0 104.0 dollars."

508.0 13644.0 388.0 100.0 Elston
1008.0 13640.0 300.0 104.0 cited
1416.0 13644.0 604.0 116.0 testimony
2124.0 13640.0 120.0 100.0 of
2344.0 13640.0 300.0 124.0 Brig.
2752.0 13640.0 276.0 100.0 Gen.
3140.0 13640.0 188.0 96.0 Ira

324.0 13780.0 344.0 120.0 Swift,
756.0 13780.0 484.0 104.0 General
1332.0 13780.0 304.0 100.0 Staff
1716.0 13780.0 380.0 120.0 Corps,
2188.0 13780.0 384.0 96.0 before
2660.0 13784.0 192.0 96.0 the
2940.0 13784.0 388.0 92.0 House

320.0 13924.0 492.0 120.0 Military
892.0 13920.0 444.0 108.0 Affairs
1420.0 13920.0 664.0 100.0 Committee
2168.0 13916.0 616.0 104.0 December
2872.0 13920.0 88.0 112.0 3,
3048.0 13916.0 280.0 100.0 1915.

512.0 14064.0 412.0 96.0 "There
1016.0 14060.0 96.0 100.0 is
1200.0 14080.0 148.0 76.0 an
1440.0 14056.0 172.0 100.0 old
1704.0 14056.0 212.0 96.0 law
2000.0 14056.0 372.0 96.0 which
2464.0 14080.0 260.0 92.0 goes
2820.0 14056.0 292.0 96.0 back
3212.0 14060.0 116.0 88.0 to

316.0 14200.0 336.0 108.0 1884,"
708.0 14196.0 484.0 100.0 General
1252.0 14196.0 328.0 96.0 Swift
1632.0 14192.0 528.0 112.0 testified,
2200.0 14192.0 428.0 100.0 "which
2688.0 14196.0 640.0 96.0 authorizes

320.0 14364.0 152.0 68.0 an
544.0 14336.0 400.0 92.0 officer
1020.0 14332.0 120.0 92.0 In
1208.0 14328.0 196.0 92.0 the
1476.0 14332.0 348.0 108.0 Army
1896.0 14356.0 72.0 68.0 a
2036.0 14324.0 316.0 96.0 leave
2432.0 14328.0 116.0 92.0 of
2624.0 14332.0 476.0 88.0 absence
3184.0 14352.0 144.0 64.0 on

320.0 14472.0 196.0 88.0 the
576.0 14464.0 300.0 92.0 basis
944.0 14460.0 124.0 92.0 of
1128.0 14460.0 124.0 92.0 30
1316.0 14456.0 272.0 112.0 days
1652.0 14480.0 196.0 84.0 per
1908.0 14476.0 300.0 92.0 year,
2276.0 14456.0 116.0 92.0 in
2464.0 14456.0 188.0 88.0 the
2720.0 14456.0 612.0 92.0 discretion

324.0 14592.0 128.0 92.0 of
516.0 14596.0 184.0 88.0 the
776.0 14592.0 596.0 108.0 Secretary
1444.0 14588.0 120.0 100.0 of
1628.0 14588.0 300.0 92.0 War.
2060.0 14584.0 112.0 96.0 If
2244.0 14584.0 140.0 96.0 he
2460.0 14588.0 244.0 108.0 gets
2776.0 14588.0 344.0 104.0 leave,
3196.0 14580.0 144.0 92.0 ho

324.0 14728.0 252.0 116.0 gets
644.0 14724.0 252.0 116.0 paid
968.0 14720.0 328.0 100.0 while
1368.0 14724.0 136.0 96.0 he
1576.0 14720.0 88.0 96.0 Is
1736.0 14744.0 136.0 76.0 on
1940.0 14716.0 344.0 104.0 leave.
2416.0 14724.0 108.0 92.0 If
2596.0 14724.0 136.0 92.0 he
2800.0 14720.0 268.0 100.0 does
3140.0 14724.0 196.0 92.0 not

328.0 14868.0 188.0 116.0 get
596.0 14864.0 112.0 116.0 it,
792.0 14860.0 92.0 100.0 it
964.0 14880.0 220.0 76.0 can
1264.0 14876.0 400.0 80.0 accrue
1752.0 14856.0 172.0 100.0 for
2008.0 14884.0 72.0 72.0 a
2168.0 14860.0 612.0 96.0 maximum
2868.0 14860.0 120.0 92.0 of
3076.0 14856.0 260.0 96.0 four

324.0 15024.0 356.0 100.0 years.

516.0 15136.0 420.0 96.0 "Leave
1020.0 15132.0 124.0 96.0 of
1220.0 15132.0 456.0 100.0 officers
1756.0 15128.0 204.0 104.0 has
2044.0 15152.0 344.0 80.0 never
2468.0 15128.0 272.0 104.0 been
2832.0 15160.0 64.0 68.0 a
2984.0 15136.0 304.0 92.0 statu-

328.0 15272.0 252.0 120.0 tory
644.0 15276.0 300.0 112.0 right
1008.0 15272.0 184.0 96.0 for
1260.0 15268.0 508.0 116.0 anybody
1832.0 15272.0 112.0 92.0 in
2008.0 15268.0 192.0 96.0 the
2264.0 15272.0 380.0 112.0 Army.
2764.0 15272.0 92.0 96.0 A
2924.0 15272.0 412.0 92.0 soldier

332.0 15440.0 128.0 72.0 er
556.0 15412.0 400.0 96.0 officer
1052.0 15408.0 252.0 116.0 gets
1408.0 15404.0 308.0 104.0 leave
1816.0 15400.0 92.0 100.0 if
2008.0 15404.0 172.0 100.0 his
2292.0 15412.0 480.0 92.0 services
2876.0 15432.0 212.0 72.0 can
3204.0 15404.0 132.0 96.0 be

400.0 15548.0 356.0 120.0 pared,
820.0 15544.0 200.0 100.0 not
1080.0 15544.0 616.0 96.0 otherwise.
1784.0 15540.0 236.0 100.0 The
2072.0 15544.0 796.0 116.0 commanding
2924.0 15544.0 412.0 96.0 officer

332.0 15708.0 264.0 76.0 over
688.0 15684.0 252.0 100.0 that
1040.0 15704.0 264.0 80.0 man
1400.0 15704.0 232.0 76.0 was
1736.0 15680.0 412.0 116.0 always
2252.0 15680.0 192.0 100.0 the
2536.0 15680.0 340.0 120.0 judge
2980.0 15704.0 128.0 76.0 as
3224.0 15680.0 112.0 92.0 to

3512.0 3892.0 508.0 96.0 whether
4084.0 3892.0 268.0 112.0 they
4412.0 3888.0 316.0 100.0 could
4792.0 3884.0 132.0 100.0 be
4992.0 3892.0 432.0 112.0 spared.
5548.0 3888.0 148.0 100.0 Of
5756.0 3916.0 408.0 80.0 course,
6224.0 3888.0 272.0 120.0 they

3512.0 4024.0 324.0 100.0 could
3908.0 4028.0 200.0 92.0 not
4176.0 4024.0 136.0 96.0 be
4384.0 4024.0 396.0 116.0 spared
4852.0 4032.0 412.0 112.0 during
5340.0 4032.0 188.0 92.0 the
5596.0 4052.0 276.0 88.0 war;
5956.0 4028.0 536.0 108.0 however,

3516.0 4164.0 192.0 96.0 the
3760.0 4184.0 240.0 72.0 war
4056.0 4164.0 92.0 92.0 is
4200.0 4184.0 268.0 72.0 over
4512.0 4164.0 224.0 96.0 and
4784.0 4164.0 300.0 96.0 their
5136.0 4168.0 480.0 96.0 services
5668.0 4184.0 204.0 76.0 can
5924.0 4160.0 132.0 96.0 be
6096.0 4160.0 400.0 116.0 spared

3512.0 4324.0 276.0 88.0 now,
3864.0 4304.0 220.0 92.0 and
4156.0 4300.0 316.0 96.0 there
4544.0 4300.0 92.0 96.0 Is
4704.0 4320.0 144.0 72.0 no
4920.0 4300.0 284.0 116.0 good
5280.0 4324.0 392.0 72.0 reason
5744.0 4304.0 116.0 92.0 in
5928.0 4320.0 184.0 96.0 my
6184.0 4296.0 308.0 96.0 mind

3512.0 4436.0 256.0 116.0 why
3836.0 4440.0 268.0 108.0 they
4176.0 4432.0 392.0 108.0 should
4640.0 4440.0 192.0 92.0 not
4908.0 4436.0 136.0 100.0 be
5112.0 4440.0 328.0 112.0 given
5516.0 4436.0 304.0 96.0 leave
5892.0 4460.0 124.0 72.0 or
6088.0 4452.0 216.0 104.0 pay
6376.0 4432.0 116.0 96.0 in

3512.0 4572.0 220.0 96.0 lieu
3796.0 4568.0 536.0 100.0 thereof."

3696.0 4712.0 264.0 96.0 Just
4012.0 4732.0 152.0 72.0 an
4228.0 4704.0 764.0 120.0 $8,500,000,000
5052.0 4740.0 428.0 72.0 reason.

3696.0 5020.0 92.0 96.0 A
3876.0 5012.0 408.0 100.0 GOOD
4368.0 5012.0 564.0 104.0 FRIEND
5020.0 5016.0 120.0 96.0 of
5232.0 5016.0 468.0 96.0 Senator
5784.0 5012.0 348.0 104.0 Taft's
6220.0 5040.0 276.0 72.0 once

3512.0 5156.0 288.0 100.0 said:
3936.0 5152.0 236.0 96.0 "He
4236.0 5148.0 384.0 100.0 thinks
4680.0 5156.0 228.0 92.0 he's
4972.0 5180.0 68.0 68.0 a
5100.0 5156.0 568.0 112.0 politician
5732.0 5156.0 212.0 92.0 and
6012.0 5160.0 128.0 88.0 he
6204.0 5156.0 292.0 96.0 isn't.

3508.0 5296.0 172.0 92.0 He
3744.0 5292.0 428.0 96.0 doesn't
4232.0 5292.0 328.0 92.0 know
4624.0 5296.0 108.0 100.0 it.
4804.0 5292.0 196.0 96.0 but
5064.0 5296.0 228.0 92.0 he's
5356.0 5324.0 64.0 64.0 a
5484.0 5292.0 696.0 92.0 statesman."

3700.0 5436.0 232.0 92.0 The
4008.0 5432.0 472.0 92.0 Senator
4560.0 5432.0 176.0 92.0 did
4816.0 5460.0 68.0 68.0 a
4960.0 5432.0 388.0 112.0 couple
5428.0 5432.0 116.0 96.0 of
5620.0 5432.0 368.0 108.0 things
6068.0 5428.0 428.0 96.0 toward

3512.0 5572.0 604.0 116.0 justifying
4196.0 5572.0 188.0 92.0 the
4464.0 5572.0 600.0 88.0 statement
5152.0 5572.0 228.0 88.0 this
5460.0 5568.0 332.0 92.0 week.
5936.0 5564.0 220.0 96.0 The
6244.0 5568.0 256.0 96.0 fiist

3512.0 5732.0 316.0 68.0 came
3888.0 5732.0 144.0 68.0 on
4088.0 5704.0 540.0 116.0 Tuesday,
4692.0 5708.0 320.0 92.0 when
5076.0 5708.0 136.0 92.0 he
5276.0 5708.0 168.0 96.0 led
5508.0 5704.0 184.0 96.0 the
5752.0 5708.0 288.0 112.0 fight
6104.0 5728.0 132.0 68.0 on
6304.0 5708.0 192.0 88.0 the

3516.0 5844.0 700.0 116.0 Republican
4272.0 5844.0 236.0 96.0 side
4564.0 5844.0 116.0 96.0 of
4736.0 5848.0 184.0 92.0 the
4980.0 5844.0 276.0 100.0 aisle
5316.0 5844.0 172.0 96.0 for
5548.0 5840.0 524.0 120.0 approval
6132.0 5840.0 116.0 96.0 of
6308.0 5844.0 192.0 92.0 the

3512.0 5980.0 684.0 100.0 President's
4308.0 5980.0 892.0 116.0 reorganization
5312.0 5984.0 256.0 116.0 plan
5668.0 5980.0 204.0 100.0 No.
5972.0 5980.0 88.0 96.0 3.
6228.0 5980.0 276.0 96.0 This

3512.0 6120.0 216.0 96.0 will
3808.0 6120.0 408.0 120.0 permit
4284.0 6120.0 664.0 96.0 unification
5024.0 6120.0 120.0 96.0 of
5224.0 6120.0 188.0 100.0 the
5484.0 6112.0 416.0 104.0 several
5980.0 6116.0 516.0 116.0 agencies

3512.0 6260.0 448.0 112.0 dealing
4032.0 6256.0 272.0 96.0 with
4388.0 6260.0 472.0 112.0 housing
4936.0 6256.0 220.0 96.0 and
5232.0 6260.0 324.0 96.0 home
5628.0 6260.0 440.0 92.0 finance
6144.0 6256.0 356.0 92.0 under

3512.0 6424.0 68.0 68.0 a
3640.0 6396.0 356.0 116.0 single
4060.0 6388.0 316.0 100.0 head.
4500.0 6392.0 412.0 96.0 Eleven
4980.0 6396.0 748.0 116.0 Republicans
5788.0 6396.0 368.0 116.0 joined
6220.0 6396.0 280.0 96.0 with

3512.0 6536.0 124.0 92.0 36
3724.0 6532.0 668.0 96.0 Democrats
4484.0 6532.0 116.0 96.0 to
4696.0 6536.0 404.0 112.0 permit
5196.0 6536.0 188.0 96.0 the
5480.0 6536.0 256.0 116.0 plan
5828.0 6540.0 112.0 88.0 to
6032.0 6560.0 136.0 96.0 go
6264.0 6532.0 236.0 96.0 into

3512.0 6672.0 384.0 92.0 effect.

3696.0 6812.0 308.0 108.0 Now,
4072.0 6808.0 88.0 100.0 it
4224.0 6808.0 296.0 96.0 must
4576.0 6808.0 280.0 96.0 have
4916.0 6812.0 280.0 92.0 been
5256.0 6840.0 72.0 68.0 a
5384.0 6808.0 656.0 112.0 temptation
6104.0 6812.0 112.0 92.0 to
6280.0 6832.0 224.0 88.0 any

3516.0 6948.0 700.0 112.0 Republican
4280.0 6952.0 112.0 88.0 to
4452.0 6956.0 248.0 84.0 vote
4760.0 6952.0 452.0 112.0 against
5268.0 6952.0 188.0 92.0 the
5520.0 6948.0 284.0 112.0 plan.
5924.0 6944.0 108.0 92.0 It
6088.0 6948.0 92.0 92.0 is
6240.0 6948.0 268.0 108.0 only

3512.0 7084.0 436.0 96.0 normal
4016.0 7092.0 120.0 84.0 in
4200.0 7080.0 436.0 116.0 politics
4700.0 7088.0 108.0 88.0 to
4880.0 7108.0 444.0 84.0 reason;
5460.0 7084.0 108.0 96.0 If
5632.0 7084.0 180.0 96.0 the
5884.0 7080.0 312.0 96.0 other
6264.0 7084.0 236.0 92.0 side

3516.0 7232.0 364.0 84.0 wants
3944.0 7220.0 664.0 112.0 something,
4672.0 7220.0 300.0 96.0 don't
5040.0 7228.0 248.0 108.0 give
5360.0 7224.0 108.0 92.0 it.

3696.0 7364.0 224.0 88.0 But
3992.0 7356.0 196.0 96.0 the
4260.0 7356.0 468.0 96.0 Senator
4804.0 7360.0 496.0 92.0 believed
5372.0 7360.0 248.0 92.0 that
5688.0 7356.0 224.0 96.0 this
5984.0 7352.0 512.0 120.0 proposal

3512.0 7500.0 364.0 92.0 would
3940.0 7496.0 404.0 92.0 reduce
4408.0 7496.0 192.0 96.0 the
4660.0 7496.0 588.0 92.0 confusion
5316.0 7496.0 108.0 92.0 In
5492.0 7496.0 188.0 92.0 the
5744.0 7496.0 468.0 112.0 housing
6284.0 7496.0 172.0 116.0 pic-

3520.0 7644.0 280.0 88.0 ture.
3920.0 7640.0 172.0 92.0 He
4152.0 7636.0 324.0 96.0 voted
4532.0 7640.0 180.0 92.0 for
4764.0 7636.0 116.0 96.0 It.
5000.0 7640.0 208.0 96.0 His
5260.0 7632.0 556.0 100.0 Influence
5868.0 7656.0 260.0 88.0 very
6188.0 7632.0 276.0 120.0 prob-

3512.0 7772.0 252.0 120.0 ably
3828.0 7772.0 172.0 96.0 led
4068.0 7780.0 116.0 88.0 to
4244.0 7772.0 560.0 116.0 approval.

3700.0 7916.0 232.0 92.0 The
3992.0 7912.0 408.0 96.0 second
4460.0 7908.0 504.0 100.0 Instance
5020.0 7936.0 232.0 72.0 was
5312.0 7908.0 184.0 96.0 the
5556.0 7908.0 548.0 96.0 Senator's
6164.0 7908.0 292.0 92.0 state-

3516.0 8060.0 308.0 88.0 ment
3944.0 8052.0 116.0 92.0 in
4180.0 8076.0 72.0 72.0 a
4372.0 8052.0 304.0 92.0 radio
4800.0 8052.0 368.0 92.0 forum
5300.0 8048.0 580.0 96.0 broadcast
5996.0 8048.0 504.0 108.0 Tuesday

3520.0 8188.0 368.0 112.0 night:
4028.0 8192.0 116.0 92.0 "I
4224.0 8188.0 324.0 96.0 think
4628.0 8188.0 184.0 96.0 the
4888.0 8188.0 540.0 96.0 Marshall
5512.0 8180.0 496.0 124.0 proposal
6092.0 8184.0 92.0 96.0 is
6264.0 8184.0 244.0 96.0 bu.v

3540.0 8324.0 324.0 112.0 Ically
3940.0 8320.0 452.0 100.0 sound."

3704.0 8472.0 364.0 92.0 Those
4152.0 8492.0 284.0 68.0 were
4516.0 8476.0 384.0 116.0 strong
4984.0 8472.0 360.0 96.0 words
5424.0 8472.0 168.0 96.0 for
5672.0 8476.0 184.0 88.0 the
5936.0 8472.0 276.0 96.0 Ohio
6296.0 8468.0 164.0 96.0 Re-

3516.0 8608.0 552.0 116.0 publican.
4232.0 8604.0 304.0 116.0 They
4636.0 8632.0 312.0 92.0 were,
5052.0 8612.0 508.0 112.0 perhaps,
5664.0 8608.0 180.0 96.0 the
5944.0 8612.0 564.0 108.0 strongest

3512.0 8748.0 368.0 100.0 words
3936.0 8744.0 256.0 100.0 that
4248.0 8744.0 280.0 96.0 have
4580.0 8744.0 276.0 96.0 been
4916.0 8748.0 244.0 96.0 said
5220.0 8748.0 112.0 96.0 In
5388.0 8748.0 376.0 96.0 behalf
5816.0 8744.0 116.0 100.0 of
5988.0 8748.0 184.0 96.0 the
6240.0 8748.0 264.0 112.0 plan

3516.0 8888.0 304.0 92.0 since
3884.0 8884.0 588.0 116.0 Secretary
4540.0 8884.0 532.0 100.0 Marshall
5144.0 8884.0 648.0 96.0 announced
5860.0 8884.0 80.0 96.0 It
6008.0 8884.0 108.0 96.0 in
6176.0 8884.0 324.0 96.0 June.

3512.0 9024.0 112.0 96.0 If
3696.0 9024.0 268.0 96.0 Taft
4040.0 9020.0 92.0 96.0 is
4204.0 9020.0 180.0 100.0 for
4456.0 9020.0 116.0 116.0 it,
4648.0 9024.0 84.0 100.0 It
4800.0 9020.0 212.0 100.0 has
5084.0 9044.0 68.0 72.0 a
5224.0 9020.0 176.0 96.0 far
5472.0 9020.0 360.0 96.0 better
5896.0 9020.0 416.0 96.0 chance
6388.0 9020.0 120.0 92.0 of

3512.0 9160.0 440.0 120.0 getting
4052.0 9160.0 488.0 112.0 through
4636.0 9160.0 188.0 96.0 the
4920.0 9160.0 556.0 120.0 Congress
5580.0 9160.0 268.0 96.0 than
5948.0 9172.0 336.0 100.0 many
6384.0 9152.0 124.0 100.0 of

3512.0 9304.0 152.0 96.0 its
3732.0 9300.0 432.0 96.0 friends
4232.0 9300.0 220.0 96.0 had
4516.0 9300.0 512.0 108.0 thought.

3704.0 9440.0 52.0 96.0 I
3848.0 9464.0 184.0 76.0 am
4124.0 9436.0 568.0 112.0 surprised
4776.0 9440.0 260.0 96.0 that
5120.0 9432.0 192.0 104.0 the
5400.0 9432.0 588.0 100.0 broadcast
6080.0 9436.0 188.0 124.0 got
6364.0 9456.0 144.0 72.0 no

3508.0 9580.0 352.0 96.0 wider
3916.0 9576.0 572.0 116.0 publicity.

3700.0 9716.0 272.0 100.0 Taft
4044.0 9712.0 536.0 120.0 qualified
4652.0 9712.0 176.0 100.0 his
4904.0 9712.0 536.0 116.0 approval
5516.0 9708.0 140.0 116.0 by
5732.0 9708.0 500.0 120.0 pointing
6312.0 9708.0 200.0 96.0 out

3512.0 9860.0 256.0 92.0 that
3828.0 9856.0 192.0 92.0 the
4088.0 9848.0 536.0 104.0 Marshall
4688.0 9852.0 516.0 116.0 proposal
5268.0 9848.0 656.0 120.0 apparently
5988.0 9844.0 256.0 100.0 does
6312.0 9848.0 196.0 92.0 not

3512.0 9996.0 216.0 92.0 call
3816.0 9992.0 180.0 96.0 for
4084.0 9988.0 616.0 100.0 additional
4792.0 9984.0 576.0 120.0 spending,
5464.0 9984.0 196.0 96.0 but
5744.0 9992.0 176.0 96.0 for
6004.0 9984.0 460.0 96.0 continu-

3516.0 10132.0 312.0 92.0 ation
3884.0 10128.0 120.0 96.0 of
4060.0 10132.0 452.0 112.0 present
4568.0 10124.0 572.0 120.0 spending,
5192.0 10124.0 224.0 100.0 and
5472.0 10124.0 268.0 96.0 calls
5796.0 10124.0 172.0 92.0 for
6020.0 10120.0 440.0 96.0 furnish-

3516.0 10272.0 196.0 116.0 ing
3776.0 10268.0 348.0 116.0 goods
4196.0 10268.0 248.0 92.0 that
4508.0 10264.0 216.0 96.0 will
4792.0 10264.0 256.0 116.0 help
5120.0 10268.0 304.0 92.0 them
5496.0 10260.0 248.0 120.0 help
5808.0 10256.0 700.0 100.0 themselves.

3704.0 10408.0 292.0 96.0 Both
4068.0 10404.0 268.0 96.0 Taft
4404.0 10408.0 216.0 96.0 and
4692.0 10404.0 248.0 96.0 Sen.
5012.0 10404.0 344.0 96.0 Owen
5424.0 10404.0 576.0 100.0 Brewster,
6072.0 10400.0 396.0 112.0 Repub-

3516.0 10552.0 328.0 108.0 lican,
3948.0 10544.0 400.0 112.0 Maine,
4448.0 10544.0 232.0 96.0 also
4776.0 10564.0 140.0 72.0 on
5020.0 10544.0 188.0 92.0 the
5312.0 10540.0 396.0 108.0 forum,
5816.0 10536.0 404.0 116.0 rapped
6320.0 10536.0 192.0 92.0 the

3520.0 10688.0 428.0 96.0 British
4020.0 10684.0 176.0 92.0 for
4268.0 10676.0 320.0 124.0 using
4656.0 10684.0 252.0 112.0 part
4976.0 10680.0 120.0 96.0 of
5164.0 10684.0 188.0 92.0 the
5420.0 10676.0 584.0 96.0 American
6072.0 10672.0 252.0 100.0 loan
6396.0 10676.0 116.0 92.0 to

3520.0 10828.0 220.0 112.0 buy
3804.0 10824.0 596.0 100.0 American
4472.0 10820.0 456.0 96.0 tobacco
5000.0 10816.0 220.0 96.0 and
5296.0 10816.0 440.0 100.0 movies.
5860.0 10812.0 304.0 112.0 They
6236.0 10812.0 276.0 108.0 said,

3520.0 10968.0 264.0 104.0 also,
3860.0 10968.0 256.0 88.0 that
4188.0 10960.0 184.0 96.0 the
4444.0 10960.0 420.0 100.0 British
4940.0 10956.0 396.0 100.0 should
5408.0 10956.0 276.0 96.0 have
5752.0 10952.0 272.0 96.0 been
6100.0 10948.0 412.0 116.0 buying

3520.0 11100.0 580.0 100.0 machines
4164.0 11096.0 220.0 100.0 and
4456.0 11096.0 640.0 116.0 equipment
5160.0 11092.0 436.0 96.0 Instead
5664.0 11088.0 112.0 96.0 of
5840.0 11088.0 284.0 96.0 food.
6252.0 11084.0 216.0 96.0 Pre-

3520.0 11240.0 540.0 112.0 sumably,
4168.0 11236.0 188.0 96.0 the
4452.0 11232.0 448.0 112.0 British,
5004.0 11232.0 456.0 116.0 already
5560.0 11228.0 456.0 116.0 hungry,
6120.0 11224.0 392.0 96.0 should

3524.0 11380.0 284.0 96.0 have
3872.0 11400.0 288.0 88.0 gone
4220.0 11372.0 244.0 96.0 that
4528.0 11372.0 324.0 96.0 much
4920.0 11368.0 560.0 112.0 hungrier.

3704.0 11516.0 260.0 96.0 Just
4040.0 11512.0 112.0 92.0 to
4228.0 11508.0 276.0 120.0 keep
4576.0 11512.0 188.0 96.0 the
4832.0 11504.0 396.0 108.0 record
5300.0 11500.0 508.0 120.0 straight,
5880.0 11500.0 56.0 100.0 I
6004.0 11496.0 508.0 120.0 inquired

3520.0 11656.0 124.0 96.0 at
3700.0 11652.0 192.0 100.0 the
3948.0 11648.0 436.0 96.0 British
4440.0 11648.0 752.0 96.0 Information
5252.0 11644.0 444.0 100.0 Service
5756.0 11636.0 216.0 104.0 and
6036.0 11640.0 188.0 120.0 got
6284.0 11636.0 232.0 96.0 this

3520.0 11788.0 688.0 100.0 breakdown
4280.0 11788.0 120.0 92.0 of
4468.0 11788.0 192.0 96.0 the
4732.0 11784.0 468.0 100.0 amount
5272.0 11784.0 328.0 112.0 spent
5672.0 11780.0 176.0 96.0 for
5920.0 11772.0 592.0 100.0 American

3520.0 11932.0 536.0 116.0 products
4152.0 11928.0 296.0 96.0 from
4544.0 11928.0 188.0 96.0 the
4828.0 11920.0 428.0 96.0 British
5356.0 11916.0 352.0 100.0 dollar
5800.0 11912.0 240.0 124.0 pool
6176.0 11912.0 340.0 92.0 funds

3524.0 12076.0 300.0 96.0 from
3876.0 12068.0 148.0 96.0 all
4084.0 12088.0 480.0 88.0 sources,
4616.0 12056.0 576.0 120.0 Including
5240.0 12056.0 196.0 100.0 the
5476.0 12052.0 264.0 100.0 loan
5792.0 12048.0 216.0 100.0 and
6060.0 12076.0 252.0 92.0 exp'
6412.0 12056.0 104.0 88.0 Is

3520.0 12212.0 300.0 92.0 from
3908.0 12200.0 444.0 100.0 Britain
4440.0 12200.0 116.0 96.0 to
4640.0 12204.0 520.0 96.0 America
5292.0 12196.0 492.0 96.0 between
5868.0 12188.0 288.0 120.0 July,
6244.0 12192.0 276.0 100.0 194C

3524.0 12348.0 224.0 96.0 and
3832.0 12344.0 428.0 108.0 March,
4348.0 12348.0 284.0 92.0 i17:
4752.0 12340.0 324.0 96.0 Total
5164.0 12336.0 328.0 116.0 spent
5588.0 12332.0 160.0 112.0 (in
5832.0 12328.0 476.0 96.0 millions
6400.0 12324.0 116.0 92.0 of

3524.0 12484.0 532.0 120.0 pounds),
4124.0 12484.0 320.0 112.0 187.2;
4504.0 12480.0 184.0 96.0 for
4744.0 12480.0 296.0 108.0 food,
5108.0 12476.0 260.0 112.0 68.1;
5432.0 12472.0 236.0 96.0 fats
5728.0 12464.0 220.0 100.0 and
6012.0 12464.0 236.0 112.0 oils,
6312.0 12468.0 200.0 104.0 65;

3544.0 12620.0 496.0 108.0 tobacco,
4104.0 12620.0 260.0 112.0 39.3;
4432.0 12620.0 412.0 104.0 cotton,
4908.0 12608.0 260.0 120.0 10.8;
5236.0 12608.0 432.0 112.0 timber,
5732.0 12604.0 192.0 116.0 1.8;
5992.0 12604.0 236.0 96.0 Iron
6296.0 12600.0 224.0 100.0 and

3536.0 12760.0 312.0 108.0 steel,
3940.0 12760.0 200.0 112.0 3.7;
4244.0 12756.0 308.0 100.0 wood
4648.0 12752.0 884.0 104.0 manufactures,
5624.0 12744.0 196.0 116.0 t.4;
5920.0 12744.0 600.0 100.0 chemicals

3524.0 12904.0 224.0 96.0 and
3812.0 12904.0 376.0 116.0 drugs,
4248.0 12904.0 180.0 104.0 3.5,
4488.0 12900.0 220.0 100.0 and
4772.0 12896.0 848.0 96.0 miscellaneous
5680.0 12892.0 840.0 100.0 manufactures

3524.0 13048.0 224.0 92.0 and
3816.0 13068.0 228.0 68.0 raw
4112.0 13036.0 604.0 112.0 materials,
4776.0 13040.0 244.0 96.0 24.7.
5144.0 13036.0 280.0 112.0 And,
5492.0 13036.0 112.0 92.0 in
5668.0 13032.0 524.0 104.0 addition,
6256.0 13028.0 260.0 112.0 they

3540.0 13180.0 260.0 120.0 paid
3904.0 13172.0 552.0 108.0 14,000,000
4548.0 13172.0 428.0 120.0 pounds
5072.0 13196.0 128.0 68.0 as
5300.0 13168.0 516.0 116.0 royalties
5908.0 13180.0 136.0 80.0 on
6144.0 13168.0 332.0 96.0 Amer-

3528.0 13320.0 256.0 96.0 ican
3844.0 13320.0 448.0 96.0 movies.

3716.0 13632.0 216.0 100.0 MY
4008.0 13620.0 604.0 120.0 FRIEND,
4688.0 13624.0 272.0 120.0 Rep.
5032.0 13624.0 536.0 96.0 Clarence
5636.0 13620.0 96.0 96.0 J.
5804.0 13620.0 428.0 104.0 Brown,
6308.0 13612.0 168.0 96.0 Re-

3532.0 13772.0 552.0 120.0 publican,
4156.0 13768.0 756.0 108.0 Blanchester,
4988.0 13756.0 448.0 124.0 pointed
5508.0 13756.0 188.0 96.0 out
5764.0 13752.0 108.0 100.0 in
5944.0 13756.0 172.0 96.0 his
6184.0 13748.0 336.0 100.0 latest

3532.0 13912.0 424.0 108.0 weekly
4020.0 13928.0 300.0 72.0 news
4384.0 13908.0 324.0 96.0 letter
4768.0 13904.0 252.0 92.0 that
5080.0 13904.0 192.0 92.0 the
5336.0 13896.0 584.0 100.0 American
5984.0 13896.0 536.0 112.0 taxpayer

3532.0 14056.0 96.0 96.0 is
3688.0 14048.0 540.0 112.0 assisting
4292.0 14040.0 184.0 96.0 the
4536.0 14036.0 424.0 104.0 British
5024.0 14040.0 268.0 92.0 with
5356.0 14036.0 340.0 104.0 loans,
5760.0 14028.0 196.0 96.0 but
6020.0 14032.0 244.0 92.0 that
6332.0 14028.0 184.0 96.0 the

3544.0 14180.0 432.0 100.0 British
4084.0 14180.0 536.0 108.0 taxpayer
4720.0 14172.0 92.0 96.0 is
4916.0 14168.0 440.0 120.0 getting
5456.0 14188.0 72.0 72.0 a
5628.0 14164.0 188.0 96.0 tax
5916.0 14160.0 608.0 112.0 reduction,

3532.0 14320.0 328.0 96.0 while
3940.0 14316.0 196.0 92.0 the
4212.0 14316.0 592.0 92.0 American
4884.0 14316.0 540.0 104.0 taxpayer
5512.0 14308.0 240.0 112.0 gets
5828.0 14324.0 312.0 72.0 none.
6284.0 14300.0 236.0 96.0 The

3536.0 14468.0 312.0 68.0 same
3952.0 14444.0 324.0 104.0 thing
4372.0 14460.0 232.0 68.0 was
4704.0 14436.0 640.0 92.0 mentioned
5444.0 14432.0 140.0 108.0 by
5680.0 14456.0 72.0 68.0 a
5848.0 14432.0 460.0 88.0 number
6412.0 14432.0 120.0 88.0 of

3540.0 14580.0 324.0 84.0 other
3924.0 14568.0 636.0 116.0 legislators
4628.0 14568.0 112.0 92.0 in
4800.0 14564.0 268.0 96.0 both
5136.0 14560.0 380.0 96.0 House
5580.0 14560.0 216.0 100.0 and
5864.0 14556.0 432.0 96.0 Senate.
6432.0 14560.0 104.0 92.0 It

3556.0 14704.0 544.0 92.0 occurred
4168.0 14700.0 116.0 96.0 to
4348.0 14720.0 180.0 72.0 me
4592.0 14700.0 248.0 92.0 that
4912.0 14696.0 192.0 96.0 not
5168.0 14716.0 208.0 72.0 one
5444.0 14700.0 120.0 88.0 of
5628.0 14692.0 304.0 96.0 them
5996.0 14712.0 228.0 68.0 wae
6292.0 14712.0 200.0 92.0 say-

3556.0 14840.0 196.0 120.0 ing
3804.0 14840.0 308.0 92.0 what
4168.0 14840.0 188.0 96.0 the
4412.0 14840.0 312.0 92.0 taxes
4784.0 14860.0 284.0 68.0 were
5128.0 14832.0 380.0 96.0 before
5564.0 14828.0 264.0 128.0 they
5888.0 14852.0 268.0 72.0 were
6220.0 14836.0 188.0 88.0 cut-

3556.0 15008.0 124.0 68.0 so
3752.0 14984.0 48.0 92.0 I
3868.0 14980.0 256.0 96.0 will.

3728.0 15128.0 92.0 92.0 A
3880.0 15120.0 396.0 96.0 Briton
4340.0 15120.0 264.0 96.0 with
4668.0 15144.0 140.0 68.0 no
4872.0 15120.0 716.0 112.0 dependents,
5652.0 15116.0 452.0 116.0 making
6160.0 15124.0 368.0 104.0 $5,000,

3544.0 15256.0 260.0 120.0 paid
3888.0 15260.0 340.0 112.0 $1,722
4320.0 15256.0 112.0 96.0 In
4524.0 15264.0 260.0 96.0 1916.
4940.0 15260.0 272.0 96.0 This
5300.0 15280.0 264.0 96.0 year
5656.0 15256.0 132.0 96.0 he
5880.0 15260.0 184.0 112.0 got
6152.0 15284.0 68.0 72.0 a
6308.0 15264.0 220.0 88.0 rut.

3540.0 15400.0 280.0 92.0 Now
3876.0 15396.0 140.0 96.0 he
4076.0 15420.0 272.0 96.0 pays
4404.0 15396.0 256.0 120.0 only
4712.0 15396.0 372.0 108.0 $1,672.

3724.0 15536.0 172.0 92.0 An
3988.0 15532.0 600.0 104.0 American
4668.0 15532.0 276.0 96.0 with
5032.0 15556.0 144.0 76.0 no
5268.0 15532.0 704.0 116.0 dependents,
6068.0 15532.0 460.0 116.0 making

3536.0 15676.0 368.0 108.0 $5,000,
3968.0 15700.0 280.0 92.0 pays
4304.0 15672.0 276.0 108.0 $793.

496.0 16208.0 1656.0 456.0 DREW
2688.0 16200.0 2696.0 480.0 PEARSON

340.0 17084.0 692.0 188.0 General
1116.0 17080.0 712.0 188.0 Marshall
1916.0 17088.0 648.0 224.0 Reports
2652.0 17080.0 376.0 180.0 Fifth
3108.0 17076.0 312.0 180.0 Col

564.0 17396.0 1156.0 124.0 WASHINGTON:
1848.0 17396.0 476.0 140.0 George
2448.0 17392.0 128.0 120.0 C.
2700.0 17384.0 632.0 140.0 Marshall,

340.0 17604.0 644.0 144.0 Secretary
1084.0 17600.0 136.0 116.0 of
1320.0 17600.0 380.0 140.0 State,
1808.0 17596.0 592.0 144.0 gloomily
2500.0 17592.0 600.0 120.0 disclosed
3216.0 17600.0 124.0 108.0 to

344.0 17812.0 204.0 116.0 the
628.0 17804.0 412.0 120.0 House
1128.0 17804.0 524.0 144.0 Foreign
1732.0 17796.0 492.0 120.0 Affairs
2312.0 17796.0 728.0 120.0 Committee
3132.0 17792.0 208.0 116.0 the

340.0 18012.0 352.0 116.0 other
756.0 18008.0 248.0 140.0 day
1076.0 18004.0 276.0 116.0 that
1420.0 18036.0 72.0 84.0 a
1564.0 18000.0 412.0 120.0 Soviet
2044.0 18000.0 308.0 120.0 fifth
2424.0 18000.0 512.0 128.0 column,
3016.0 18028.0 272.0 88.0 com-

340.0 18208.0 372.0 152.0 posed
856.0 18204.0 460.0 148.0 mostly
1460.0 18208.0 136.0 112.0 of
1736.0 18204.0 632.0 132.0 Germans,
2524.0 18200.0 104.0 116.0 is
2776.0 18200.0 564.0 140.0 working

360.0 18412.0 372.0 116.0 "night
796.0 18404.0 228.0 100.0 and
1096.0 18400.0 276.0 124.0 day"
1444.0 18408.0 112.0 100.0 to
1624.0 18428.0 332.0 72.0 cause
2024.0 18404.0 340.0 100.0 chaos
2436.0 18404.0 112.0 100.0 in
2616.0 18404.0 600.0 116.0 Germany.

536.0 18616.0 144.0 100.0 At
748.0 18640.0 144.0 72.0 an
968.0 18616.0 844.0 100.0 off-the-record
1880.0 18612.0 524.0 120.0 meeting,
2480.0 18612.0 636.0 120.0 frequently
3184.0 18608.0 116.0 96.0 in-

356.0 18784.0 576.0 128.0 terrupted
1008.0 18788.0 144.0 116.0 by
1228.0 18788.0 204.0 96.0 roll
1508.0 18788.0 264.0 100.0 calls
1848.0 18788.0 252.0 96.0 that
2172.0 18788.0 272.0 116.0 kept
2520.0 18788.0 188.0 96.0 the
2784.0 18784.0 564.0 96.0 members

360.0 18964.0 440.0 120.0 treking
864.0 18960.0 292.0 96.0 back
1220.0 18960.0 220.0 104.0 and
1500.0 18960.0 384.0 100.0 fourth
1952.0 18960.0 492.0 104.0 between
2516.0 18964.0 188.0 96.0 the
2768.0 18960.0 288.0 96.0 floor
3116.0 18956.0 228.0 96.0 and

356.0 19144.0 184.0 96.0 the
636.0 19136.0 644.0 100.0 committee
1380.0 19156.0 332.0 92.0 room,
1812.0 19136.0 568.0 120.0 Marshall,
2480.0 19132.0 112.0 100.0 in
2692.0 19132.0 372.0 112.0 effect,
3172.0 19132.0 132.0 92.0 de-

356.0 19312.0 420.0 100.0 clared:
484.0 19488.0 280.0 100.0 "The
852.0 19484.0 500.0 100.0 Russian
1436.0 19508.0 316.0 96.0 game
1840.0 19488.0 92.0 100.0 is
2016.0 19488.0 112.0 96.0 to
2212.0 19484.0 284.0 120.0 keep
2576.0 19484.0 568.0 116.0 Germany
3236.0 19480.0 108.0 100.0 in

356.0 19668.0 368.0 116.0 chaos,
792.0 19664.0 536.0 116.0 realizing
1392.0 19664.0 248.0 96.0 that
1700.0 19664.0 616.0 116.0 desperate,
2384.0 19660.0 452.0 108.0 broken,
2904.0 19660.0 448.0 112.0 hungry

360.0 19840.0 376.0 120.0 people
808.0 19864.0 196.0 72.0 are
1076.0 19860.0 268.0 92.0 easy
1412.0 19860.0 268.0 96.0 prey
1748.0 19836.0 172.0 100.0 for
1988.0 19836.0 764.0 96.0 Communism
2820.0 19832.0 228.0 100.0 and
3124.0 19832.0 224.0 96.0 will

364.0 20016.0 248.0 96.0 turn
708.0 20016.0 108.0 100.0 to
908.0 20012.0 420.0 96.0 Russia
1416.0 20016.0 176.0 92.0 for
1676.0 20008.0 276.0 100.0 aid."

540.0 20180.0 168.0 104.0 He
796.0 20184.0 716.0 120.0 emphasized
1588.0 20184.0 264.0 104.0 ihat
1940.0 20188.0 600.0 116.0 European
2632.0 20200.0 528.0 100.0 recovery
3252.0 20180.0 104.0 96.0 is

360.0 20356.0 632.0 120.0 Impossible
1060.0 20352.0 476.0 108.0 without
1596.0 20356.0 660.0 120.0 ttepped-up
2320.0 20356.0 496.0 104.0 German
2876.0 20356.0 432.0 120.0 produc-

360.0 20536.0 264.0 132.0 tion,
712.0 20540.0 224.0 96.0 and
1028.0 20532.0 464.0 104.0 assured
1584.0 20532.0 192.0 100.0 the
1864.0 20532.0 816.0 116.0 Congressmen
2772.0 20532.0 260.0 96.0 that
3120.0 20528.0 236.0 100.0 this

360.0 20732.0 232.0 76.0 was
656.0 20712.0 188.0 100.0 the
912.0 20704.0 672.0 104.0 unanimous
1644.0 20704.0 456.0 120.0 opinion
2164.0 20712.0 120.0 96.0 of
2348.0 20704.0 192.0 100.0 the
2600.0 20708.0 312.0 92.0 "best
2976.0 20700.0 380.0 104.0 minds

364.0 20848.0 640.0 108.0 available."
1100.0 20848.0 564.0 116.0 Germany
1724.0 20868.0 232.0 76.0 was
2020.0 20848.0 196.0 100.0 the
2280.0 20848.0 224.0 100.0 huh
2568.0 20852.0 120.0 92.0 of
2748.0 20856.0 604.0 108.0 European

360.0 21016.0 532.0 92.0 economy
960.0 20992.0 388.0 96.0 before
1412.0 20992.0 192.0 96.0 the
1664.0 21008.0 264.0 96.0 war,
1992.0 20984.0 544.0 104.0 Marshall
2604.0 20992.0 452.0 116.0 pointed
3124.0 20992.0 232.0 108.0 out,

364.0 21144.0 220.0 96.0 and
644.0 21132.0 324.0 104.0 could
1032.0 21140.0 200.0 92.0 not
1288.0 21132.0 132.0 96.0 be
1480.0 21124.0 480.0 108.0 blanked
2016.0 21140.0 200.0 92.0 out
2272.0 21136.0 544.0 112.0 suddenly
2872.0 21132.0 484.0 96.0 without

364.0 21288.0 568.0 116.0 upsetting
1004.0 21276.0 200.0 104.0 the
1268.0 21276.0 356.0 100.0 whole
1696.0 21276.0 600.0 112.0 European
2368.0 21280.0 596.0 100.0 structure.

552.0 21456.0 104.0 96.0 If
728.0 21456.0 568.0 108.0 Germany
1372.0 21456.0 504.0 96.0 becomes
1948.0 21476.0 68.0 76.0 a
2084.0 21448.0 496.0 116.0 cancer,"
2652.0 21456.0 140.0 96.0 he
2864.0 21448.0 492.0 116.0 warned,

364.0 21596.0 248.0 100.0 "the
684.0 21596.0 324.0 116.0 thing
1076.0 21596.0 220.0 96.0 will
1372.0 21588.0 488.0 128.0 spread,"

548.0 21916.0 300.0 96.0 THE
908.0 21904.0 876.0 104.0 SECRETARY
1836.0 21916.0 192.0 96.0 OF
2084.0 21908.0 456.0 100.0 STATE
2600.0 21912.0 448.0 120.0 implied
3104.0 21908.0 256.0 100.0 that

364.0 22060.0 560.0 120.0 Germany
1020.0 22080.0 204.0 72.0 can
1320.0 22052.0 128.0 104.0 be
1536.0 22056.0 320.0 96.0 made
1948.0 22056.0 844.0 100.0 self-sufficient
2884.0 22056.0 480.0 96.0 without

368.0 22208.0 324.0 112.0 again
792.0 22200.0 720.0 116.0 threatening
1612.0 22200.0 332.0 100.0 world
2040.0 22224.0 368.0 96.0 peace,
2504.0 22196.0 196.0 104.0 but
2792.0 22196.0 568.0 100.0 indicated

368.0 22352.0 248.0 92.0 that
704.0 22348.0 184.0 96.0 the
984.0 22344.0 496.0 116.0 problem
1568.0 22364.0 228.0 72.0 was
1888.0 22348.0 108.0 88.0 to
2092.0 22348.0 532.0 96.0 convince
2712.0 22340.0 436.0 100.0 France
3240.0 22336.0 124.0 100.0 of

368.0 22492.0 252.0 96.0 this.
748.0 22488.0 168.0 96.0 He
1020.0 22484.0 512.0 96.0 declared
1632.0 22484.0 456.0 116.0 frankly
2188.0 22488.0 248.0 96.0 that
2532.0 22488.0 568.0 92.0 economic
3200.0 22508.0 116.0 68.0 re-

372.0 22656.0 396.0 92.0 covery
832.0 22636.0 108.0 92.0 in
1008.0 22628.0 444.0 112.0 Europe
1520.0 22628.0 400.0 112.0 hinged
1988.0 22652.0 292.0 92.0 upon
2352.0 22632.0 188.0 92.0 the
2600.0 22628.0 440.0 96.0 French
3104.0 22628.0 216.0 96.0 atti-

368.0 22780.0 256.0 96.0 tude
740.0 22772.0 432.0 100.0 toward
1280.0 22772.0 588.0 112.0 Germany,
1984.0 22772.0 588.0 104.0 inasmuch
2684.0 22796.0 128.0 72.0 as
2924.0 22772.0 440.0 96.0 France

372.0 22924.0 296.0 96.0 fears
768.0 22932.0 224.0 100.0 any
1096.0 22932.0 520.0 100.0 program
1724.0 22912.0 248.0 96.0 that
2072.0 22912.0 364.0 120.0 might
2536.0 22916.0 460.0 120.0 develop
3096.0 22912.0 228.0 96.0 Ger-

372.0 23064.0 420.0 112.0 many's
892.0 23076.0 240.0 80.0 war
1236.0 23048.0 568.0 124.0 potential.
1940.0 23056.0 268.0 96.0 This
2304.0 23080.0 368.0 92.0 worry
2772.0 23060.0 96.0 92.0 is
2968.0 23076.0 356.0 92.0 aggra-

372.0 23208.0 324.0 96.0 vated
768.0 23200.0 144.0 116.0 by
980.0 23196.0 696.0 100.0 Communist
1748.0 23200.0 756.0 120.0 propaganda,
2572.0 23204.0 136.0 92.0 he
2772.0 23200.0 280.0 100.0 said.

556.0 23380.0 580.0 112.0 However,
1216.0 23376.0 476.0 100.0 General
1776.0 23372.0 540.0 104.0 Marshall
2400.0 23372.0 460.0 100.0 insisted
2948.0 23372.0 252.0 100.0 that
3284.0 23372.0 88.0 96.0 It

380.0 23520.0 92.0 100.0 Is
536.0 23548.0 144.0 96.0 up
748.0 23524.0 116.0 92.0 to
928.0 23516.0 196.0 96.0 the
1188.0 23516.0 596.0 120.0 European
1856.0 23516.0 476.0 112.0 nations,
2404.0 23520.0 424.0 92.0 "which
2896.0 23520.0 288.0 92.0 have
3256.0 23516.0 120.0 92.0 to

372.0 23672.0 208.0 96.0 live
680.0 23660.0 272.0 96.0 with
1048.0 23656.0 652.0 124.0 Germany,"
1804.0 23664.0 112.0 92.0 to
2016.0 23660.0 384.0 96.0 decide
2496.0 23660.0 508.0 100.0 whether
3100.0 23656.0 272.0 116.0 they

372.0 23840.0 204.0 72.0 can
692.0 23804.0 188.0 116.0 get
988.0 23800.0 340.0 116.0 along
1440.0 23800.0 792.0 120.0 economically
2344.0 23804.0 472.0 96.0 without
2932.0 23800.0 200.0 96.0 her
3244.0 23824.0 128.0 68.0 or

376.0 23952.0 496.0 96.0 whether
1012.0 23944.0 264.0 124.0 they
1412.0 23940.0 360.0 96.0 would
1908.0 23948.0 392.0 92.0 rather
2436.0 23944.0 228.0 96.0 risk
2808.0 23940.0 568.0 116.0 restoring

380.0 24096.0 452.0 112.0 healthy
904.0 24084.0 492.0 100.0 German
1468.0 24088.0 656.0 116.0 production
2200.0 24088.0 356.0 100.0 under
2624.0 24088.0 356.0 104.0 Allied
3052.0 24108.0 276.0 72.0 occu-

380.0 24240.0 376.0 120.0 pation
848.0 24228.0 220.0 96.0 and
1164.0 24228.0 456.0 96.0 control.
1740.0 24232.0 172.0 96.0 He
2004.0 24228.0 488.0 96.0 stressed
2580.0 24232.0 252.0 96.0 that
2920.0 24224.0 452.0 120.0 Europe

384.0 24384.0 296.0 96.0 must
740.0 24372.0 312.0 104.0 work
1120.0 24376.0 192.0 92.0 out
1376.0 24372.0 144.0 96.0 Its
1580.0 24392.0 240.0 80.0 own
1892.0 24372.0 568.0 96.0 economic
2524.0 24372.0 556.0 96.0 salvation
3144.0 24364.0 228.0 100.0 and

384.0 24524.0 332.0 116.0 adopt
800.0 24544.0 68.0 72.0 a
956.0 24536.0 528.0 96.0 program
1576.0 24512.0 244.0 96.0 that
1904.0 24512.0 220.0 104.0 will
2220.0 24516.0 192.0 100.0 not
2500.0 24516.0 476.0 112.0 collapse
3068.0 24516.0 308.0 92.0 after

384.0 24664.0 584.0 100.0 American
1040.0 24656.0 188.0 96.0 aid
1300.0 24660.0 88.0 96.0 is
1456.0 24652.0 804.0 104.0 discontinued.

572.0 24836.0 416.0 96.0 "There
1064.0 24832.0 92.0 96.0 is
1224.0 24856.0 144.0 72.0 no
1440.0 24828.0 360.0 116.0 magic
1872.0 24824.0 580.0 116.0 formula,"
2524.0 24832.0 184.0 100.0 the
2780.0 24832.0 588.0 116.0 Secretary

384.0 24984.0 116.0 100.0 of
588.0 24980.0 308.0 96.0 State
988.0 24972.0 364.0 100.0 added
1436.0 24972.0 484.0 128.0 gravely.

568.0 25284.0 824.0 108.0 BANISHING
1492.0 25284.0 92.0 96.0 A
1684.0 25276.0 460.0 116.0 BRASS
2248.0 25284.0 348.0 100.0 HAT:
2740.0 25288.0 644.0 116.0 Pint-sized,

392.0 25432.0 800.0 132.0 gallon-voiced
1264.0 25432.0 472.0 96.0 Senator
1800.0 25432.0 460.0 116.0 Gurney
2324.0 25436.0 116.0 104.0 of
2508.0 25436.0 344.0 96.0 South
2924.0 25432.0 460.0 96.0 Dakota

392.0 25608.0 304.0 76.0 came
796.0 25580.0 200.0 100.0 out
1096.0 25572.0 408.0 96.0 second
1596.0 25568.0 252.0 100.0 best
1948.0 25572.0 108.0 96.0 in
2156.0 25596.0 148.0 76.0 an
2404.0 25580.0 600.0 112.0 argument
3108.0 25576.0 272.0 92.0 with

392.0 25728.0 468.0 100.0 Senator
932.0 25712.0 476.0 116.0 Bridges
1476.0 25708.0 124.0 100.0 of
1664.0 25712.0 276.0 96.0 New
2008.0 25716.0 680.0 120.0 Hampshire
2820.0 25716.0 268.0 96.0 both
3168.0 25720.0 168.0 92.0 Re-

392.0 25856.0 1068.0 132.0 publicansinside
1528.0 25876.0 68.0 76.0 a
1668.0 25848.0 404.0 104.0 Senate
2140.0 25860.0 932.0 116.0 Appropriations
3112.0 25852.0 228.0 96.0 Sub-

392.0 26008.0 668.0 100.0 committee.
580.0 26184.0 228.0 96.0 The
872.0 26176.0 848.0 96.0 subcommittee
1780.0 26196.0 232.0 80.0 was
2072.0 26176.0 448.0 112.0 putting
2580.0 26176.0 184.0 96.0 the
2828.0 26172.0 556.0 112.0 finishing

400.0 26328.0 452.0 100.0 touches
936.0 26340.0 144.0 76.0 on
1160.0 26316.0 184.0 100.0 the
1424.0 26312.0 764.0 116.0 $5,616,618,000
2264.0 26316.0 492.0 116.0 military
2828.0 26316.0 560.0 116.0 spending

400.0 26472.0 216.0 124.0 bill,
692.0 26468.0 324.0 92.0 when
1100.0 26460.0 492.0 112.0 Bridges,
1668.0 26452.0 608.0 100.0 Chairman
2356.0 26456.0 116.0 96.0 of
2544.0 26460.0 188.0 92.0 the
2808.0 26460.0 208.0 92.0 full
3092.0 26480.0 248.0 68.0 com-

404.0 26616.0 412.0 104.0 mittee,
884.0 26600.0 428.0 120.0 opened
1388.0 26604.0 184.0 92.0 the
1644.0 26600.0 296.0 96.0 door.
2044.0 26604.0 388.0 104.0 There,
2508.0 26596.0 184.0 120.0 big
2764.0 26624.0 128.0 72.0 as
2964.0 26600.0 224.0 104.0 life,
3264.0 26604.0 124.0 88.0 at

400.0 26760.0 180.0 92.0 the
676.0 26740.0 924.0 124.0 Appropriations
1688.0 26740.0 660.0 100.0 Committee
2440.0 26740.0 324.0 108.0 table,
2848.0 26744.0 180.0 92.0 sat
3124.0 26740.0 264.0 116.0 MaJ.

400.0 26896.0 260.0 100.0 Gen.
776.0 26892.0 432.0 104.0 George
1324.0 26884.0 96.0 104.0 J.
1532.0 26880.0 580.0 116.0 Richards,
2232.0 26884.0 188.0 100.0 the
2532.0 26884.0 264.0 100.0 War
2912.0 26884.0 432.0 116.0 Depart-

408.0 27036.0 392.0 104.0 ment's
868.0 27028.0 416.0 116.0 budget
1352.0 27024.0 424.0 100.0 officer.

592.0 27208.0 472.0 116.0 Bridges
1140.0 27200.0 260.0 96.0 took
1480.0 27224.0 200.0 80.0 one
1760.0 27196.0 248.0 104.0 look
2084.0 27204.0 120.0 96.0 at
2284.0 27196.0 548.0 104.0 Richards
2912.0 27196.0 216.0 100.0 and
3212.0 27200.0 136.0 96.0 de-

412.0 27348.0 468.0 112.0 manded
956.0 27344.0 124.0 100.0 of
1148.0 27344.0 492.0 116.0 Gurney:

592.0 27492.0 488.0 96.0 "What's
1180.0 27488.0 220.0 100.0 this
1504.0 27504.0 256.0 76.0 man
1860.0 27484.0 340.0 120.0 doing
2296.0 27480.0 332.0 100.0 here?
2760.0 27484.0 268.0 96.0 This
3132.0 27488.0 96.0 96.0 is
3328.0 27512.0 64.0 72.0 a

412.0 27664.0 688.0 104.0 rlosed-door
1172.0 27660.0 480.0 108.0 meeting
1720.0 27660.0 216.0 92.0 and
2008.0 27684.0 140.0 76.0 no
2220.0 27684.0 204.0 72.0 one
2492.0 27656.0 92.0 96.0 is
2652.0 27656.0 556.0 120.0 supposed
3280.0 27660.0 120.0 92.0 to

412.0 27808.0 128.0 104.0 be
644.0 27820.0 256.0 96.0 here
1008.0 27808.0 384.0 112.0 except
1492.0 27804.0 628.0 100.0 committee
2228.0 27800.0 548.0 96.0 members
2872.0 27800.0 228.0 100.0 and
3204.0 27804.0 192.0 92.0 the

416.0 27948.0 392.0 108.0 clerk."

600.0 28124.0 224.0 92.0 "Oh
964.0 28120.0 176.0 96.0 it's
1292.0 28116.0 144.0 96.0 all
1592.0 28112.0 384.0 120.0 right,"
2136.0 28112.0 408.0 124.0 replied
2700.0 28116.0 188.0 96.0 the
3040.0 28116.0 360.0 96.0 South

416.0 28264.0 556.0 112.0 Pakotan.
1072.0 28260.0 116.0 108.0 "I
1252.0 28256.0 264.0 108.0 took
1576.0 28256.0 88.0 104.0 it
1732.0 28280.0 144.0 100.0 up
1940.0 28260.0 272.0 100.0 with
2280.0 28260.0 188.0 104.0 the
2536.0 28256.0 864.0 104.0 subcommittee

3440.0 17148.0 344.0 108.0 umn
3872.0 17084.0 132.0 168.0 In
4088.0 17080.0 844.0 224.0 Germany.

3552.0 17384.0 560.0 96.0 members
4172.0 17376.0 380.0 104.0 before
4608.0 17404.0 216.0 96.0 you
4884.0 17384.0 196.0 112.0 got
5136.0 17380.0 292.0 100.0 here.
5484.0 17372.0 192.0 104.0 We
5736.0 17376.0 276.0 100.0 have
6072.0 17372.0 452.0 100.0 decided

3560.0 17556.0 112.0 92.0 to
3748.0 17556.0 148.0 92.0 let
3972.0 17552.0 192.0 96.0 the
4236.0 17552.0 472.0 100.0 General
4776.0 17556.0 152.0 96.0 sit
5000.0 17560.0 112.0 88.0 in
5188.0 17556.0 112.0 92.0 to
5372.0 17552.0 248.0 116.0 help
5692.0 17548.0 216.0 96.0 us."

3744.0 17720.0 512.0 100.0 "What!"
4340.0 17724.0 388.0 96.0 roared
4812.0 17724.0 504.0 120.0 Eridges.
5424.0 17724.0 228.0 96.0 "Do
5724.0 17752.0 208.0 96.0 you
6012.0 17752.0 320.0 68.0 mean
6416.0 17724.0 112.0 96.0 to

3556.0 17892.0 200.0 92.0 say
3832.0 17872.0 256.0 92.0 that
4156.0 17868.0 480.0 100.0 General
4712.0 17868.0 564.0 96.0 Richards
5352.0 17868.0 92.0 96.0 is
5516.0 17868.0 448.0 116.0 helping
6036.0 17872.0 112.0 92.0 to
6224.0 17868.0 308.0 92.0 draft

3560.0 18012.0 632.0 116.0 legislation
4272.0 18008.0 372.0 104.0 before
4716.0 18008.0 228.0 96.0 this
5016.0 18008.0 712.0 100.0 committee?
5824.0 18008.0 264.0 100.0 This
6160.0 18008.0 96.0 96.0 Is
6320.0 18036.0 212.0 72.0 one

3560.0 18156.0 116.0 92.0 of
3748.0 18156.0 192.0 100.0 the
4012.0 18156.0 292.0 92.0 most
4372.0 18152.0 412.0 100.0 absurd
4856.0 18156.0 384.0 112.0 things
5304.0 18156.0 220.0 96.0 I've
5592.0 18176.0 252.0 72.0 ever
5912.0 18152.0 340.0 96.0 heard
6320.0 18148.0 212.0 100.0 of."

3740.0 18328.0 288.0 92.0 "But
4160.0 18324.0 196.0 100.0 but
4420.0 18328.0 328.0 100.0 we've
4808.0 18328.0 416.0 116.0 agreed
5356.0 18324.0 52.0 44.0 "
5448.0 18328.0 564.0 116.0 sputtered
6048.0 18324.0 484.0 120.0 Gurney.

3744.0 18500.0 116.0 100.0 "I
3936.0 18496.0 308.0 100.0 don't
4312.0 18524.0 256.0 72.0 care
4636.0 18500.0 308.0 96.0 what
5012.0 18500.0 384.0 116.0 you've
5464.0 18496.0 404.0 120.0 agreed
5936.0 18496.0 208.0 116.0 to,"
6208.0 18492.0 284.0 104.0 thun-

3556.0 18644.0 344.0 96.0 dered
3996.0 18640.0 508.0 116.0 Bridges.
4632.0 18636.0 264.0 100.0 "I'm
5000.0 18640.0 608.0 104.0 Chairman
5708.0 18640.0 116.0 100.0 of
5924.0 18644.0 224.0 96.0 this
6244.0 18660.0 252.0 80.0 com-

3564.0 18784.0 384.0 96.0 mittee
4012.0 18784.0 228.0 96.0 and
4296.0 18780.0 56.0 100.0 I
4408.0 18808.0 200.0 92.0 say
4664.0 18784.0 132.0 96.0 he
4860.0 18788.0 308.0 96.0 must
5224.0 18788.0 340.0 92.0 leave.
5624.0 18792.0 196.0 96.0 I'm
5876.0 18788.0 196.0 92.0 not
6128.0 18784.0 376.0 116.0 object-

3564.0 18932.0 192.0 116.0 ing
3812.0 18936.0 116.0 92.0 to
3988.0 18928.0 476.0 100.0 General
4520.0 18928.0 564.0 100.0 Richards
5140.0 18920.0 656.0 128.0 personally,
5848.0 18928.0 200.0 100.0 but
6100.0 18932.0 52.0 100.0 I
6208.0 18928.0 336.0 100.0 won't

3560.0 19072.0 288.0 104.0 have
3916.0 19100.0 68.0 72.0 a
4056.0 19072.0 880.0 116.0 representative
5004.0 19072.0 120.0 96.0 of
5192.0 19072.0 192.0 100.0 the
5444.0 19072.0 264.0 96.0 War
5772.0 19072.0 764.0 116.0 Department,

3564.0 19236.0 128.0 76.0 or
3780.0 19236.0 228.0 100.0 any
4092.0 19216.0 324.0 96.0 other
4500.0 19216.0 752.0 124.0 department,
5336.0 19216.0 116.0 96.0 in
5544.0 19220.0 260.0 96.0 here
5892.0 19212.0 440.0 120.0 helping
6428.0 19216.0 112.0 96.0 to

3560.0 19356.0 316.0 100.0 draft
3948.0 19352.0 636.0 120.0 legislation
4660.0 19352.0 560.0 120.0 affecting
5300.0 19352.0 172.0 104.0 his
5552.0 19356.0 728.0 112.0 department.

3756.0 19532.0 112.0 96.0 "I
3940.0 19532.0 328.0 96.0 think
4340.0 19556.0 212.0 88.0 you
4624.0 19532.0 400.0 96.0 realize
5096.0 19536.0 252.0 92.0 that
5416.0 19540.0 84.0 92.0 it
5568.0 19532.0 352.0 96.0 would
5992.0 19536.0 128.0 96.0 be
6188.0 19560.0 68.0 68.0 a
6328.0 19532.0 172.0 96.0 ter-

3564.0 19672.0 276.0 100.0 rible
3940.0 19672.0 580.0 100.0 reflection
4616.0 19700.0 136.0 76.0 on
4848.0 19680.0 188.0 96.0 the
5132.0 19676.0 636.0 96.0 committee
5860.0 19676.0 84.0 92.0 if
6040.0 19676.0 220.0 92.0 this
6352.0 19680.0 188.0 108.0 got

3564.0 19816.0 284.0 108.0 out,"
3940.0 19816.0 476.0 116.0 Bridges
4508.0 19820.0 388.0 116.0 added,
4996.0 19816.0 444.0 120.0 glaring
5524.0 19816.0 124.0 96.0 at
5736.0 19812.0 472.0 120.0 Gurney.

3752.0 19984.0 460.0 104.0 "You're
4380.0 19992.0 624.0 116.0 absolutely
5172.0 19992.0 392.0 116.0 right,"
5728.0 19992.0 396.0 116.0 agreed
6292.0 19992.0 248.0 96.0 Sen.

3564.0 20132.0 424.0 100.0 Homer
4056.0 20136.0 576.0 116.0 Ferguson
4712.0 20136.0 112.0 92.0 of
4900.0 20136.0 600.0 120.0 Michigan,
5572.0 20136.0 464.0 96.0 another
6104.0 20132.0 396.0 120.0 Repub-

3568.0 20276.0 328.0 104.0 lican.
3756.0 20420.0 168.0 116.0 By
4020.0 20424.0 228.0 96.0 this
4344.0 20424.0 264.0 96.0 time
4704.0 20424.0 564.0 96.0 Richards
5360.0 20420.0 220.0 100.0 had
5672.0 20424.0 168.0 96.0 his
5936.0 20444.0 396.0 100.0 papers
6432.0 20428.0 108.0 92.0 in

3568.0 20560.0 304.0 100.0 hand
3940.0 20568.0 224.0 92.0 and
4236.0 20588.0 232.0 72.0 was
4536.0 20564.0 404.0 116.0 edging
5008.0 20568.0 180.0 96.0 for
5256.0 20568.0 188.0 96.0 the
5512.0 20568.0 296.0 96.0 door.

3756.0 20736.0 568.0 120.0 "Perhaps
4416.0 20740.0 156.0 96.0 I'd
4668.0 20736.0 364.0 100.0 better
5120.0 20740.0 612.0 108.0 withdraw,
5824.0 20736.0 724.0 120.0 gentlemen,"

3572.0 20880.0 132.0 100.0 he
3788.0 20880.0 240.0 96.0 said
4112.0 20880.0 460.0 116.0 meekly,
4648.0 20880.0 216.0 96.0 and
4948.0 20908.0 232.0 76.0 was
5252.0 20908.0 280.0 92.0 gone
5604.0 20880.0 456.0 120.0 quicker
6132.0 20884.0 268.0 96.0 than
6480.0 20908.0 64.0 68.0 a

3572.0 21016.0 288.0 104.0 buck
3944.0 21028.0 432.0 112.0 private
4448.0 21028.0 512.0 116.0 jumping
5032.0 21028.0 116.0 96.0 to
5220.0 21028.0 584.0 100.0 attention.

3760.0 21332.0 1312.0 108.0 DISAPPOINTMENT
5100.0 21356.0 24.0 72.0 :
5220.0 21344.0 432.0 96.0 Seldom
5712.0 21344.0 196.0 100.0 has
5964.0 21368.0 64.0 72.0 a
6084.0 21348.0 464.0 100.0 Senator

3576.0 21484.0 344.0 100.0 taken
3984.0 21484.0 384.0 96.0 defeat
4420.0 21508.0 120.0 72.0 so
4596.0 21484.0 276.0 96.0 hard
4928.0 21508.0 128.0 76.0 as
5116.0 21488.0 288.0 100.0 GOP
5460.0 21484.0 568.0 100.0 freshman
6084.0 21488.0 468.0 96.0 Senator

3576.0 21624.0 292.0 104.0 Kem
3972.0 21632.0 116.0 92.0 of
4192.0 21624.0 516.0 100.0 Missouri
4812.0 21648.0 264.0 76.0 over
5180.0 21628.0 168.0 96.0 his
5448.0 21628.0 468.0 96.0 demand
6020.0 21628.0 248.0 96.0 that
6368.0 21632.0 188.0 96.0 the

3572.0 21764.0 456.0 100.0 Kansas
4104.0 21764.0 256.0 116.0 City
4424.0 21772.0 252.0 96.0 vote
4752.0 21764.0 392.0 104.0 frauds
5228.0 21768.0 124.0 96.0 be
5432.0 21764.0 760.0 120.0 Investigated.
6264.0 21772.0 288.0 92.0 Kem

3572.0 21932.0 236.0 72.0 was
3904.0 21932.0 260.0 92.0 espe
4280.0 21904.0 220.0 124.0 ally
4588.0 21912.0 432.0 124.0 wrathy
5112.0 21912.0 120.0 92.0 at
5324.0 21912.0 172.0 96.0 his
5592.0 21908.0 356.0 104.0 fellow
6036.0 21908.0 476.0 124.0 Republi-

3580.0 22076.0 236.0 80.0 can,
3932.0 22052.0 476.0 96.0 Senator
4512.0 22052.0 436.0 112.0 Langer
5060.0 22056.0 120.0 96.0 of
5284.0 22052.0 364.0 100.0 North
5756.0 22052.0 468.0 116.0 Dakota,
6332.0 22056.0 216.0 100.0 and

3576.0 22192.0 412.0 116.0 during
4080.0 22220.0 208.0 76.0 one
4388.0 22192.0 396.0 96.0 Senate
4888.0 22192.0 400.0 100.0 debate
5380.0 22196.0 524.0 116.0 virtually
5996.0 22196.0 552.0 100.0 disowned

3584.0 22336.0 228.0 96.0 him
3888.0 22360.0 128.0 80.0 as
4092.0 22360.0 68.0 72.0 a
4232.0 22340.0 488.0 96.0 member
4792.0 22344.0 116.0 100.0 of
4984.0 22340.0 188.0 92.0 the
5244.0 22340.0 380.0 100.0 Grand
5696.0 22336.0 200.0 96.0 Old
5964.0 22332.0 348.0 128.0 Party
6380.0 22340.0 132.0 96.0 be-

3580.0 22504.0 336.0 72.0 cause
4012.0 22476.0 440.0 120.0 Langer
4544.0 22484.0 240.0 88.0 cast
4880.0 22480.0 176.0 96.0 his
5148.0 22484.0 256.0 96.0 vote
5500.0 22480.0 108.0 100.0 In
5704.0 22484.0 188.0 92.0 the
5980.0 22480.0 572.0 120.0 Judiciary

3580.0 22620.0 672.0 100.0 Committee
4328.0 22628.0 444.0 108.0 against
4852.0 22624.0 188.0 96.0 the
5120.0 22624.0 452.0 96.0 Kansas
5644.0 22624.0 248.0 116.0 City
5964.0 22624.0 472.0 124.0 Inquiry.

3768.0 22792.0 736.0 120.0 Deep-voiced
4592.0 22792.0 472.0 100.0 Senator
5140.0 22800.0 588.0 112.0 Johnston,
5808.0 22800.0 344.0 96.0 South
6232.0 22796.0 288.0 104.0 Caro-

3580.0 22932.0 236.0 104.0 lina
3888.0 22936.0 632.0 120.0 Democrat,
4592.0 22940.0 428.0 100.0 started
5100.0 22944.0 188.0 100.0 the
5360.0 22936.0 396.0 100.0 debate
5828.0 22940.0 140.0 116.0 by
6036.0 22944.0 484.0 96.0 thunder-

3568.0 23064.0 256.0 136.0 ing:
3892.0 23084.0 120.0 100.0 "I
4076.0 23080.0 416.0 104.0 believe
4556.0 23084.0 312.0 96.0 there
4932.0 23108.0 192.0 76.0 are
5192.0 23084.0 112.0 104.0 In
5368.0 23084.0 188.0 96.0 the
5612.0 23080.0 576.0 128.0 Judiciary
6240.0 23084.0 276.0 100.0 Com-

3584.0 23232.0 388.0 92.0 mittee
4048.0 23256.0 72.0 72.0 a
4196.0 23224.0 520.0 120.0 majority
4788.0 23232.0 116.0 92.0 of
4980.0 23224.0 780.0 120.0 Republicans.
5860.0 23224.0 112.0 100.0 Is
6044.0 23228.0 252.0 100.0 that
6360.0 23236.0 200.0 92.0 not

3588.0 23364.0 392.0 100.0 true?"

3768.0 23508.0 424.0 104.0 "There
4296.0 23536.0 188.0 72.0 are
4592.0 23516.0 112.0 92.0 at
4808.0 23512.0 288.0 96.0 least
5200.0 23512.0 164.0 100.0 six
5468.0 23508.0 744.0 120.0 Republicans
6308.0 23516.0 252.0 100.0 who

3584.0 23656.0 256.0 100.0 vote
3900.0 23656.0 724.0 116.0 customarily
4680.0 23656.0 272.0 100.0 with
5012.0 23656.0 192.0 96.0 the
5268.0 23652.0 412.0 124.0 party,"
5716.0 23656.0 484.0 100.0 retorted
6240.0 23660.0 320.0 96.0 Kem.

3776.0 23796.0 204.0 100.0 "So
4056.0 23800.0 192.0 96.0 the
4324.0 23800.0 464.0 100.0 Senator
4864.0 23800.0 96.0 96.0 Is
5032.0 23796.0 204.0 100.0 not
5308.0 23796.0 524.0 124.0 claiming
5904.0 23824.0 200.0 72.0 one
6176.0 23800.0 124.0 96.0 of
6372.0 23804.0 188.0 96.0 the

3584.0 23936.0 764.0 124.0 Republicans
4416.0 23964.0 144.0 76.0 on
4628.0 23944.0 188.0 96.0 the
4892.0 23936.0 732.0 112.0 committee,"
5696.0 23940.0 456.0 100.0 boomed
6220.0 23944.0 296.0 100.0 John-

3596.0 24092.0 288.0 92.0 ston.
4032.0 24084.0 452.0 96.0 "...
4584.0 24084.0 284.0 120.0 Why
4956.0 24084.0 260.0 96.0 does
5300.0 24084.0 188.0 96.0 th"
5576.0 24080.0 460.0 100.0 Senator
6116.0 24108.0 200.0 96.0 say
6400.0 24088.0 164.0 92.0 six

3596.0 24228.0 320.0 92.0 when
4032.0 24224.0 316.0 96.0 there
4464.0 24244.0 184.0 76.0 are
4760.0 24244.0 336.0 72.0 seven
5216.0 24216.0 740.0 124.0 Republicans
6068.0 24244.0 132.0 76.0 on
6320.0 24228.0 248.0 96.0 that

3596.0 24356.0 780.0 104.0 committee?"

3780.0 24500.0 368.0 112.0 "Well,
4240.0 24500.0 312.0 100.0 there
4648.0 24520.0 252.0 100.0 may
4996.0 24504.0 132.0 100.0 be
5224.0 24496.0 416.0 120.0 seven,"
5732.0 24500.0 420.0 124.0 hedged
6244.0 24504.0 320.0 100.0 Kem.

3596.0 24640.0 420.0 104.0 "There
4096.0 24668.0 188.0 76.0 are
4360.0 24648.0 124.0 96.0 at
4556.0 24648.0 280.0 96.0 least
4912.0 24644.0 264.0 100.0 six."

3776.0 24816.0 280.0 100.0 New
4124.0 24816.0 512.0 100.0 Mexico's
4708.0 24824.0 256.0 100.0 Carl
5028.0 24820.0 408.0 120.0 Hatch,
5508.0 24824.0 232.0 100.0 also
5804.0 24844.0 68.0 76.0 a
5936.0 24816.0 628.0 128.0 Democrat,

3592.0 24952.0 516.0 124.0 inquired
4184.0 24960.0 508.0 120.0 bitlngly:

3780.0 25104.0 276.0 100.0 "Am
4152.0 25100.0 56.0 96.0 I
4308.0 25104.0 112.0 100.0 to
4524.0 25104.0 692.0 100.0 understand
5320.0 25104.0 292.0 100.0 from
5716.0 25108.0 184.0 100.0 the
5996.0 25116.0 572.0 116.0 questions

3596.0 25244.0 224.0 100.0 and
3896.0 25268.0 500.0 76.0 answers
4468.0 25248.0 248.0 96.0 that
4792.0 25248.0 84.0 96.0 it
4956.0 25248.0 92.0 100.0 Is
5116.0 25244.0 196.0 104.0 the
5384.0 25248.0 444.0 116.0 opinion
5900.0 25252.0 120.0 100.0 of
6092.0 25256.0 188.0 100.0 the
6352.0 25256.0 172.0 100.0 dis-

3592.0 25384.0 648.0 124.0 tinguished
4356.0 25388.0 220.0 100.0 and
4696.0 25384.0 244.0 100.0 able
5060.0 25388.0 472.0 100.0 Senator
5640.0 25392.0 292.0 104.0 from
6044.0 25392.0 524.0 108.0 Missouri

3600.0 25536.0 252.0 92.0 that
3936.0 25528.0 324.0 96.0 when
4348.0 25552.0 204.0 76.0 one
4632.0 25532.0 496.0 100.0 member
5212.0 25536.0 120.0 96.0 of
5412.0 25532.0 172.0 100.0 his
5668.0 25540.0 316.0 116.0 party
6068.0 25544.0 500.0 116.0 happens

3596.0 25680.0 116.0 92.0 to
3812.0 25672.0 432.0 100.0 deviate
4344.0 25672.0 292.0 96.0 from
4732.0 25676.0 192.0 96.0 the
5024.0 25676.0 332.0 116.0 party
5448.0 25672.0 220.0 100.0 line
5760.0 25680.0 216.0 92.0 and
6072.0 25688.0 248.0 96.0 vote
6420.0 25708.0 148.0 76.0 an

3596.0 25816.0 752.0 116.0 independent
4436.0 25820.0 248.0 92.0 vote
4772.0 25812.0 344.0 100.0 based
5204.0 25840.0 292.0 96.0 upon
5580.0 25816.0 176.0 104.0 his
5836.0 25816.0 396.0 104.0 honest
6316.0 25848.0 208.0 76.0 con-

3596.0 25956.0 512.0 112.0 victions,
4196.0 25956.0 272.0 96.0 such
4552.0 25980.0 64.0 76.0 a
4700.0 25980.0 260.0 76.0 man
5052.0 25960.0 92.0 96.0 is
5228.0 25980.0 140.0 84.0 no
5444.0 25956.0 384.0 116.0 longer
5904.0 25968.0 116.0 96.0 to
6104.0 25964.0 128.0 96.0 be
6316.0 25992.0 208.0 72.0 con-

3600.0 26100.0 436.0 96.0 sidered
4104.0 26124.0 72.0 76.0 a
4240.0 26100.0 672.0 100.0 memberof
4976.0 26100.0 192.0 96.0 the
5232.0 26096.0 688.0 124.0 Republican
5976.0 26108.0 468.0 116.0 party?"

3784.0 26268.0 116.0 104.0 "I
4008.0 26268.0 136.0 100.0 do
4256.0 26280.0 192.0 88.0 not
4552.0 26276.0 324.0 96.0 know
4984.0 26276.0 308.0 96.0 what
5396.0 26276.0 52.0 100.0 I
5552.0 26272.0 236.0 104.0 said
5892.0 26280.0 248.0 96.0 that
6248.0 26284.0 316.0 96.0 could

3596.0 26412.0 496.0 116.0 possibly
4184.0 26412.0 244.0 116.0 give
4524.0 26416.0 188.0 96.0 the
4808.0 26416.0 816.0 116.0 distinguished
5716.0 26424.0 464.0 96.0 Senator
6272.0 26428.0 292.0 96.0 from

3596.0 26552.0 272.0 100.0 New
3996.0 26552.0 428.0 100.0 Mexico
4544.0 26556.0 268.0 96.0 such
4936.0 26584.0 144.0 72.0 an
5212.0 26556.0 736.0 124.0 impression,"
6072.0 26564.0 492.0 100.0 fumbled

3604.0 26700.0 312.0 92.0 Kem.
4032.0 26696.0 108.0 100.0 "I
4212.0 26700.0 364.0 96.0 stated
4652.0 26700.0 244.0 96.0 that
4968.0 26724.0 140.0 76.0 on
5184.0 26700.0 188.0 96.0 the
5444.0 26700.0 396.0 100.0 Senate
5908.0 26704.0 660.0 104.0 Committee

3604.0 26860.0 136.0 72.0 on
3828.0 26840.0 184.0 96.0 the
4096.0 26832.0 572.0 128.0 Judiciary
4748.0 26844.0 312.0 96.0 there
5144.0 26864.0 280.0 76.0 were
5504.0 26848.0 116.0 92.0 at
5692.0 26844.0 280.0 100.0 least
6044.0 26852.0 164.0 96.0 six
6288.0 26852.0 280.0 116.0 good

3608.0 26976.0 848.0 120.0 Republicans."

3792.0 27124.0 288.0 96.0 "The
4172.0 27124.0 672.0 116.0 implication
4944.0 27128.0 92.0 96.0 is
5128.0 27124.0 388.0 120.0 plain,"
5608.0 27132.0 472.0 100.0 retorted
6168.0 27132.0 400.0 104.0 Hutch.

3788.0 27256.0 468.0 132.0 Langer,
4408.0 27268.0 244.0 92.0 who
4800.0 27268.0 216.0 96.0 had
5172.0 27264.0 268.0 104.0 been
5592.0 27272.0 512.0 116.0 grinning
6252.0 27280.0 280.0 112.0 good-

3608.0 27408.0 596.0 116.0 naturedly
4272.0 27404.0 472.0 120.0 through
4820.0 27412.0 188.0 92.0 the
5080.0 27408.0 640.0 116.0 discussion,
5792.0 27420.0 308.0 96.0 could
6176.0 27424.0 188.0 92.0 not
6428.0 27424.0 148.0 96.0 sit

3612.0 27552.0 224.0 92.0 still
3900.0 27572.0 220.0 92.0 any
4184.0 27548.0 404.0 116.0 longer.

3796.0 27688.0 288.0 100.0 "For
4152.0 27692.0 192.0 96.0 the
4412.0 27688.0 472.0 112.0 record,"
4948.0 27692.0 140.0 96.0 he
5156.0 27692.0 720.0 124.0 interrupted,
5944.0 27704.0 104.0 96.0 "I
6120.0 27704.0 272.0 96.0 wish
6460.0 27712.0 116.0 88.0 to

3616.0 27840.0 292.0 92.0 state
4008.0 27836.0 252.0 92.0 that
4348.0 27832.0 188.0 100.0 the
4628.0 27836.0 756.0 116.0 Republicans
5476.0 27844.0 116.0 96.0 of
5688.0 27848.0 344.0 100.0 North
6132.0 27848.0 448.0 100.0 Dakota

3612.0 27976.0 440.0 96.0 carried
4132.0 27976.0 188.0 100.0 the
4404.0 27980.0 284.0 92.0 stat-
4764.0 27976.0 180.0 100.0 for
5024.0 27972.0 208.0 112.0 Mr.
5304.0 27976.0 440.0 108.0 Wlllkle
5820.0 27984.0 108.0 104.0 In
6012.0 27992.0 268.0 112.0 1940,
6356.0 27992.0 220.0 96.0 and

3612.0 28120.0 268.0 112.0 they
3952.0 28116.0 436.0 100.0 carried
4460.0 28120.0 92.0 96.0 it
4616.0 28116.0 180.0 100.0 for
4868.0 28124.0 408.0 120.0 Dewey
5348.0 28124.0 124.0 96.0 at
5536.0 28124.0 188.0 96.0 the
5792.0 28120.0 212.0 108.0 last
6076.0 28132.0 500.0 100.0 national

3616.0 28256.0 508.0 108.0 election.
4212.0 28256.0 304.0 132.0 They
4548.0 28248.0 212.0 132.0 ire
4816.0 28264.0 284.0 124.0 good
5156.0 28268.0 772.0 124.0 Republicans.

7648.0 3056.0 320.0 784.0 1
8832.0 2616.0 1184.0 1232.0 fk

6816.0 5568.0 416.0 352.0 ss
9328.0 5520.0 1744.0 560.0 fW

7024.0 9064.0 60.0 48.0 1
7200.0 9056.0 20.0 56.0 I
7492.0 9056.0 156.0 56.0 1t-
8356.0 9056.0 88.0 56.0 S
8968.0 9056.0 528.0 56.0 -'T-7-SSv
9644.0 9056.0 80.0 56.0 1.
9864.0 9056.0 32.0 16.0 -
10136.0 9068.0 60.0 44.0 u
10384.0 9056.0 80.0 56.0 "7
10948.0 9056.0 116.0 56.0 IV
11124.0 9096.0 16.0 16.0 .
11388.0 9056.0 244.0 56.0 J.tUW

9004.0 9120.0 484.0 80.0 M,'W3
9796.0 9180.0 12.0 20.0 ,
10212.0 9120.0 192.0 80.0 .-V
10452.0 9184.0 44.0 16.0 ..
10540.0 9124.0 224.0 76.0 .'.ii,
10824.0 9120.0 516.0 80.0 ,,iM,.vg'i
11392.0 9120.0 320.0 80.0 ii'tKi,.

8956.0 9200.0 104.0 144.0 ij
9276.0 9200.0 116.0 120.0 Xfi
9776.0 9200.0 84.0 88.0 .m
10072.0 9200.0 448.0 96.0 -nniitl
10644.0 9200.0 124.0 104.0 W
10772.0 9200.0 1080.0 144.0 tWMWJHWW

10624.0 9692.0 476.0 88.0 Copyrlsht.
11160.0 9688.0 96.0 80.0 N.
11324.0 9692.0 96.0 76.0 Y.
11480.0 9692.0 388.0 84.0 Tribune,
11932.0 9692.0 172.0 72.0 Int.

7072.0 10072.0 1592.0 408.0 WEEK'S
8848.0 10072.0 1280.0 416.0 NEWS
10328.0 10056.0 400.0 408.0 IN
10920.0 10064.0 1000.0 392.0 BRIEF

6964.0 10792.0 560.0 116.0 STRIFE,
7584.0 10792.0 616.0 104.0 unrivalled
8264.0 10796.0 296.0 96.0 since
8624.0 10796.0 188.0 96.0 the
8852.0 10792.0 216.0 100.0 last
9124.0 10820.0 260.0 72.0 war.

6780.0 10936.0 352.0 96.0 flared
7224.0 10936.0 428.0 96.0 around
7736.0 10932.0 188.0 100.0 the
8008.0 10932.0 372.0 96.0 world.
8528.0 10932.0 856.0 112.0 Communiques

6792.0 11100.0 476.0 100.0 detailed
7348.0 11100.0 708.0 120.0 amphibious
8128.0 11100.0 664.0 116.0 operations,
8872.0 11096.0 184.0 96.0 the
9132.0 11096.0 256.0 96.0 first

6780.0 11252.0 300.0 96.0 since
7140.0 11248.0 380.0 100.0 World
7576.0 11252.0 264.0 96.0 War
7900.0 11248.0 136.0 108.0 II,
8076.0 11272.0 124.0 72.0 as
8240.0 11248.0 716.0 96.0 U.S.-trained
9020.0 11248.0 364.0 100.0 Dutch

6784.0 11388.0 488.0 100.0 marines
7396.0 11388.0 352.0 116.0 swept
7872.0 11388.0 392.0 96.0 ashore
8396.0 11408.0 136.0 72.0 on
8656.0 11384.0 316.0 96.0 Java.
9160.0 11384.0 232.0 96.0 The

6776.0 11520.0 756.0 100.0 Netherlands
7588.0 11520.0 732.0 120.0 government
8376.0 11520.0 232.0 96.0 also
8652.0 11516.0 424.0 104.0 started
9128.0 11516.0 260.0 100.0 land

6780.0 11660.0 220.0 96.0 and
7056.0 11660.0 168.0 96.0 air
7280.0 11660.0 380.0 96.0 action
7720.0 11660.0 440.0 116.0 against
8212.0 11660.0 188.0 104.0 the
8456.0 11656.0 668.0 100.0 Indonesian
9192.0 11660.0 160.0 92.0 Re-

6784.0 11796.0 360.0 116.0 public
7212.0 11796.0 300.0 96.0 after
7568.0 11792.0 676.0 100.0 breakdown
8304.0 11796.0 116.0 92.0 of
8480.0 11796.0 532.0 116.0 two-year
9072.0 11812.0 276.0 96.0 nego-

6788.0 11932.0 460.0 96.0 tiations
7356.0 11932.0 276.0 96.0 with
7744.0 11932.0 188.0 96.0 the
8048.0 11928.0 428.0 96.0 natives
8588.0 11928.0 180.0 96.0 for
8880.0 11924.0 464.0 120.0 indepen-

6800.0 12084.0 364.0 92.0 dence.
6960.0 12224.0 236.0 96.0 The
7312.0 12220.0 368.0 100.0 Greek
7796.0 12248.0 316.0 92.0 army
8224.0 12224.0 552.0 116.0 appeared
8888.0 12224.0 112.0 92.0 to
9112.0 12224.0 280.0 92.0 have

6780.0 12392.0 596.0 96.0 contained
7500.0 12392.0 192.0 96.0 the
7808.0 12392.0 376.0 96.0 thrust
8296.0 12392.0 120.0 96.0 of
8532.0 12392.0 220.0 96.0 two
8872.0 12388.0 524.0 120.0 guerrilla

6796.0 12528.0 360.0 92.0 forces
7232.0 12548.0 276.0 72.0 near
7572.0 12528.0 192.0 96.0 the
7828.0 12528.0 556.0 96.0 Albanian
8452.0 12524.0 400.0 96.0 border
8920.0 12524.0 216.0 96.0 and
9208.0 12528.0 188.0 92.0 the

6784.0 12672.0 400.0 92.0 almost
7252.0 12672.0 788.0 96.0 interminable
8100.0 12672.0 248.0 96.0 civil
8412.0 12696.0 232.0 72.0 war
8708.0 12672.0 484.0 108.0 dragged
9256.0 12692.0 136.0 72.0 on

6784.0 12804.0 108.0 96.0 in
6988.0 12808.0 360.0 92.0 China
7444.0 12808.0 272.0 96.0 with
7816.0 12808.0 432.0 96.0 neither
8344.0 12804.0 232.0 100.0 side
8676.0 12808.0 456.0 120.0 gaining
9224.0 12804.0 140.0 92.0 de-

6780.0 12940.0 336.0 96.0 cisive
7192.0 12940.0 672.0 116.0 advantage.

6968.0 13080.0 520.0 92.0 Machine
7584.0 13104.0 284.0 92.0 guns
7956.0 13076.0 576.0 100.0 chattered
8628.0 13076.0 108.0 104.0 In
8832.0 13080.0 188.0 96.0 the
9084.0 13080.0 312.0 116.0 'Holy

6780.0 13216.0 308.0 96.0 Land
7156.0 13240.0 128.0 72.0 as
7348.0 13212.0 440.0 100.0 Britain
7856.0 13212.0 492.0 120.0 imposed
8416.0 13216.0 344.0 96.0 house
8828.0 13224.0 360.0 88.0 arrest
9252.0 13240.0 140.0 68.0 on

6788.0 13376.0 332.0 88.0 many
7188.0 13352.0 120.0 96.0 of
7372.0 13348.0 660.0 100.0 Palestine's
8096.0 13348.0 300.0 100.0 Jews
8460.0 13360.0 220.0 96.0 and
8752.0 13352.0 184.0 96.0 the
9008.0 13348.0 348.0 96.0 under-

6784.0 13488.0 424.0 116.0 ground
7284.0 13488.0 556.0 116.0 appeared
7908.0 13516.0 136.0 68.0 on
8116.0 13488.0 188.0 96.0 the
8360.0 13500.0 340.0 104.0 Verge
8772.0 13492.0 116.0 92.0 of
8952.0 13512.0 140.0 68.0 an
9168.0 13488.0 188.0 92.0 out-

6784.0 13628.0 300.0 112.0 right
7148.0 13624.0 560.0 100.0 offensive
7776.0 13628.0 448.0 112.0 against
8284.0 13624.0 420.0 96.0 British
8780.0 13620.0 260.0 100.0 rule.
9168.0 13620.0 228.0 96.0 The

6780.0 13760.0 644.0 100.0 Immediate
7484.0 13784.0 336.0 76.0 cause
7876.0 13788.0 228.0 68.0 was
8164.0 13760.0 552.0 120.0 ramming
8776.0 13760.0 136.0 116.0 by
8976.0 13756.0 412.0 100.0 British

6784.0 13896.0 540.0 116.0 warships
7392.0 13896.0 120.0 96.0 of
7576.0 13924.0 72.0 72.0 a
7712.0 13896.0 532.0 100.0 blockade
8312.0 13920.0 412.0 72.0 runner
8788.0 13896.0 264.0 92.0 with
9120.0 13892.0 276.0 112.0 4,500

6788.0 14032.0 512.0 116.0 refugees
7360.0 14036.0 220.0 96.0 and
7644.0 14032.0 464.0 112.0 sending
8168.0 14028.0 328.0 112.0 them,
8560.0 14032.0 196.0 92.0 not
8812.0 14028.0 108.0 96.0 to
8984.0 14028.0 360.0 96.0 intern-

6788.0 14180.0 300.0 88.0 ment
7216.0 14196.0 388.0 92.0 camps
7732.0 14200.0 140.0 68.0 on
8000.0 14172.0 424.0 120.0 Cyprus
8548.0 14168.0 200.0 100.0 but
8872.0 14168.0 280.0 96.0 back
9288.0 14172.0 108.0 92.0 to

6784.0 14308.0 432.0 92.0 France
7280.0 14308.0 376.0 92.0 where
7724.0 14312.0 260.0 108.0 they
8048.0 14312.0 216.0 88.0 had
8336.0 14304.0 632.0 92.0 embarked.

6976.0 14436.0 428.0 88.0 Burma
7492.0 14456.0 240.0 68.0 was
7824.0 14460.0 68.0 64.0 a
7984.0 14432.0 440.0 108.0 powder
8516.0 14432.0 216.0 104.0 keg
8828.0 14432.0 296.0 92.0 after
9216.0 14432.0 192.0 88.0 the

6792.0 14556.0 792.0 112.0 machine-gun
7660.0 14580.0 564.0 72.0 massacre
8300.0 14564.0 112.0 92.0 of
8484.0 14560.0 312.0 112.0 eight
8864.0 14560.0 536.0 88.0 Burmese

6796.0 14700.0 428.0 92.0 council
7304.0 14700.0 604.0 92.0 ministers.

6980.0 14900.0 400.0 104.0 OPEN
7496.0 14896.0 716.0 112.0 WARFARE
8304.0 14904.0 104.0 92.0 In
8500.0 14904.0 592.0 96.0 Indonesia
9176.0 14924.0 232.0 72.0 was

6796.0 15040.0 728.0 116.0 particularly
7600.0 15044.0 568.0 108.0 shocking.
8304.0 15040.0 224.0 96.0 The
8608.0 15040.0 484.0 120.0 republic
9172.0 15064.0 196.0 88.0 pro-

6796.0 15180.0 356.0 96.0 tested
7236.0 15180.0 188.0 92.0 the
7504.0 15180.0 368.0 96.0 Dutch
7952.0 15176.0 584.0 96.0 hostilities
8616.0 15188.0 112.0 84.0 to
8804.0 15180.0 188.0 88.0 the
9068.0 15176.0 336.0 92.0 world

6804.0 15312.0 216.0 96.0 and
7112.0 15316.0 240.0 92.0 also
7444.0 15316.0 344.0 92.0 asked
7880.0 15316.0 428.0 96.0 Britain
8408.0 15316.0 216.0 92.0 and
8724.0 15312.0 184.0 96.0 the
9000.0 15304.0 404.0 100.0 United

6804.0 15460.0 368.0 92.0 States
7260.0 15464.0 112.0 88.0 to
7460.0 15456.0 584.0 96.0 intercede.

6976.0 15600.0 92.0 96.0 A
7172.0 15600.0 220.0 92.0 few
7500.0 15604.0 444.0 92.0 months
8052.0 15628.0 208.0 88.0 ago
8368.0 15604.0 184.0 96.0 the
8652.0 15600.0 752.0 100.0 Netherlands

6792.0 15740.0 736.0 108.0 government
7596.0 15764.0 228.0 68.0 was
7892.0 15736.0 324.0 120.0 being
8284.0 15740.0 360.0 92.0 hailed
8716.0 15744.0 172.0 92.0 for
8956.0 15740.0 140.0 92.0 its
9168.0 15760.0 192.0 92.0 pro-

6792.0 15876.0 492.0 108.0 gressive
7376.0 15876.0 480.0 92.0 attitude
7948.0 15876.0 108.0 92.0 in
8144.0 15876.0 528.0 108.0 agreeing
8756.0 15900.0 140.0 76.0 on
8988.0 15896.0 68.0 72.0 a
9144.0 15872.0 256.0 120.0 plan

6796.0 16008.0 176.0 92.0 for
7052.0 16032.0 68.0 72.0 a
7200.0 16008.0 412.0 100.0 United
7696.0 16012.0 372.0 92.0 States
8152.0 16012.0 116.0 92.0 of
8356.0 16012.0 592.0 92.0 Indonesia
9036.0 16016.0 108.0 88.0 to
9228.0 16012.0 132.0 92.0 be-

6792.0 16164.0 308.0 76.0 come
7168.0 16144.0 660.0 116.0 completely
7896.0 16144.0 744.0 116.0 independent
8708.0 16152.0 108.0 92.0 in
8888.0 16140.0 264.0 100.0 1949.

6976.0 16280.0 696.0 96.0 Difficulties
7752.0 16308.0 652.0 72.0 aroseover
8484.0 16284.0 184.0 96.0 the
8748.0 16308.0 464.0 76.0 manner
9288.0 16280.0 116.0 96.0 of

6792.0 16420.0 444.0 116.0 putting
7320.0 16420.0 248.0 96.0 that
7656.0 16420.0 256.0 112.0 plan
7996.0 16420.0 228.0 92.0 into
8308.0 16420.0 376.0 96.0 effort.
8832.0 16416.0 520.0 116.0 Through-

6796.0 16560.0 192.0 92.0 out
7060.0 16560.0 192.0 92.0 the
7332.0 16556.0 216.0 92.0 two
7628.0 16580.0 324.0 88.0 years
8032.0 16552.0 116.0 96.0 of
8232.0 16556.0 768.0 112.0 negotiations,
9088.0 16556.0 312.0 92.0 there

6788.0 16712.0 288.0 72.0 were
7156.0 16692.0 516.0 112.0 sporadic
7752.0 16688.0 596.0 96.0 outbreaks
8432.0 16696.0 112.0 92.0 of
8620.0 16688.0 512.0 116.0 fighting,
9212.0 16692.0 188.0 88.0 tho

6788.0 16824.0 604.0 120.0 politically
7516.0 16824.0 588.0 96.0 Immature
8220.0 16828.0 432.0 92.0 natives
8772.0 16828.0 320.0 92.0 taxed
9216.0 16828.0 188.0 92.0 the

6796.0 16964.0 500.0 112.0 patience
7380.0 16960.0 120.0 96.0 of
7580.0 16964.0 188.0 92.0 the
7844.0 16960.0 368.0 96.0 Dutch
8296.0 16964.0 140.0 112.0 by
8520.0 16964.0 628.0 120.0 increasing
9232.0 16960.0 128.0 92.0 de-

6796.0 17100.0 420.0 104.0 mands,
7320.0 17092.0 148.0 116.0 by
7572.0 17096.0 500.0 116.0 refusing
8172.0 17100.0 112.0 88.0 to
8388.0 17100.0 196.0 112.0 put
8688.0 17096.0 312.0 92.0 down
9112.0 17092.0 288.0 96.0 their

6788.0 17256.0 304.0 76.0 arms
7228.0 17260.0 124.0 68.0 or
7488.0 17240.0 416.0 92.0 release
8040.0 17236.0 288.0 96.0 their
8464.0 17236.0 524.0 116.0 hostages
9128.0 17240.0 276.0 92.0 until

6792.0 17376.0 660.0 116.0 everything
7560.0 17396.0 228.0 72.0 was
7896.0 17372.0 416.0 116.0 signed,
8424.0 17376.0 368.0 92.0 scaled
8904.0 17376.0 212.0 92.0 and
9236.0 17372.0 128.0 96.0 de-

6792.0 17508.0 444.0 96.0 livered.
6976.0 17640.0 272.0 100.0 Last
7344.0 17644.0 456.0 116.0 Sunday
7896.0 17648.0 188.0 92.0 the
8180.0 17644.0 368.0 96.0 Dutch
8648.0 17648.0 416.0 116.0 opened
9172.0 17652.0 196.0 88.0 hos-

6792.0 17784.0 388.0 96.0 tilities
7260.0 17780.0 144.0 116.0 by
7480.0 17784.0 512.0 112.0 pressing
8068.0 17780.0 288.0 108.0 land,
8436.0 17808.0 196.0 68.0 sea
8708.0 17788.0 216.0 88.0 and
9008.0 17784.0 168.0 92.0 air
9252.0 17788.0 112.0 88.0 at-

6792.0 17920.0 348.0 92.0 tacks.
7320.0 17920.0 416.0 112.0 Acting
7844.0 17916.0 1096.0 96.0 Governor-General
9056.0 17924.0 132.0 92.0 H.
9308.0 17916.0 100.0 96.0 J.

6792.0 18056.0 244.0 96.0 Van
7128.0 18056.0 340.0 96.0 Mook
7564.0 18056.0 568.0 96.0 described
8228.0 18056.0 84.0 96.0 it
8408.0 18080.0 120.0 72.0 as
8624.0 18052.0 340.0 96.0 "local
9064.0 18052.0 344.0 116.0 police

6796.0 18192.0 468.0 96.0 action."

6980.0 18332.0 372.0 92.0 Dutch
7460.0 18328.0 332.0 116.0 pilots
7888.0 18328.0 112.0 96.0 In
8096.0 18324.0 924.0 100.0 American-built
9124.0 18328.0 248.0 96.0 Mus-

6800.0 18472.0 268.0 112.0 tang
7136.0 18468.0 360.0 104.0 (P-51)
7568.0 18468.0 220.0 96.0 and
7848.0 18468.0 648.0 112.0 Kittyhawk
8568.0 18464.0 356.0 104.0 (P-40)
8992.0 18460.0 424.0 120.0 fighter

6800.0 18604.0 380.0 120.0 planes
7280.0 18604.0 436.0 96.0 strafed
7820.0 18604.0 368.0 92.0 native
8288.0 18600.0 508.0 96.0 airfields
8892.0 18624.0 140.0 68.0 on
9132.0 18604.0 276.0 92.0 Java

6804.0 18736.0 212.0 100.0 and
7088.0 18740.0 560.0 96.0 Sumatra.
7776.0 18740.0 108.0 96.0 It
7944.0 18764.0 228.0 68.0 was
8240.0 18764.0 64.0 68.0 a
8376.0 18740.0 568.0 92.0 defensive
9012.0 18736.0 400.0 108.0 action,

6800.0 18880.0 368.0 96.0 Dutch
7252.0 18876.0 668.0 96.0 authorities
7996.0 18872.0 272.0 108.0 said,
8356.0 18876.0 112.0 92.0 to
8556.0 18876.0 460.0 112.0 prevent
9096.0 18864.0 280.0 100.0 Indo-

6804.0 19016.0 444.0 96.0 nesians
7380.0 19016.0 300.0 96.0 from
7804.0 19008.0 584.0 120.0 attacking
8520.0 19008.0 368.0 100.0 Dutch
9024.0 19000.0 392.0 120.0 supply

6804.0 19156.0 936.0 92.0 concentrations.
7856.0 19148.0 232.0 96.0 The
8144.0 19144.0 672.0 96.0 Indonesian
8880.0 19140.0 536.0 116.0 Republic

6800.0 19316.0 224.0 72.0 was
7092.0 19292.0 412.0 92.0 known
7572.0 19292.0 112.0 92.0 to
7756.0 19284.0 280.0 96.0 have
8104.0 19276.0 884.0 120.0 approximately
9052.0 19276.0 116.0 96.0 40
9240.0 19272.0 172.0 96.0 old

6800.0 19424.0 552.0 120.0 Japanese
7432.0 19420.0 412.0 116.0 planes.

6984.0 19560.0 364.0 96.0 About
7468.0 19560.0 272.0 112.0 7,000
7856.0 19556.0 116.0 96.0 of
8088.0 19556.0 184.0 92.0 the
8396.0 19552.0 528.0 112.0 invading
9044.0 19548.0 364.0 96.0 Dutcn

6804.0 19700.0 484.0 92.0 marines
7392.0 19716.0 288.0 72.0 were
7788.0 19692.0 432.0 96.0 trained
8324.0 19692.0 216.0 88.0 and
8652.0 19688.0 536.0 112.0 equipped
9296.0 19688.0 116.0 88.0 at

6804.0 19840.0 344.0 112.0 Camp
7208.0 19832.0 516.0 116.0 Lejeune,
7792.0 19828.0 128.0 100.0 N.
7984.0 19828.0 140.0 108.0 C,
8192.0 19828.0 108.0 96.0 in
8360.0 19820.0 272.0 100.0 1945.
8760.0 19824.0 300.0 108.0 They
9132.0 19840.0 280.0 68.0 wcro

9588.0 10792.0 368.0 100.0 Issued
10036.0 10796.0 180.0 92.0 the
10296.0 10812.0 304.0 72.0 same
10684.0 10784.0 644.0 116.0 equipment
11404.0 10808.0 120.0 72.0 as
11604.0 10804.0 64.0 76.0 a
11740.0 10784.0 456.0 112.0 brigade

9588.0 10928.0 120.0 96.0 of
9772.0 10932.0 124.0 96.0 U.
9968.0 10924.0 96.0 100.0 S.
10136.0 10928.0 520.0 96.0 Marines.
10788.0 10924.0 292.0 96.0 That
11148.0 10920.0 356.0 96.0 would
11576.0 10920.0 436.0 100.0 Include
12084.0 10920.0 116.0 96.0 15

9588.0 11068.0 364.0 108.0 tanks,
10044.0 11064.0 112.0 96.0 12
10240.0 11064.0 620.0 104.0 howitzers,
10948.0 11056.0 612.0 100.0 automatic
11648.0 11080.0 548.0 92.0 weapons,

9596.0 11200.0 508.0 96.0 machine
10208.0 11220.0 316.0 96.0 guns,
10632.0 11196.0 516.0 104.0 mortars,
11256.0 11192.0 524.0 96.0 antitank
11884.0 11216.0 312.0 92.0 guns,

9588.0 11344.0 344.0 100.0 flame
10048.0 11340.0 544.0 100.0 throwers
10708.0 11340.0 220.0 100.0 and
11052.0 11340.0 396.0 96.0 mobile
11564.0 11336.0 636.0 124.0 equipment

9592.0 11484.0 272.0 92.0 such
9928.0 11504.0 124.0 76.0 as
10108.0 11484.0 308.0 116.0 Jeeps
10484.0 11480.0 220.0 96.0 and
10768.0 11472.0 704.0 104.0 half-tracks.

9728.0 11712.0 164.0 104.0 AS
9992.0 11704.0 720.0 108.0 MEMBERS
10812.0 11712.0 120.0 96.0 of
11032.0 11712.0 188.0 96.0 the
11352.0 11712.0 504.0 96.0 House
11988.0 11700.0 216.0 108.0 and

9600.0 11860.0 556.0 100.0 Senate
10288.0 11860.0 388.0 120.0 girded
10812.0 11860.0 292.0 92.0 their
11204.0 11856.0 620.0 116.0 legislative
11924.0 11856.0 280.0 96.0 loins

9596.0 12008.0 304.0 112.0 early
10012.0 12004.0 224.0 100.0 this
10316.0 12008.0 348.0 92.0 .week
10784.0 12004.0 180.0 96.0 for
11076.0 12004.0 828.0 112.0 adjournment,
12020.0 12000.0 188.0 96.0 tho

9596.0 12140.0 580.0 100.0 President
10272.0 12100.0 552.0 136.0 delivered
10924.0 12144.0 476.0 92.0 another
11492.0 12164.0 512.0 92.0 message
12100.0 12144.0 112.0 92.0 to

9596.0 12276.0 576.0 116.0 Congress.
10312.0 12276.0 424.0 96.0 TJnlike
10840.0 12280.0 172.0 88.0 his
11112.0 12276.0 380.0 96.0 recent
11580.0 12280.0 260.0 92.0 veto
11940.0 12296.0 228.0 72.0 mes-

9600.0 12436.0 324.0 80.0 sages
10000.0 12436.0 140.0 72.0 on
10216.0 12412.0 192.0 96.0 the
10484.0 12416.0 192.0 92.0 tax
10756.0 12416.0 216.0 92.0 and
11060.0 12412.0 312.0 100.0 labor
11456.0 12408.0 276.0 112.0 bills,
11820.0 12416.0 84.0 92.0 it
11988.0 12432.0 224.0 72.0 was

9600.0 12548.0 240.0 92.0 well
9928.0 12548.0 492.0 96.0 received
10508.0 12572.0 140.0 72.0 on
10736.0 12548.0 432.0 116.0 Capitol
11256.0 12544.0 256.0 100.0 Hill.
11660.0 12548.0 208.0 96.0 Mr.
11948.0 12544.0 220.0 96.0 Tru-

9600.0 12704.0 264.0 72.0 man
9944.0 12684.0 508.0 112.0 reported
10536.0 12684.0 192.0 92.0 the
10816.0 12684.0 476.0 96.0 nation's
11380.0 12700.0 528.0 96.0 economy
11996.0 12676.0 212.0 100.0 had
12260.0 12736.0 28.0 32.0 .

9600.0 12816.0 400.0 120.0 surged
10092.0 12820.0 112.0 92.0 to
10292.0 12844.0 68.0 68.0 a
10448.0 12820.0 516.0 112.0 pinnacle
11052.0 12816.0 120.0 96.0 of
11256.0 12812.0 956.0 120.0 "unprecedented

9604.0 12952.0 680.0 120.0 prosperity"
10392.0 12956.0 224.0 92.0 and
10728.0 12956.0 248.0 96.0 that
11088.0 12952.0 232.0 100.0 this
11428.0 12956.0 476.0 116.0 country
12016.0 12952.0 200.0 92.0 has

9604.0 13092.0 252.0 100.0 "the
9948.0 13088.0 408.0 104.0 richest
10440.0 13084.0 224.0 100.0 and
10752.0 13088.0 288.0 92.0 most
11132.0 13084.0 536.0 116.0 powerful
11760.0 13084.0 412.0 124.0 ptoduc-

9604.0 13232.0 224.0 96.0 tlve
9900.0 13232.0 508.0 92.0 machine
10476.0 13252.0 264.0 76.0 ever
10804.0 13228.0 544.0 96.0 devised."

9788.0 13368.0 228.0 96.0 The
10100.0 13364.0 588.0 100.0 President
10776.0 13364.0 480.0 108.0 warned,
11348.0 13368.0 536.0 108.0 however,
11972.0 13368.0 240.0 96.0 that

9604.0 13500.0 188.0 96.0 the
9868.0 13504.0 556.0 92.0 economic
10504.0 13500.0 532.0 96.0 situation
11120.0 13524.0 228.0 72.0 was
11424.0 13500.0 576.0 100.0 sustained
12084.0 13504.0 132.0 112.0 by

9604.0 13640.0 456.0 116.0 pent-up
10164.0 13636.0 508.0 96.0 wartime
10772.0 13656.0 588.0 76.0 consumer
11464.0 13636.0 508.0 108.0 demand,
12084.0 13632.0 132.0 116.0 by

9604.0 13772.0 356.0 116.0 heavy
10032.0 13796.0 196.0 72.0 use
10300.0 13776.0 116.0 96.0 of
10492.0 13772.0 456.0 108.0 savings
11020.0 13768.0 220.0 100.0 and
11316.0 13768.0 384.0 120.0 credit,
11780.0 13768.0 220.0 100.0 and
12076.0 13768.0 140.0 120.0 by

9604.0 13932.0 68.0 72.0 a
9744.0 13908.0 284.0 112.0 huge
10100.0 13932.0 380.0 72.0 excess
10552.0 13908.0 116.0 96.0 of
10740.0 13912.0 448.0 108.0 exports
11256.0 13932.0 264.0 72.0 over
11592.0 13904.0 500.0 120.0 imports.

9784.0 14036.0 352.0 108.0 These
10232.0 14068.0 192.0 76.0 are
10516.0 14044.0 640.0 116.0 temporary
11256.0 14064.0 356.0 96.0 props,
11712.0 14048.0 136.0 92.0 he
11948.0 14032.0 264.0 120.0 said,

9600.0 14180.0 220.0 100.0 and
9896.0 14204.0 124.0 76.0 as
10088.0 14180.0 260.0 116.0 they
10420.0 14180.0 464.0 92.0 weaken
10956.0 14184.0 312.0 88.0 there
11340.0 14180.0 296.0 96.0 must
11708.0 14184.0 136.0 96.0 be
11912.0 14180.0 300.0 92.0 basic

9604.0 14320.0 876.0 112.0 readjustments
10552.0 14320.0 116.0 88.0 to
10740.0 14316.0 544.0 108.0 complete
11356.0 14320.0 192.0 84.0 the
11616.0 14312.0 600.0 92.0 transition

9612.0 14444.0 120.0 92.0 to
9844.0 14472.0 68.0 64.0 a
10012.0 14448.0 356.0 88.0 stable
10508.0 14444.0 220.0 88.0 and
10872.0 14440.0 596.0 112.0 high-level
11612.0 14440.0 616.0 108.0 peacetime

9624.0 14608.0 556.0 92.0 economy,
10204.0 14604.0 48.0 64.0 t

9804.0 14732.0 228.0 92.0 The
10140.0 14732.0 256.0 92.0 tone
10508.0 14728.0 120.0 96.0 of
10732.0 14732.0 188.0 92.0 the
11032.0 14724.0 680.0 104.0 President's
11824.0 14724.0 404.0 120.0 special

9616.0 14856.0 540.0 120.0 mid-year
10216.0 14868.0 568.0 92.0 economic
10852.0 14872.0 372.0 108.0 report
11296.0 14892.0 136.0 68.0 on
11504.0 14868.0 184.0 88.0 the
11756.0 14864.0 476.0 92.0 nation's

9612.0 15000.0 616.0 116.0 well-being
10300.0 15024.0 236.0 72.0 was
10616.0 15020.0 280.0 92.0 rosy.
11032.0 15004.0 172.0 96.0 He
11280.0 14996.0 560.0 100.0 declared:

9796.0 15132.0 248.0 96.0 "We
10180.0 15140.0 276.0 88.0 have
10588.0 15136.0 596.0 112.0 surpassed
11316.0 15132.0 516.0 116.0 previous
11960.0 15132.0 264.0 116.0 high

9612.0 15268.0 440.0 96.0 records
10156.0 15272.0 116.0 92.0 of
10376.0 15268.0 444.0 96.0 civilian
10936.0 15272.0 656.0 112.0 production
11708.0 15268.0 216.0 100.0 and
12036.0 15292.0 188.0 68.0 are

9612.0 15428.0 244.0 72.0 now
9924.0 15404.0 612.0 116.0 producing
10604.0 15404.0 340.0 112.0 goods
11012.0 15404.0 220.0 96.0 and
11304.0 15404.0 484.0 96.0 services
11856.0 15404.0 120.0 96.0 at
12036.0 15404.0 188.0 96.0 the

9608.0 15548.0 244.0 92.0 rate
9928.0 15540.0 116.0 96.0 of
10184.0 15548.0 116.0 92.0 25
10380.0 15540.0 380.0 96.0 billion
10844.0 15540.0 412.0 96.0 dollars
11336.0 15536.0 568.0 120.0 annually.

9792.0 15680.0 448.0 100.0 "Month
10312.0 15684.0 140.0 112.0 by
10524.0 15680.0 384.0 96.0 month
10980.0 15680.0 316.0 92.0 there
11364.0 15680.0 208.0 92.0 has
11640.0 15672.0 276.0 100.0 been
11988.0 15672.0 236.0 100.0 talk

9608.0 15816.0 116.0 96.0 of
9812.0 15824.0 588.0 104.0 recession;
10496.0 15820.0 388.0 88.0 month
10968.0 15816.0 140.0 112.0 by
11192.0 15816.0 388.0 92.0 month
11668.0 15808.0 548.0 100.0 recession

9608.0 15960.0 208.0 96.0 has
9880.0 15956.0 332.0 96.0 failed
10280.0 15960.0 112.0 92.0 to
10456.0 15952.0 716.0 96.0 materialize.

9736.0 16092.0 388.0 96.0 "Farm
10232.0 16092.0 424.0 92.0 income
10756.0 16084.0 208.0 100.0 has
11060.0 16088.0 500.0 96.0 attained
11668.0 16108.0 64.0 72.0 a
11832.0 16080.0 380.0 100.0 record

9600.0 16232.0 312.0 100.0 level.
10044.0 16236.0 228.0 92.0 The
10348.0 16228.0 540.0 104.0 financial
10968.0 16228.0 476.0 120.0 position
11524.0 16224.0 116.0 100.0 of
11716.0 16224.0 504.0 100.0 business

9612.0 16372.0 88.0 96.0 Is
9776.0 16376.0 412.0 104.0 strong.

9800.0 16508.0 848.0 112.0 "Management
10728.0 16504.0 220.0 96.0 and
11028.0 16500.0 312.0 100.0 labor
11420.0 16504.0 284.0 96.0 have
11784.0 16520.0 400.0 96.0 cooper-

9604.0 16648.0 256.0 92.0 ated
10000.0 16648.0 108.0 88.0 In
10244.0 16640.0 748.0 116.0 maintaining
11128.0 16636.0 588.0 100.0 industrial
11860.0 16656.0 356.0 100.0 peace.

9608.0 16780.0 768.0 116.0 Productivity
10456.0 16784.0 88.0 92.0 is
10628.0 16804.0 140.0 72.0 on
10848.0 16780.0 184.0 92.0 the
11116.0 16768.0 588.0 100.0 Increase."

9800.0 16916.0 760.0 112.0 Prominently
10652.0 16912.0 632.0 100.0 mentioned
11376.0 16912.0 104.0 92.0 In
11572.0 16912.0 188.0 96.0 the
11848.0 16908.0 332.0 108.0 30,000-

9604.0 17056.0 304.0 96.0 word
10016.0 17060.0 376.0 108.0 report
10496.0 17076.0 288.0 68.0 were
10892.0 17048.0 248.0 96.0 four
11244.0 17048.0 172.0 92.0 C's
11548.0 17068.0 296.0 88.0 corn,
11952.0 17040.0 268.0 116.0 coal,

9604.0 17192.0 764.0 92.0 construction
10496.0 17192.0 220.0 92.0 and
10848.0 17208.0 608.0 68.0 commerce
11580.0 17180.0 520.0 96.0 dverseas

9612.0 17328.0 396.0 96.0 named
10096.0 17328.0 140.0 112.0 by
10324.0 17324.0 200.0 96.0 Mr.
10608.0 17328.0 492.0 92.0 Truman
11188.0 17348.0 124.0 72.0 as
11396.0 17316.0 820.0 116.0 developments

9612.0 17464.0 360.0 92.0 which
10072.0 17488.0 324.0 72.0 mean
10500.0 17460.0 244.0 96.0 that
10840.0 17456.0 728.0 112.0 inflationary
11664.0 17448.0 548.0 120.0 problems

9620.0 17608.0 356.0 112.0 might
10048.0 17600.0 444.0 96.0 become
10564.0 17608.0 540.0 104.0 stronger,

9792.0 17840.0 504.0 120.0 Opened:
10432.0 17840.0 224.0 96.0 For
10732.0 17840.0 184.0 96.0 the
10992.0 17840.0 256.0 96.0 first
11320.0 17840.0 264.0 96.0 time
11660.0 17840.0 300.0 96.0 since
12036.0 17840.0 184.0 96.0 the

9608.0 17980.0 296.0 96.0 blast
9968.0 17984.0 392.0 88.0 deaths
10428.0 17980.0 120.0 92.0 of
10612.0 17980.0 172.0 96.0 111
10856.0 17980.0 444.0 104.0 miners,
11368.0 17980.0 184.0 88.0 the
11616.0 17976.0 596.0 96.0 Centralis,

9612.0 18120.0 192.0 104.0 111.,
9908.0 18120.0 292.0 96.0 mine
10308.0 18116.0 352.0 96.0 under
10764.0 18136.0 240.0 76.0 new
11104.0 18112.0 820.0 112.0 management,
12036.0 18112.0 180.0 92.0 the

9612.0 18256.0 512.0 116.0 Peabody
10204.0 18256.0 260.0 96.0 Coal
10540.0 18252.0 212.0 116.0 Co.,
10828.0 18252.0 512.0 112.0 Chicago.

9800.0 18484.0 604.0 116.0 Resigned:
10568.0 18476.0 360.0 104.0 "Ben"
11020.0 18484.0 400.0 104.0 Cohen,
11520.0 18480.0 216.0 96.0 last
11828.0 18484.0 120.0 96.0 of
12036.0 18480.0 184.0 92.0 the

9616.0 18624.0 464.0 116.0 original
10188.0 18620.0 396.0 100.0 F.D.R.
10692.0 18620.0 376.0 92.0 "brain
11176.0 18616.0 384.0 108.0 trust,"
11668.0 18640.0 128.0 72.0 as
11900.0 18640.0 276.0 68.0 coun-

9612.0 18764.0 292.0 92.0 selor
9980.0 18760.0 116.0 96.0 of
10176.0 18764.0 188.0 92.0 the
10448.0 18756.0 312.0 96.0 State
10848.0 18752.0 776.0 116.0 Department;
11724.0 18752.0 172.0 96.0 his
11984.0 18772.0 188.0 72.0 suc-

9616.0 18920.0 396.0 88.0 cessor,
10092.0 18892.0 464.0 100.0 Charles
10628.0 18896.0 120.0 92.0 E.
10832.0 18892.0 452.0 108.0 Bohlen,
11364.0 18888.0 184.0 96.0 the
11628.0 18884.0 312.0 100.0 State
12020.0 18884.0 160.0 96.0 De-

9616.0 19032.0 652.0 112.0 partment's
10348.0 19028.0 492.0 92.0 Russian
10916.0 19032.0 416.0 108.0 expert.

9804.0 19252.0 824.0 116.0 Reported:
10820.0 19256.0 164.0 96.0 On
11108.0 19252.0 260.0 96.0 Gov.
11492.0 19252.0 484.0 96.0 Thomas
12100.0 19248.0 116.0 100.0 E.

9616.0 19396.0 492.0 116.0 Dewey's
10228.0 19400.0 504.0 92.0 Western
10860.0 19404.0 272.0 92.0 tour,
11260.0 19388.0 140.0 112.0 by
11520.0 19384.0 684.0 124.0 Republican

9620.0 19540.0 424.0 92.0 lenders
10120.0 19536.0 116.0 96.0 of
10312.0 19536.0 112.0 92.0 11
10508.0 19540.0 376.0 100.0 states,
10964.0 19532.0 244.0 92.0 that
11284.0 19528.0 408.0 116.0 Dewey
11768.0 19532.0 92.0 92.0 Is
11936.0 19528.0 240.0 92.0 lead-

9624.0 19680.0 180.0 112.0 ing
9860.0 19676.0 184.0 92.0 the
10100.0 19672.0 292.0 96.0 GOP
10444.0 19668.0 712.0 116.0 presidential
11220.0 19664.0 684.0 96.0 nomination
11976.0 19688.0 240.0 72.0 race

9624.0 19812.0 108.0 92.0 in
9800.0 19808.0 280.0 96.0 their
10148.0 19812.0 384.0 92.0 states.

7368.0 20272.0 1144.0 400.0 TALK
8688.0 20264.0 584.0 408.0 OF
9432.0 20264.0 792.0 392.0 THE
10400.0 20240.0 1248.0 416.0 WEEK

7000.0 20968.0 384.0 104.0 HIGH
7452.0 20964.0 416.0 100.0 KICK:
7944.0 20960.0 116.0 100.0 "I
8136.0 20956.0 644.0 120.0 iccognlzed
8864.0 20956.0 196.0 104.0 Mr.
9136.0 20944.0 284.0 120.0 Frye

6828.0 21116.0 328.0 100.0 (Jack
7260.0 21112.0 320.0 112.0 Frye,
7680.0 21112.0 264.0 92.0 then
8040.0 21104.0 588.0 96.0 Preriuent
8720.0 21100.0 120.0 92.0 of
8940.0 21092.0 484.0 96.0 Howard

6816.0 21248.0 556.0 116.0 Hughes's
7524.0 21248.0 320.0 104.0 TWA
7996.0 21240.0 460.0 104.0 Airline)
8628.0 21236.0 216.0 96.0 and
8996.0 21232.0 424.0 96.0 several

6816.0 21396.0 124.0 96.0 U.
7008.0 21400.0 100.0 92.0 S.
7184.0 21392.0 532.0 100.0 Senators
7788.0 21384.0 220.0 100.0 and
8080.0 21380.0 980.0 120.0 Representatives
9132.0 21392.0 284.0 72.0 were

6820.0 21536.0 440.0 116.0 pointed
7344.0 21536.0 192.0 88.0 out
7612.0 21536.0 112.0 88.0 to
7804.0 21552.0 200.0 72.0 me.
8144.0 21520.0 352.0 96.0 There
8572.0 21540.0 284.0 72.0 were
8940.0 21540.0 64.0 68.0 a
9076.0 21508.0 152.0 96.0 lot
9304.0 21512.0 116.0 92.0 of

6820.0 21668.0 804.0 124.0 high-ranking
7744.0 21668.0 348.0 112.0 Army
8216.0 21656.0 552.0 100.0 officers."
9132.0 21656.0 292.0 108.0 Judy

6816.0 21812.0 320.0 108.0 Cook,
7232.0 21840.0 64.0 68.0 a
7384.0 21812.0 440.0 104.0 dancer,
7916.0 21800.0 584.0 120.0 testifying
8584.0 21800.0 328.0 116.0 along
8996.0 21796.0 268.0 92.0 with
9356.0 21820.0 56.0 68.0 a

6816.0 21952.0 380.0 112.0 model,
7344.0 21948.0 448.0 96.0 Martha
7932.0 21944.0 772.0 104.0 Goldthwaite,
8844.0 21940.0 240.0 88.0 that
9228.0 21936.0 192.0 88.0 she

6816.0 22096.0 432.0 112.0 spotted
7340.0 22092.0 368.0 92.0 Julius
7800.0 22084.0 344.0 112.0 Krun,
8236.0 22084.0 256.0 96.0 then
8588.0 22080.0 264.0 96.0 War
8948.0 22072.0 428.0 96.0 Produc-

6820.0 22240.0 220.0 92.0 tion
7128.0 22232.0 280.0 104.0 boKs,
7496.0 22236.0 112.0 88.0 at
7688.0 22256.0 64.0 72.0 a
7832.0 22224.0 736.0 112.0 Washington
8648.0 22220.0 324.0 120.0 party
9052.0 22216.0 360.0 88.0 tossed

6816.0 22376.0 136.0 112.0 by
7012.0 22372.0 492.0 96.0 Howard
7568.0 22368.0 460.0 116.0 Hughes
8096.0 22368.0 172.0 92.0 for
8332.0 22360.0 168.0 96.0 hit)
8568.0 22356.0 396.0 108.0 friend,
9032.0 22352.0 384.0 92.0 Elliott

6832.0 22512.0 620.0 108.0 Roosevelt,
7536.0 22508.0 216.0 92.0 and
7836.0 22508.0 292.0 112.0 Faye
8216.0 22500.0 572.0 100.0 Emerson.

7008.0 22740.0 648.0 100.0 PLAYING
7760.0 22740.0 144.0 96.0 IT
8008.0 22736.0 412.0 100.0 SAFE:
8528.0 22736.0 256.0 96.0 "We
8896.0 22756.0 312.0 72.0 mean
9320.0 22736.0 108.0 88.0 to

6824.0 22888.0 544.0 96.0 maintain
7460.0 22884.0 224.0 96.0 and
7780.0 22880.0 496.0 96.0 Increase
8372.0 22876.0 188.0 96.0 the
8656.0 22880.0 448.0 116.0 present
9200.0 22896.0 184.0 100.0 pic-

6824.0 23032.0 568.0 92.0 eminence
7464.0 23024.0 120.0 92.0 of
7652.0 23024.0 188.0 96.0 the
7912.0 23012.0 408.0 104.0 United
8388.0 23016.0 376.0 100.0 States
8836.0 23016.0 108.0 96.0 in
9016.0 23016.0 412.0 92.0 atomic

6824.0 23188.0 516.0 92.0 weapons
7408.0 23160.0 284.0 96.0 until
7760.0 23160.0 272.0 96.0 such
8096.0 23160.0 268.0 92.0 time
8432.0 23184.0 124.0 72.0 as
8624.0 23160.0 188.0 88.0 the
8876.0 23156.0 552.0 108.0 Congress

6820.0 23308.0 452.0 96.0 affirms
7428.0 23300.0 252.0 96.0 that
7832.0 23296.0 636.0 116.0 acceptable
8632.0 23292.0 796.0 100.0 international

6824.0 23448.0 704.0 112.0 agreements
7624.0 23440.0 280.0 96.0 have
7996.0 23436.0 272.0 100.0 been
8364.0 23440.0 476.0 92.0 reached
8936.0 23436.0 212.0 92.0 and
9244.0 23456.0 144.0 92.0 ap-

6828.0 23584.0 560.0 120.0 propriate
7456.0 23580.0 644.0 112.0 machinery
8160.0 23580.0 204.0 92.0 ha3
8420.0 23576.0 276.0 100.0 been
8760.0 23572.0 672.0 96.0 established

6824.0 23728.0 112.0 96.0 to
7024.0 23744.0 392.0 72.0 assure
7516.0 23724.0 248.0 92.0 that
7852.0 23716.0 228.0 100.0 this
8176.0 23720.0 464.0 116.0 activity
8736.0 23740.0 200.0 68.0 can
9040.0 23716.0 128.0 88.0 be
9272.0 23736.0 112.0 68.0 re-

6828.0 23864.0 308.0 92.0 laxed
7232.0 23860.0 476.0 92.0 without
7800.0 23860.0 760.0 108.0 endangering
8656.0 23860.0 184.0 92.0 the
8936.0 23848.0 492.0 100.0 national

6828.0 23996.0 576.0 120.0 security."
7540.0 24000.0 232.0 92.0 The
7908.0 23996.0 124.0 100.0 U.
8172.0 23996.0 100.0 96.0 P.
8412.0 23996.0 432.0 96.0 Atomic
8988.0 23992.0 436.0 112.0 Energy

6828.0 24136.0 768.0 104.0 Commission.

6960.0 24376.0 252.0 100.0 BIG
7284.0 24368.0 616.0 100.0 SNEEZE:
8016.0 24372.0 416.0 120.0 "Every
8508.0 24376.0 264.0 96.0 time
8848.0 24368.0 588.0 116.0 somebody

6828.0 24540.0 440.0 72.0 sneezes
7360.0 24516.0 432.0 96.0 around
7880.0 24516.0 260.0 92.0 here
8232.0 24520.0 80.0 92.0 it
8400.0 24516.0 496.0 112.0 requires
8984.0 24536.0 64.0 68.0 u.
9140.0 24512.0 244.0 92.0 four-

6828.0 24680.0 360.0 92.0 power
7324.0 24648.0 752.0 100.0 conference."
8224.0 24652.0 580.0 96.0 American
8944.0 24648.0 488.0 96.0 member

6828.0 24796.0 116.0 96.0 of
7000.0 24792.0 664.0 124.0 Nuernberg
7724.0 24792.0 368.0 120.0 prison
8160.0 24792.0 312.0 96.0 staff.

7016.0 25020.0 436.0 108.0 WHAT
7536.0 25032.0 200.0 96.0 DO
7816.0 25028.0 236.0 104.0 WE
8128.0 25032.0 196.0 100.0 DO
8412.0 25020.0 408.0 112.0 NOW?
8944.0 25032.0 280.0 92.0 "Just
9312.0 25052.0 120.0 68.0 as

6828.0 25200.0 208.0 92.0 you
7124.0 25176.0 108.0 96.0 In
7316.0 25172.0 192.0 100.0 the
7584.0 25172.0 412.0 96.0 United
8072.0 25172.0 368.0 96.0 States
8520.0 25172.0 112.0 96.0 In
8716.0 25168.0 240.0 100.0 1776
9036.0 25172.0 400.0 108.0 fought

6828.0 25312.0 276.0 96.0 until
7200.0 25328.0 216.0 100.0 you
7508.0 25308.0 400.0 116.0 gained
7996.0 25332.0 280.0 88.0 your
8364.0 25308.0 852.0 120.0 independence,
9312.0 25332.0 120.0 68.0 so

6828.0 25452.0 280.0 92.0 shall
7200.0 25472.0 164.0 72.0 we
7456.0 25448.0 300.0 116.0 fight
7840.0 25444.0 280.0 100.0 until
8212.0 25472.0 160.0 72.0 we
8464.0 25472.0 188.0 72.0 are
8748.0 25448.0 264.0 96.0 free.
9168.0 25444.0 264.0 96.0 This

6828.0 25592.0 296.0 112.0 fight
7188.0 25592.0 112.0 96.0 to
7368.0 25592.0 192.0 92.0 the
7624.0 25588.0 340.0 96.0 finish
8032.0 25608.0 208.0 72.0 can
8304.0 25588.0 256.0 120.0 only
8624.0 25588.0 128.0 96.0 be
8820.0 25588.0 456.0 116.0 stopped
9344.0 25588.0 88.0 96.0 If

6836.0 25732.0 188.0 88.0 the
7080.0 25728.0 376.0 96.0 Dutch
7520.0 25748.0 316.0 72.0 cease
7896.0 25724.0 292.0 100.0 their
8244.0 25724.0 492.0 120.0 military
8792.0 25732.0 368.0 88.0 action
9220.0 25732.0 216.0 92.0 and

6836.0 25868.0 232.0 116.0 join
7136.0 25888.0 160.0 80.0 us,
7356.0 25864.0 276.0 104.0 with
7700.0 25864.0 188.0 96.0 the
7956.0 25864.0 452.0 112.0 British,
8472.0 25868.0 112.0 96.0 In
8656.0 25864.0 600.0 100.0 mediation
9328.0 25868.0 116.0 92.0 of

6840.0 26028.0 200.0 72.0 our
7116.0 26004.0 476.0 112.0 dispute.
7732.0 26004.0 220.0 96.0 But
8028.0 26000.0 52.0 100.0 I
8152.0 26004.0 500.0 120.0 strongly
8732.0 26008.0 212.0 92.0 feel
9024.0 26008.0 184.0 92.0 the
9292.0 26004.0 100.0 92.0 in-

6836.0 26144.0 436.0 92.0 fluence
7380.0 26140.0 124.0 96.0 of
7612.0 26168.0 300.0 72.0 some
8020.0 26144.0 320.0 92.0 other
8440.0 26148.0 324.0 108.0 great
8876.0 26168.0 360.0 92.0 power
9348.0 26144.0 88.0 92.0 is

6840.0 26280.0 412.0 96.0 needed
7324.0 26284.0 108.0 92.0 to
7500.0 26284.0 324.0 116.0 bring
7888.0 26280.0 304.0 96.0 them
8256.0 26284.0 112.0 96.0 to
8432.0 26288.0 136.0 92.0 do
8632.0 26284.0 256.0 100.0 this.
9024.0 26280.0 232.0 96.0 You
9324.0 26280.0 108.0 92.0 of

6832.0 26424.0 180.0 92.0 the
7104.0 26420.0 408.0 96.0 United
7604.0 26428.0 368.0 92.0 States
8064.0 26424.0 384.0 96.0 should
8544.0 26436.0 192.0 88.0 not
8828.0 26428.0 556.0 96.0 underesti-

6840.0 26564.0 292.0 96.0 mate
7196.0 26564.0 188.0 92.0 the
7448.0 26584.0 368.0 92.0 power
7872.0 26564.0 116.0 96.0 of
8044.0 26580.0 276.0 96.0 your
8376.0 26564.0 508.0 116.0 position.
9012.0 26560.0 156.0 120.0 By
9236.0 26564.0 164.0 92.0 vir-

6844.0 26704.0 184.0 92.0 tue
7100.0 26696.0 116.0 104.0 of
7280.0 26696.0 596.0 120.0 principles
7940.0 26700.0 176.0 96.0 for
8180.0 26700.0 356.0 96.0 which
8608.0 26724.0 212.0 96.0 you
8884.0 26696.0 352.0 108.0 stand,
9308.0 26700.0 136.0 112.0 by

6840.0 26860.0 392.0 72.0 reason
7308.0 26836.0 116.0 92.0 of
7500.0 26860.0 272.0 92.0 your
7848.0 26840.0 708.0 96.0 tremendous
8632.0 26844.0 504.0 108.0 strength
9220.0 26840.0 208.0 92.0 and

6848.0 26972.0 792.0 100.0 international
7744.0 26980.0 428.0 108.0 renpeot
8268.0 26980.0 356.0 96.0 which
8728.0 26980.0 88.0 92.0 is
8908.0 26976.0 532.0 96.0 accorded

6844.0 27136.0 208.0 92.0 you
7128.0 27116.0 216.0 92.0 and
7424.0 27104.0 140.0 124.0 by
7640.0 27116.0 352.0 92.0 virtue
8068.0 27116.0 112.0 92.0 of
8252.0 27144.0 244.0 92.0 youi
8596.0 27116.0 480.0 116.0 glorious
9152.0 27116.0 292.0 108.0 fight

6848.0 27256.0 100.0 92.0 in
7016.0 27256.0 184.0 92.0 the
7268.0 27248.0 220.0 96.0 last
7552.0 27276.0 252.0 92.0 war,
7868.0 27276.0 208.0 92.0 you
8140.0 27256.0 324.0 96.0 ctnr,d
8536.0 27268.0 116.0 84.0 at
8712.0 27260.0 184.0 92.0 the
8964.0 27256.0 300.0 96.0 front
9328.0 27256.0 112.0 96.0 of

6844.0 27392.0 360.0 92.0 forces
7348.0 27392.0 116.0 92.0 of
7608.0 27396.0 652.0 108.0 democracy
8404.0 27400.0 100.0 92.0 in
8656.0 27396.0 184.0 88.0 the
8992.0 27388.0 440.0 96.0 modern

6844.0 27520.0 432.0 104.0 world,"
7416.0 27528.0 584.0 96.0 President
8068.0 27532.0 564.0 100.0 Soekarno
8700.0 27528.0 112.0 96.0 of
8880.0 27528.0 180.0 96.0 the
9128.0 27528.0 268.0 96.0 Indo-

6848.0 27668.0 380.0 96.0 nesian
7300.0 27664.0 568.0 120.0 Republic.

7028.0 27860.0 588.0 104.0 PRETTY
7724.0 27860.0 340.0 108.0 HOT:
8188.0 27876.0 336.0 96.0 "That
8640.0 27876.0 424.0 104.0 Kaiser,
9172.0 27876.0 264.0 92.0 with

6840.0 28004.0 172.0 96.0 his
7096.0 28004.0 388.0 96.0 record
7568.0 28008.0 120.0 96.0 of
7768.0 28008.0 780.0 116.0 shipbuilding,
8636.0 28016.0 196.0 116.0 put
8912.0 28012.0 184.0 92.0 the
9180.0 28012.0 260.0 96.0 heat

6844.0 28148.0 116.0 88.0 of
7080.0 28144.0 216.0 96.0 hell
7428.0 28172.0 136.0 68.0 on
7696.0 28148.0 616.0 116.0 everybody
8440.0 28152.0 104.0 92.0 in
8684.0 28152.0 756.0 108.0 Washington.

6844.0 28280.0 524.0 124.0 Initially,
7472.0 28280.0 140.0 108.0 he
7712.0 28308.0 228.0 80.0 wai
8044.0 28284.0 228.0 104.0 told
8372.0 28288.0 252.0 108.0 that
8724.0 28288.0 140.0 100.0 he
8964.0 28288.0 488.0 108.0 couldn't

9620.0 20948.0 300.0 96.0 build
10012.0 20948.0 380.0 116.0 planes
10484.0 20944.0 468.0 92.0 because
11044.0 20940.0 132.0 96.0 he
11268.0 20940.0 340.0 92.0 didn't
11700.0 20936.0 280.0 100.0 have
12072.0 20960.0 136.0 72.0 an

9624.0 21088.0 464.0 92.0 aircraft
10200.0 21108.0 284.0 72.0 man.
10660.0 21080.0 288.0 96.0 That
11056.0 21080.0 132.0 96.0 he
11300.0 21080.0 284.0 92.0 lined
11692.0 21100.0 148.0 96.0 up
11948.0 21076.0 264.0 96.0 with

9628.0 21220.0 460.0 116.0 Hughes
10164.0 21228.0 216.0 92.0 and
10460.0 21220.0 272.0 112.0 said,
10812.0 21216.0 300.0 96.0 'Now
11188.0 21212.0 216.0 100.0 I've
11484.0 21216.0 188.0 112.0 got
11752.0 21220.0 188.0 92.0 toe
12016.0 21216.0 164.0 92.0 air-

9628.0 21368.0 292.0 92.0 craft
10016.0 21364.0 284.0 92.0 man'
10396.0 21356.0 220.0 96.0 and
10712.0 21364.0 132.0 92.0 he
10936.0 21356.0 388.0 116.0 finally
11416.0 21360.0 188.0 108.0 got
11696.0 21356.0 188.0 92.0 the
11976.0 21376.0 204.0 72.0 con-

9632.0 21496.0 440.0 96.0 tracts.'
10200.0 21504.0 96.0 92.0 J.
10384.0 21504.0 120.0 92.0 A.
10588.0 21496.0 336.0 112.0 Krug.
11016.0 21496.0 576.0 116.0 Sfctctary
11680.0 21500.0 116.0 88.0 of
11876.0 21492.0 304.0 96.0 Inter-

9632.0 21644.0 184.0 100.0 ior,
9888.0 21640.0 408.0 92.0 former
10364.0 21636.0 260.0 96.0 War
10684.0 21636.0 668.0 96.0 Production
11420.0 21632.0 368.0 96.0 Board
11848.0 21632.0 332.0 96.0 Chair-

9636.0 21800.0 280.0 76.0 man,
10044.0 21780.0 308.0 88.0 when
10484.0 21776.0 340.0 96.0 asked
10952.0 21780.0 108.0 92.0 to
11184.0 21780.0 376.0 112.0 repeat
11692.0 21776.0 528.0 108.0 "hearsay

9628.0 21916.0 344.0 96.0 stuff"
10080.0 21916.0 592.0 116.0 regarding
10772.0 21912.0 164.0 92.0 air
11036.0 21920.0 564.0 88.0 contracts
11704.0 21908.0 508.0 96.0 obtained

9640.0 22052.0 132.0 112.0 by
9868.0 22056.0 480.0 92.0 Howard
10448.0 22052.0 460.0 116.0 Hughes
11004.0 22056.0 212.0 92.0 and
11320.0 22052.0 380.0 116.0 Henry
11804.0 22048.0 420.0 96.0 Kaiser.

9816.0 22248.0 396.0 104.0 STILL
10304.0 22252.0 396.0 104.0 liOsS:
10796.0 22256.0 112.0 96.0 "I
10996.0 22260.0 300.0 92.0 don't
11388.0 22256.0 324.0 96.0 know
11804.0 22264.0 116.0 92.0 of
12008.0 22280.0 212.0 92.0 any

9632.0 22408.0 248.0 104.0 part
9960.0 22400.0 112.0 92.0 of
10148.0 22404.0 184.0 92.0 the
10416.0 22396.0 532.0 96.0 Selective
11028.0 22400.0 436.0 92.0 Service
11544.0 22396.0 220.0 96.0 and
11844.0 22396.0 332.0 96.0 Train-

9632.0 22536.0 184.0 112.0 ing
9912.0 22540.0 204.0 92.0 Act
10216.0 22540.0 248.0 96.0 that
10564.0 22560.0 252.0 92.0 says
10916.0 22564.0 132.0 72.0 an
11156.0 22540.0 560.0 112.0 employer
11816.0 22536.0 404.0 96.0 cannot

9636.0 22700.0 200.0 72.0 run
9916.0 22676.0 164.0 92.0 his
10152.0 22700.0 244.0 76.0 own
10472.0 22676.0 532.0 100.0 business.
11140.0 22680.0 44.0 96.0 I
11260.0 22676.0 240.0 96.0 find
11572.0 22680.0 468.0 108.0 nothing
12116.0 22680.0 100.0 92.0 In

9632.0 22820.0 76.0 92.0 It
9800.0 22820.0 244.0 92.0 that
10124.0 22816.0 320.0 96.0 takes
10528.0 22840.0 316.0 92.0 away
10924.0 22820.0 188.0 92.0 the
11200.0 22820.0 300.0 104.0 right
11576.0 22816.0 120.0 96.0 of
11776.0 22840.0 140.0 72.0 an
12008.0 22836.0 172.0 72.0 em-

9636.0 22956.0 372.0 112.0 ployer
10088.0 22956.0 108.0 92.0 to
10276.0 22956.0 568.0 112.0 supervise
10932.0 22956.0 164.0 100.0 his
11180.0 22956.0 624.0 116.0 employees
11884.0 22980.0 124.0 64.0 as
12088.0 22956.0 132.0 92.0 he

9640.0 23116.0 244.0 72.0 sees
10004.0 23092.0 228.0 100.0 fit."
10364.0 23096.0 360.0 108.0 Judge
10848.0 23092.0 484.0 96.0 Thomas
11456.0 23092.0 140.0 96.0 M.
11724.0 23092.0 504.0 112.0 Madden,

9632.0 23228.0 124.0 100.0 U.
9844.0 23236.0 100.0 96.0 S.
10036.0 23232.0 468.0 96.0 District
10592.0 23236.0 368.0 108.0 Court,
11056.0 23232.0 520.0 108.0 Cnmdcn,
11672.0 23232.0 128.0 96.0 N.
11888.0 23232.0 68.0 96.0 J
12116.0 23236.0 100.0 92.0 in

9636.0 23372.0 364.0 120.0 ruling
10092.0 23396.0 140.0 72.0 on
10332.0 23404.0 60.0 64.0 a
10492.0 23376.0 548.0 96.0 veteran's
11136.0 23376.0 328.0 92.0 claim
11564.0 23376.0 116.0 92.0 to
11780.0 23372.0 172.0 96.0 his
12048.0 23368.0 168.0 100.0 old

9628.0 23508.0 184.0 112.0 Job
9892.0 23508.0 380.0 104.0 under'
10312.0 23516.0 184.0 92.0 the
10572.0 23516.0 152.0 92.0 GI
10808.0 23512.0 200.0 92.0 Bill
11088.0 23516.0 116.0 92.0 of
11280.0 23508.0 436.0 116.0 Rights.

9764.0 23704.0 700.0 108.0 FOREVER
10580.0 23712.0 184.0 96.0 AT
10876.0 23712.0 192.0 100.0 IT:
11248.0 23716.0 428.0 116.0 "Every
11796.0 23744.0 384.0 92.0 respon-

9640.0 23852.0 268.0 100.0 sible
9968.0 23860.0 872.0 108.0 representative
10904.0 23864.0 112.0 88.0 of
11076.0 23856.0 176.0 96.0 the
11324.0 23860.0 368.0 92.0 Soviet
11752.0 23860.0 432.0 96.0 Govern-

9640.0 23996.0 296.0 92.0 ment
10036.0 24004.0 100.0 88.0 in
10236.0 24000.0 184.0 92.0 the
10524.0 23996.0 400.0 96.0 United
11028.0 24000.0 364.0 92.0 States
11492.0 24020.0 252.0 96.0 may
11848.0 24000.0 120.0 92.0 be
12072.0 24024.0 108.0 72.0 re-

9640.0 24136.0 404.0 104.0 garded
10120.0 24160.0 124.0 68.0 as
10316.0 24156.0 136.0 68.0 an
10532.0 24132.0 668.0 96.0 economical
11276.0 24160.0 124.0 68.0 or
11472.0 24132.0 480.0 116.0 political
12028.0 24160.0 196.0 92.0 spy

9640.0 24344.0 20.0 28.0 .
9736.0 24340.0 20.0 28.0 .
9836.0 24344.0 20.0 32.0 .
9932.0 24280.0 236.0 104.0 Any
10244.0 24276.0 280.0 112.0 hope
10604.0 24276.0 240.0 92.0 that
10924.0 24276.0 176.0 92.0 tlie
11184.0 24276.0 480.0 92.0 Rtissian
11748.0 24272.0 428.0 100.0 Govern-

9640.0 24416.0 296.0 88.0 ment
10004.0 24436.0 248.0 92.0 may
10316.0 24412.0 124.0 92.0 he
10504.0 24412.0 692.0 96.0 overthrown
11272.0 24412.0 280.0 96.0 from
11624.0 24416.0 184.0 92.0 the
11876.0 24416.0 348.0 92.0 Inside

9644.0 24548.0 136.0 116.0 by
9872.0 24552.0 176.0 92.0 the
10140.0 24556.0 364.0 92.0 forces
10592.0 24552.0 116.0 92.0 of
10796.0 24552.0 184.0 92.0 the
11076.0 24552.0 372.0 116.0 people
11544.0 24552.0 92.0 92.0 is
11728.0 24552.0 272.0 96.0 built
12088.0 24580.0 136.0 68.0 on

9644.0 24684.0 364.0 96.0 sand."
10140.0 24688.0 380.0 96.0 Victor
10656.0 24692.0 116.0 96.0 A.
10908.0 24688.0 772.0 112.0 Kravrhenko,
11816.0 24688.0 412.0 100.0 former

9648.0 24824.0 472.0 100.0 Russian
10240.0 24828.0 364.0 112.0 agent,
10720.0 24852.0 240.0 72.0 now
11072.0 24832.0 452.0 108.0 seeking
11636.0 24828.0 580.0 96.0 American

9648.0 24968.0 668.0 116.0 citizenship.

9832.0 25160.0 964.0 108.0 INDICTMENT:
10876.0 25176.0 508.0 96.0 "Private
11456.0 25172.0 504.0 116.0 Industry
12032.0 25172.0 200.0 96.0 has

9644.0 25308.0 264.0 96.0 been
10000.0 25312.0 484.0 112.0 crippled
10576.0 25308.0 136.0 120.0 by
10796.0 25312.0 188.0 92.0 the
11072.0 25312.0 532.0 96.0 fantastic
11700.0 25312.0 328.0 96.0 levels
12120.0 25324.0 108.0 88.0 to

9644.0 25448.0 352.0 92.0 which
10084.0 25448.0 180.0 100.0 the
10356.0 25448.0 312.0 96.0 labor
10756.0 25452.0 600.0 112.0 monoplies
11444.0 25448.0 280.0 100.0 have
11812.0 25452.0 412.0 116.0 pushed

9648.0 25612.0 364.0 84.0 wages
10108.0 25592.0 212.0 92.0 and
10428.0 25588.0 580.0 96.0 restricted
11112.0 25588.0 184.0 96.0 the
11396.0 25612.0 188.0 72.0 use
11684.0 25588.0 116.0 96.0 of
11900.0 25596.0 288.0 88.0 mate-

9652.0 25724.0 284.0 108.0 rials,
10004.0 25720.0 136.0 120.0 by
10200.0 25724.0 692.0 96.0 slow-downs
10956.0 25732.0 216.0 92.0 and
11236.0 25728.0 312.0 96.0 other
11616.0 25728.0 612.0 100.0 restrictive

9652.0 25864.0 536.0 116.0 practices
10272.0 25868.0 488.0 92.0 dictated
10852.0 25872.0 132.0 108.0 by
11068.0 25868.0 184.0 92.0 the
11340.0 25868.0 336.0 92.0 union
11764.0 25864.0 468.0 100.0 bosses."

9780.0 26004.0 256.0 112.0 Rop.
10144.0 26004.0 364.0 116.0 Ralph
10616.0 26004.0 420.0 112.0 Gwlnn,
11148.0 26004.0 716.0 120.0 Republican,
11968.0 26004.0 268.0 100.0 New

9652.0 26136.0 324.0 116.0 York,
10056.0 26144.0 604.0 96.0 Chairman
10744.0 26148.0 116.0 92.0 of
10936.0 26172.0 68.0 68.0 a
11084.0 26144.0 368.0 96.0 House
11532.0 26144.0 364.0 96.0 Labor
11972.0 26144.0 220.0 96.0 Sub-

9652.0 26280.0 652.0 112.0 committee,
10404.0 26304.0 124.0 68.0 as
10636.0 26284.0 128.0 92.0 he
10864.0 26284.0 652.0 92.0 announced
11608.0 26280.0 184.0 104.0 his
11888.0 26308.0 344.0 92.0 group

9652.0 26420.0 348.0 92.0 would
10092.0 26444.0 136.0 84.0 go
10320.0 26420.0 232.0 92.0 into
10648.0 26424.0 112.0 92.0 15
10852.0 26424.0 308.0 92.0 citlei'
11256.0 26424.0 220.0 92.0 this
11568.0 26428.0 464.0 88.0 autnmn
12128.0 26428.0 108.0 92.0 to

9656.0 26560.0 336.0 92.0 ferret
10088.0 26560.0 188.0 92.0 out
10380.0 26560.0 668.0 112.0 "monopoly,
11156.0 26560.0 768.0 108.0 racketeering
12024.0 26560.0 212.0 100.0 and

9660.0 26700.0 604.0 88.0 restrictive
10356.0 26700.0 604.0 108.0 practices"
11052.0 26704.0 96.0 88.0 In
11240.0 26700.0 184.0 92.0 the
11508.0 26700.0 496.0 120.0 building
12088.0 26704.0 104.0 92.0 in-

9656.0 26832.0 408.0 112.0 dustry.
9840.0 27024.0 524.0 112.0 WORTH
10508.0 27024.0 600.0 104.0 TRYING:
11256.0 27036.0 160.0 96.0 "If
11548.0 27040.0 276.0 100.0 BCG
11960.0 27064.0 280.0 72.0 were

9652.0 27176.0 316.0 112.0 given
10060.0 27184.0 104.0 84.0 to
10248.0 27200.0 324.0 92.0 every
10660.0 27172.0 288.0 96.0 child
11032.0 27176.0 212.0 92.0 ar.d
11336.0 27176.0 312.0 100.0 adult
11732.0 27188.0 188.0 88.0 not
12004.0 27200.0 236.0 76.0 now

9660.0 27312.0 472.0 96.0 Infected
10256.0 27312.0 268.0 92.0 with
10652.0 27312.0 756.0 108.0 tuberculosis,
11536.0 27316.0 44.0 92.0 I
11704.0 27344.0 176.0 68.0 am
12004.0 27344.0 200.0 72.0 con-

9656.0 27452.0 384.0 96.0 vinced
10152.0 27456.0 240.0 92.0 that
10504.0 27456.0 384.0 92.0 within
11000.0 27456.0 116.0 92.0 20
11224.0 27460.0 108.0 92.0 to
11440.0 27456.0 116.0 92.0 40
11664.0 27484.0 320.0 84.0 years
12092.0 27480.0 152.0 72.0 we

9656.0 27592.0 312.0 96.0 could
10044.0 27592.0 564.0 96.0 eliminate
10680.0 27596.0 184.0 92.0 the
10940.0 27592.0 268.0 96.0 r.ecd
11284.0 27596.0 172.0 92.0 for
11524.0 27600.0 724.0 92.0 sanitariums

9664.0 27736.0 480.0 112.0 treatin;;
10272.0 27732.0 180.0 96.0 the
10580.0 27728.0 844.0 108.0 direr.no."-Dr.
11544.0 27736.0 476.0 96.0 Andrew
12144.0 27740.0 104.0 96.0 C.

9660.0 27868.0 224.0 120.0 Ivy,
9956.0 27872.0 480.0 96.0 director
10512.0 27880.0 116.0 92.0 of
10700.0 27872.0 184.0 92.0 the
10964.0 27876.0 516.0 92.0 research
11556.0 27872.0 508.0 100.0 Institute
12136.0 27880.0 116.0 92.0 at

9664.0 28012.0 184.0 92.0 the
9908.0 28012.0 632.0 116.0 University
10596.0 28012.0 116.0 92.0 of
10768.0 28012.0 420.0 96.0 Illinois1
11244.0 28012.0 360.0 100.0 which
11664.0 28016.0 592.0 112.0 developed

9652.0 28152.0 188.0 92.0 tho
9936.0 28156.0 448.0 92.0 vaccine
10484.0 28152.0 280.0 96.0 BCG
10872.0 28152.0 520.0 96.0 (bacillus
11488.0 28144.0 120.0 96.0 of
11700.0 28148.0 548.0 100.0 Calinette

9648.0 28292.0 224.0 100.0 and
9940.0 28292.0 464.0 104.0 Guetin)
10484.0 28292.0 112.0 104.0 to
10664.0 28288.0 448.0 108.0 combat
11180.0 28288.0 768.0 108.0 tuberculosis.
12000.0 28316.0 16.0 24.0 '

12424.0 3576.0 928.0 188.0 Remember
13448.0 3580.0 792.0 236.0 Ethiopia?
14448.0 3584.0 336.0 200.0 UN,
14888.0 3580.0 180.0 180.0 U.
15164.0 3580.0 156.0 184.0 S.
15416.0 3564.0 992.0 192.0 "Overlook"
16488.0 3572.0 440.0 180.0 Java.

12640.0 3892.0 692.0 120.0 DESPITE
13504.0 3880.0 1492.0 132.0 ANGLO-AMERICAN
15176.0 3880.0 184.0 120.0 IN-

12412.0 4096.0 436.0 120.0 TENT
12928.0 4104.0 132.0 108.0 to
13136.0 4092.0 704.0 152.0 implement
13920.0 4096.0 204.0 120.0 the
14204.0 4124.0 408.0 120.0 peace,
14692.0 4092.0 428.0 120.0 events
15200.0 4116.0 212.0 84.0 aro

12412.0 4296.0 712.0 152.0 happening
13244.0 4304.0 204.0 112.0 too
13572.0 4296.0 520.0 152.0 rapidly,
14216.0 4296.0 392.0 148.0 piling
14732.0 4320.0 224.0 88.0 one
15084.0 4320.0 332.0 112.0 upon

12412.0 4500.0 532.0 124.0 another
13028.0 4500.0 200.0 120.0 far
13308.0 4512.0 208.0 108.0 too
13604.0 4504.0 580.0 144.0 speedily,
14276.0 4504.0 208.0 112.0 for
14572.0 4532.0 244.0 112.0 any
12412.0 4488.0 2948.0 340.0 well-intended

13052.0 4700.0 568.0 152.0 proposal
13860.0 4740.0 304.0 88.0 even
14340.0 4704.0 208.0 116.0 the
14732.0 4692.0 688.0 148.0 forthright

12420.0 4904.0 544.0 104.0 Marshall
13064.0 4912.0 252.0 116.0 plan
13448.0 4912.0 116.0 92.0 to
13652.0 4912.0 680.0 96.0 counteract.

12612.0 5076.0 308.0 100.0 Take
13060.0 5080.0 316.0 100.0 Java.
13512.0 5084.0 100.0 96.0 A
13748.0 5080.0 548.0 100.0 full-scale
14440.0 5100.0 264.0 88.0 war,
14848.0 5068.0 572.0 120.0 Involving

12416.0 5252.0 280.0 100.0 total
12796.0 5276.0 196.0 76.0 use
13084.0 5256.0 120.0 96.0 of
13296.0 5276.0 332.0 96.0 every
13720.0 5260.0 492.0 112.0 military
14308.0 5256.0 248.0 96.0 unit
14648.0 5244.0 552.0 104.0 available
15296.0 5244.0 120.0 100.0 to

12420.0 5428.0 188.0 92.0 the
12704.0 5428.0 652.0 96.0 combatant
13452.0 5424.0 400.0 116.0 forces,
13952.0 5428.0 92.0 96.0 is
14140.0 5424.0 324.0 120.0 being
14568.0 5424.0 400.0 116.0 fought
15064.0 5416.0 348.0 100.0 there.

12416.0 5592.0 232.0 100.0 The
12740.0 5596.0 372.0 100.0 Dutch
13204.0 5624.0 200.0 96.0 say
13496.0 5600.0 264.0 116.0 they
13852.0 5620.0 284.0 80.0 were
14228.0 5596.0 616.0 120.0 compelled
14936.0 5596.0 116.0 92.0 to
15144.0 5588.0 268.0 104.0 take

12420.0 5740.0 376.0 92.0 action
12860.0 5740.0 468.0 100.0 because
13392.0 5740.0 752.0 112.0 negotiations
14208.0 5736.0 452.0 116.0 flopped
14720.0 5736.0 296.0 96.0 after
15080.0 5724.0 332.0 124.0 being

12420.0 5880.0 436.0 96.0 carried
12924.0 5908.0 140.0 68.0 on
13128.0 5884.0 272.0 96.0 with
13472.0 5880.0 188.0 92.0 the
13728.0 5880.0 592.0 96.0 Idoneslan
14392.0 5872.0 696.0 120.0 Republican
15156.0 5892.0 212.0 92.0 gov-

12420.0 6024.0 524.0 92.0 ernment
13044.0 6016.0 176.0 96.0 for
13324.0 6040.0 304.0 76.0 more
13736.0 6020.0 276.0 100.0 than
14116.0 6020.0 220.0 92.0 two
14440.0 6040.0 364.0 92.0 years.
14972.0 6012.0 140.0 96.0 So
15224.0 6012.0 192.0 96.0 tho

12420.0 6156.0 376.0 100.0 Dutch
12868.0 6160.0 448.0 120.0 blandly
13384.0 6176.0 588.0 80.0 announce
14040.0 6156.0 256.0 124.0 they
14368.0 6176.0 196.0 76.0 are
14628.0 6152.0 528.0 120.0 carrying
15220.0 6156.0 196.0 96.0 out

12420.0 6292.0 424.0 120.0 "police
12952.0 6292.0 428.0 100.0 action"
13480.0 6296.0 228.0 100.0 and
13812.0 6300.0 388.0 92.0 attack
14304.0 6292.0 680.0 100.0 Indonesian
15088.0 6284.0 328.0 100.0 bases

12420.0 6440.0 276.0 96.0 with
12780.0 6436.0 488.0 116.0 military
13352.0 6436.0 416.0 120.0 planes,
13852.0 6436.0 588.0 104.0 Mustangs
14520.0 6436.0 228.0 100.0 and
14824.0 6428.0 592.0 116.0 Mitchells,

12424.0 6576.0 536.0 96.0 obtained
13068.0 6572.0 288.0 104.0 from
13468.0 6572.0 192.0 104.0 the
13772.0 6572.0 404.0 104.0 United
14288.0 6576.0 412.0 96.0 States.
14868.0 6572.0 248.0 96.0 And
15228.0 6572.0 192.0 96.0 the

12424.0 6712.0 380.0 104.0 Dutch
12904.0 6712.0 708.0 116.0 amphibious
13712.0 6712.0 372.0 100.0 forces
14172.0 6736.0 196.0 72.0 are
14472.0 6712.0 176.0 100.0 led
14752.0 6708.0 144.0 120.0 by
12432.0 6708.0 2948.0 240.0 American-trained

13216.0 6852.0 776.0 96.0 Commandos.

12616.0 6984.0 276.0 96.0 This
12972.0 6992.0 100.0 92.0 Is
13144.0 7008.0 72.0 72.0 a
13292.0 6984.0 948.0 104.0 altuatinnmade
14320.0 6988.0 120.0 92.0 to
14516.0 6984.0 332.0 100.0 order
14924.0 6984.0 176.0 100.0 for
15188.0 6972.0 236.0 124.0 UN,

12424.0 7120.0 224.0 100.0 had
12768.0 7124.0 204.0 100.0 IN
13088.0 7124.0 504.0 96.0 attained
13708.0 7148.0 280.0 76.0 even
14100.0 7152.0 72.0 68.0 a
14288.0 7128.0 592.0 92.0 minimum
14996.0 7124.0 120.0 96.0 of
15228.0 7124.0 196.0 96.0 the

12432.0 7268.0 440.0 92.0 stature
12944.0 7264.0 520.0 100.0 Intended
13536.0 7264.0 188.0 96.0 for
13796.0 7264.0 188.0 96.0 UN
14064.0 7264.0 324.0 96.0 when
14464.0 7264.0 192.0 96.0 (he
14732.0 7264.0 336.0 92.0 Allies
15140.0 7288.0 288.0 88.0 gave

12436.0 7400.0 296.0 100.0 birth
12820.0 7408.0 116.0 92.0 to
13020.0 7404.0 188.0 96.0 the
13284.0 7428.0 340.0 96.0 peace
13704.0 7400.0 296.0 108.0 child
14084.0 7408.0 296.0 92.0 after
14468.0 7404.0 376.0 104.0 World
14932.0 7408.0 264.0 92.0 War
15284.0 7404.0 140.0 96.0 II.

12620.0 7700.0 936.0 112.0 KTRl'GGLlNG
13704.0 7716.0 108.0 100.0 in
13956.0 7720.0 280.0 96.0 Java
14376.0 7744.0 196.0 72.0 are
14712.0 7724.0 452.0 112.0 upward
15312.0 7720.0 144.0 96.0 of'

12432.0 7856.0 408.0 108.0 100,000
12924.0 7856.0 368.0 100.0 Dutch
13384.0 7860.0 408.0 112.0 troops,
13884.0 7856.0 392.0 112.0 200,000
14364.0 7860.0 592.0 100.0 Idoneslan
15048.0 7860.0 380.0 116.0 troops

12556.0 8004.0 540.0 108.0 counting
13164.0 8004.0 184.0 88.0 the
13420.0 8020.0 424.0 72.0 women
13980.0 8000.0 264.0 96.0 with
14316.0 8000.0 184.0 92.0 the
14572.0 7996.0 364.0 100.0 Dutch
15012.0 7996.0 416.0 120.0 having

12436.0 8144.0 144.0 92.0 atl
12660.0 8144.0 192.0 92.0 the
12932.0 8140.0 240.0 92.0 best
13248.0 8140.0 116.0 92.0 of
13444.0 8136.0 84.0 96.0 It
13612.0 8136.0 472.0 96.0 because
14156.0 8136.0 116.0 96.0 of
14352.0 8140.0 508.0 116.0 superior
14936.0 8144.0 496.0 104.0 training

12436.0 8284.0 216.0 92.0 and
12768.0 8284.0 508.0 108.0 superior
13388.0 8276.0 544.0 108.0 material,
14044.0 8280.0 328.0 96.0 much
14488.0 8304.0 164.0 76.0 or.
14724.0 8284.0 288.0 92.0 most
15120.0 8280.0 120.0 96.0 of
15352.0 8284.0 80.0 92.0 It

12436.0 8416.0 532.0 100.0 obtained
13060.0 8420.0 288.0 96.0 from
13440.0 8416.0 188.0 96.0 the
13728.0 8416.0 396.0 104.0 United
14220.0 8420.0 408.0 92.0 States.

12624.0 8560.0 252.0 100.0 And
12940.0 8552.0 236.0 116.0 UN,
13240.0 8576.0 332.0 96.0 peace
13636.0 8556.0 296.0 96.0 child
13996.0 8556.0 116.0 100.0 of
14176.0 8552.0 188.0 100.0 the
14428.0 8556.0 380.0 124.0 Allies,
14872.0 8564.0 96.0 96.0 is
15024.0 8556.0 408.0 100.0 unable

12436.0 8696.0 112.0 96.0 to
12648.0 8716.0 308.0 100.0 cope.
13116.0 8696.0 496.0 96.0 Because
13712.0 8696.0 188.0 96.0 the
14004.0 8696.0 344.0 124.0 police
14448.0 8700.0 344.0 116.0 force,
14896.0 8700.0 540.0 100.0 foremost

12436.0 8836.0 120.0 96.0 of
12672.0 8836.0 192.0 96.0 the
12984.0 8836.0 504.0 120.0 parental
13608.0 8828.0 372.0 100.0 Allies'
14096.0 8836.0 452.0 116.0 designs
14668.0 8840.0 176.0 96.0 for
14964.0 8840.0 472.0 120.0 pouring

12436.0 8976.0 524.0 116.0 strength
13048.0 8972.0 232.0 96.0 Into
13364.0 8964.0 232.0 124.0 UN,
13684.0 8996.0 336.0 80.0 never
14096.0 9000.0 320.0 76.0 came
14500.0 8980.0 240.0 92.0 Into
14824.0 8976.0 360.0 116.0 being.

12648.0 9140.0 152.0 96.0 So
12864.0 9140.0 200.0 100.0 the
13128.0 9140.0 372.0 100.0 Dutch
13572.0 9140.0 224.0 100.0 and
13868.0 9140.0 192.0 100.0 the
14124.0 9140.0 668.0 100.0 Idnnmlans
14856.0 9164.0 196.0 76.0 are
15124.0 9144.0 336.0 116.0 going

12436.0 9280.0 120.0 96.0 to
12628.0 9276.0 312.0 116.0 fight
13008.0 9280.0 92.0 100.0 It
13164.0 9284.0 224.0 112.0 out,
13464.0 9276.0 480.0 104.0 because
14016.0 9280.0 188.0 104.0 the
14276.0 9280.0 416.0 104.0 United
14768.0 9284.0 376.0 92.0 States
15216.0 9280.0 224.0 100.0 and

12444.0 9416.0 448.0 104.0 Britain
12984.0 9416.0 284.0 100.0 have
13356.0 9416.0 296.0 104.0 their
13740.0 9420.0 296.0 100.0 hand
14188.0 9420.0 208.0 96.0 full
14484.0 9416.0 524.0 120.0 thinking
15096.0 9420.0 352.0 100.0 about

12444.0 9556.0 456.0 112.0 Russia,
12972.0 9556.0 436.0 116.0 fearing
13480.0 9556.0 456.0 120.0 Russia,
14000.0 9564.0 668.0 112.0 concocting
14740.0 9560.0 516.0 104.0 methods
15328.0 9568.0 120.0 88.0 to

12444.0 9696.0 516.0 96.0 forestall
13096.0 9696.0 440.0 100.0 Russia.
13740.0 9704.0 112.0 96.0 It
13980.0 9724.0 236.0 72.0 was
14348.0 9724.0 128.0 72.0 ao
14616.0 9700.0 304.0 100.0 after
15052.0 9700.0 384.0 104.0 World

12448.0 9832.0 268.0 104.0 War
12772.0 9836.0 92.0 112.0 I,
12924.0 9828.0 324.0 108.0 when
13308.0 9840.0 576.0 96.0 economic
13944.0 9836.0 576.0 100.0 sanctions
14580.0 9864.0 292.0 76.0 were
14932.0 9836.0 192.0 100.0 the
15184.0 9840.0 264.0 120.0 only

12448.0 9996.0 532.0 92.0 weapons
13060.0 9972.0 576.0 120.0 employed
13732.0 9976.0 140.0 124.0 by
13956.0 9976.0 444.0 100.0 Britain
14488.0 9976.0 228.0 100.0 and
14808.0 9976.0 432.0 104.0 France
15328.0 9984.0 120.0 96.0 to

12448.0 10136.0 416.0 100.0 oppose
12948.0 10112.0 384.0 120.0 Italy's
13416.0 10112.0 376.0 104.0 brutal
13876.0 10116.0 388.0 100.0 attack
14352.0 10140.0 304.0 96.0 upon
14744.0 10116.0 560.0 124.0 Ethiopia.

12636.0 10396.0 256.0 108.0 And
12992.0 10424.0 324.0 92.0 every
13412.0 10400.0 220.0 116.0 day
13728.0 10400.0 188.0 96.0 the
14012.0 10424.0 232.0 76.0 war
14340.0 10428.0 268.0 92.0 goes
14712.0 10428.0 136.0 76.0 on
14948.0 10400.0 112.0 104.0 In
15160.0 10400.0 292.0 108.0 Java

12448.0 10560.0 336.0 104.0 every
12900.0 10540.0 416.0 116.0 nation,
13428.0 10540.0 320.0 100.0 weak
13860.0 10568.0 124.0 76.0 or
14096.0 10552.0 424.0 112.0 strong,
14632.0 10544.0 400.0 100.0 doubts
15144.0 10568.0 308.0 80.0 more

12452.0 10684.0 220.0 96.0 and
12756.0 10700.0 308.0 76.0 more
13140.0 10680.0 252.0 100.0 that
13468.0 10676.0 200.0 100.0 UN
13756.0 10704.0 256.0 76.0 ever
14088.0 10680.0 216.0 100.0 will
14388.0 10684.0 132.0 96.0 be
14608.0 10688.0 244.0 96.0 able
14932.0 10684.0 116.0 96.0 to
15104.0 10700.0 304.0 84.0 coun-

12456.0 10824.0 364.0 92.0 teract
12912.0 10820.0 572.0 120.0 anything.
13648.0 10820.0 232.0 100.0 The
13972.0 10824.0 512.0 100.0 Western
14584.0 10832.0 448.0 92.0 nations
15124.0 10828.0 332.0 96.0 know

12456.0 10960.0 200.0 100.0 full
12764.0 10964.0 248.0 100.0 well
13112.0 10960.0 244.0 92.0 that
13460.0 10960.0 416.0 96.0 Russia
13976.0 10968.0 220.0 96.0 and
14296.0 10964.0 512.0 104.0 Russia's
14908.0 10968.0 548.0 100.0 satellites

12460.0 11120.0 344.0 76.0 never
12880.0 11100.0 304.0 96.0 want
13256.0 11092.0 200.0 104.0 ON
13536.0 11100.0 352.0 116.0 police
13964.0 11124.0 364.0 100.0 power
14400.0 11108.0 116.0 96.0 to
14592.0 11108.0 128.0 96.0 be
14804.0 11128.0 296.0 76.0 more
15176.0 11112.0 280.0 96.0 than

12456.0 11264.0 72.0 72.0 a
12596.0 11260.0 364.0 96.0 name,
13028.0 11236.0 244.0 100.0 that
13336.0 11236.0 420.0 104.0 Russia
13820.0 11240.0 96.0 100.0 Is
13984.0 11244.0 332.0 116.0 ready
14388.0 11248.0 112.0 92.0 to
14568.0 11248.0 488.0 92.0 exercise
15124.0 11268.0 332.0 104.0 every

12464.0 11376.0 380.0 104.0 Soviet
12924.0 11400.0 392.0 100.0 power,
13396.0 11376.0 396.0 104.0 within
13872.0 11388.0 216.0 96.0 and
14164.0 11384.0 480.0 96.0 without
14732.0 11384.0 216.0 116.0 UN,
15028.0 11384.0 112.0 100.0 to
15220.0 11412.0 196.0 92.0 pre-

12456.0 11516.0 272.0 96.0 vent
12800.0 11524.0 224.0 96.0 and
13100.0 11508.0 276.0 128.0 keep
13444.0 11516.0 212.0 100.0 UN
13732.0 11540.0 368.0 96.0 power
14164.0 11524.0 120.0 96.0 at
14360.0 11548.0 68.0 72.0 a
14500.0 11528.0 612.0 96.0 minimum.
15224.0 11528.0 232.0 96.0 The

12464.0 11652.0 564.0 100.0 Russians
13104.0 11652.0 324.0 100.0 know
13512.0 11652.0 208.0 100.0 full
13804.0 11660.0 240.0 100.0 well
14128.0 11660.0 248.0 100.0 that
14464.0 11664.0 188.0 96.0 the
14728.0 11664.0 124.0 104.0 U.
14936.0 11664.0 96.0 96.0 S.
15120.0 11688.0 340.0 80.0 never

12464.0 11796.0 88.0 96.0 Is
12636.0 11800.0 348.0 112.0 going
13064.0 11796.0 112.0 96.0 to
13260.0 11820.0 332.0 96.0 scrap
13680.0 11800.0 192.0 92.0 the
13948.0 11796.0 472.0 100.0 A-bomb
14512.0 11804.0 316.0 100.0 when
14924.0 11808.0 484.0 112.0 through

12464.0 11944.0 192.0 92.0 out
12760.0 11940.0 196.0 96.0 the
13052.0 11932.0 404.0 104.0 United
13564.0 11932.0 376.0 104.0 States
14040.0 11940.0 188.0 96.0 the
14324.0 11944.0 252.0 92.0 fear
14680.0 11944.0 92.0 92.0 Is
14876.0 11940.0 572.0 124.0 becoming

12460.0 12096.0 260.0 76.0 ever
12812.0 12100.0 304.0 72.0 more
13204.0 12080.0 444.0 88.0 evident
13740.0 12080.0 248.0 96.0 that
14072.0 12080.0 188.0 96.0 the

12464.0 12216.0 332.0 96.0 strife
12904.0 12216.0 264.0 96.0 with
13276.0 12216.0 420.0 96.0 Russia
13800.0 12216.0 220.0 100.0 and
14128.0 12220.0 188.0 92.0 the

12472.0 12356.0 192.0 96.0 the
12744.0 12352.0 540.0 120.0 handling
13352.0 12360.0 116.0 92.0 of
13544.0 12352.0 528.0 120.0 occupied
14148.0 12360.0 452.0 96.0 nations
14676.0 12388.0 188.0 76.0 are
14940.0 12368.0 336.0 116.0 going
15352.0 12376.0 108.0 88.0 to

12468.0 12504.0 488.0 108.0 produce
13048.0 12504.0 500.0 104.0 outright
13640.0 12504.0 532.0 92.0 conflllct

12680.0 12800.0 436.0 104.0 SINCE
13172.0 12808.0 200.0 100.0 UN
13432.0 12808.0 508.0 124.0 patently
14000.0 12832.0 228.0 72.0 was
14292.0 12808.0 620.0 124.0 powerless,
14976.0 12808.0 72.0 104.0 It
15124.0 12816.0 356.0 116.0 might

12500.0 12948.0 284.0 96.0 have
12852.0 12952.0 272.0 92.0 been
13192.0 12952.0 532.0 112.0 expected
13792.0 12952.0 248.0 96.0 that
14100.0 12952.0 188.0 92.0 the
14356.0 12952.0 400.0 100.0 United
14828.0 12956.0 372.0 100.0 States
15264.0 12960.0 216.0 92.0 and

12492.0 13088.0 444.0 100.0 Britain
13000.0 13088.0 352.0 100.0 would
13416.0 13084.0 264.0 100.0 take
13744.0 13108.0 568.0 76.0 measures
14372.0 13096.0 112.0 92.0 to
14548.0 13096.0 252.0 92.0 hold
14860.0 13096.0 188.0 96.0 the
15108.0 13096.0 368.0 104.0 Dutch

12492.0 13228.0 224.0 96.0 and
12796.0 13232.0 192.0 88.0 the
13064.0 13228.0 736.0 96.0 Indonesians
13880.0 13232.0 104.0 96.0 in
14068.0 13228.0 212.0 96.0 line
14360.0 13228.0 284.0 100.0 until
14720.0 13232.0 188.0 100.0 the
14988.0 13236.0 492.0 116.0 problem

12492.0 13368.0 120.0 96.0 of
12736.0 13364.0 668.0 104.0 Indonesian
13532.0 13368.0 828.0 120.0 Independence
14492.0 13400.0 68.0 68.0 a
14684.0 13372.0 484.0 116.0 problem
15296.0 13380.0 188.0 92.0 the

12492.0 13504.0 380.0 100.0 Dutch
12940.0 13528.0 200.0 92.0 say
13204.0 13508.0 184.0 96.0 the
13456.0 13508.0 736.0 96.0 Indonesians
14256.0 13512.0 376.0 96.0 refuse
14700.0 13516.0 112.0 92.0 to
14872.0 13512.0 432.0 100.0 discuss
15376.0 13524.0 104.0 92.0 in

12496.0 13668.0 220.0 96.0 any
12780.0 13668.0 252.0 100.0 way
13096.0 13644.0 320.0 100.0 other
13484.0 13648.0 276.0 96.0 than
13828.0 13648.0 672.0 124.0 obstinately
14636.0 13648.0 316.0 104.0 could
15016.0 13652.0 116.0 100.0 at
15200.0 13652.0 284.0 100.0 least

12488.0 13780.0 296.0 100.0 have
12860.0 13784.0 276.0 96.0 been
13212.0 13784.0 508.0 104.0 reduced,

12684.0 13924.0 228.0 100.0 But
13004.0 13924.0 300.0 100.0 what
13396.0 13952.0 292.0 72.0 were
13784.0 13928.0 188.0 96.0 the
14064.0 13932.0 712.0 116.0 suggestions
14868.0 13932.0 284.0 104.0 from
15252.0 13928.0 232.0 120.0 UN,

12492.0 14064.0 300.0 100.0 from
12860.0 14064.0 188.0 100.0 the
13108.0 14064.0 404.0 100.0 United
13580.0 14072.0 404.0 108.0 States,
14048.0 14068.0 216.0 100.0 and
14328.0 14076.0 296.0 96.0 from
14692.0 14076.0 468.0 100.0 Britain.
15288.0 14076.0 196.0 100.0 UN

12496.0 14204.0 184.0 96.0 did
12776.0 14204.0 200.0 96.0 not
13064.0 14228.0 120.0 68.0 so
13272.0 14208.0 328.0 92.0 much
13692.0 14232.0 132.0 72.0 as
13912.0 14216.0 424.0 108.0 protest
14428.0 14216.0 192.0 96.0 the
14712.0 14212.0 780.0 100.0 Netherlands'

12496.0 14340.0 344.0 96.0 bland
12924.0 14348.0 692.0 104.0 assumption
13700.0 14344.0 116.0 92.0 of
13892.0 14348.0 200.0 92.0 UN
14168.0 14344.0 416.0 120.0 "police
14668.0 14348.0 452.0 120.0 power."
15264.0 14356.0 236.0 92.0 The

12508.0 14468.0 420.0 100.0 United
13008.0 14476.0 372.0 88.0 States
13452.0 14476.0 228.0 92.0 and
13760.0 14480.0 436.0 92.0 Britain
14272.0 14488.0 508.0 96.0 resorted
14856.0 14488.0 112.0 84.0 to
15048.0 14508.0 60.0 72.0 a
15188.0 14488.0 324.0 96.0 stock

12512.0 14624.0 480.0 80.0 answer.
13164.0 14600.0 304.0 124.0 They
13572.0 14628.0 300.0 76.0 were
13976.0 14616.0 660.0 116.0 consulting.
14812.0 14616.0 304.0 120.0 They
15224.0 14648.0 292.0 72.0 were

12512.0 14744.0 336.0 120.0 using
12908.0 14768.0 332.0 96.0 every
13300.0 14768.0 428.0 72.0 avenue
13792.0 14752.0 120.0 96.0 of
13972.0 14760.0 552.0 112.0 approach
14600.0 14756.0 480.0 116.0 through
15144.0 14760.0 364.0 100.0 which

15628.0 3884.0 84.0 100.0 it
15768.0 3884.0 360.0 116.0 might
16176.0 3884.0 140.0 96.0 be
16372.0 3876.0 476.0 124.0 possible
16900.0 3872.0 116.0 104.0 to
17068.0 3868.0 236.0 104.0 halt
17356.0 3872.0 192.0 100.0 the
17600.0 3864.0 524.0 120.0 fighting.
18208.0 3864.0 144.0 100.0 So
18404.0 3856.0 120.0 100.0 th

15636.0 4020.0 504.0 124.0 struggle
16196.0 4024.0 96.0 96.0 Is
16352.0 4028.0 116.0 92.0 to
16524.0 4020.0 132.0 100.0 be
16716.0 4016.0 596.0 96.0 continued
17372.0 4016.0 116.0 96.0 at
17548.0 4008.0 288.0 100.0 least
17892.0 4004.0 180.0 100.0 for
18128.0 4000.0 544.0 168.0 monthly

15816.0 4192.0 268.0 100.0 Just
16156.0 4216.0 128.0 72.0 as
16360.0 4188.0 268.0 96.0 slow
16704.0 4212.0 128.0 72.0 as
16904.0 4184.0 192.0 100.0 the
17168.0 4176.0 564.0 124.0 approach
17812.0 4176.0 116.0 100.0 to
18000.0 4172.0 188.0 100.0 the
18264.0 4172.0 348.0 96.0 sltua-

15636.0 4332.0 232.0 100.0 tlon
15932.0 4340.0 112.0 92.0 In
16104.0 4332.0 292.0 96.0 Java
16452.0 4324.0 220.0 100.0 will
16732.0 4328.0 132.0 92.0 be
16924.0 4324.0 192.0 100.0 the
17172.0 4320.0 556.0 116.0 approach
17792.0 4320.0 116.0 96.0 to
17964.0 4312.0 396.0 112.0 taking
18420.0 4308.0 120.0 100.0 th

15636.0 4472.0 540.0 96.0 Marshall
16252.0 4472.0 260.0 112.0 plan
16580.0 4464.0 176.0 96.0 off
16828.0 4484.0 344.0 96.0 paper
17236.0 4464.0 216.0 96.0 a:d
17528.0 4456.0 460.0 116.0 making
18060.0 4452.0 88.0 96.0 It
18216.0 4476.0 144.0 72.0 an
18432.0 4464.0 248.0 152.0 ao-j

15636.0 4612.0 256.0 108.0 tlve,
15948.0 4608.0 568.0 96.0 workable
16572.0 4604.0 452.0 100.0 method
17076.0 4596.0 116.0 100.0 of
17248.0 4592.0 692.0 116.0 combatting
17996.0 4588.0 188.0 100.0 the
18240.0 4592.0 436.0 156.0 Sovletf

15632.0 4748.0 836.0 108.0 economically.
16600.0 4740.0 104.0 96.0 It
16776.0 4744.0 408.0 100.0 cannot
17260.0 4736.0 484.0 120.0 possibly
17812.0 4736.0 448.0 92.0 become
18336.0 4708.0 300.0 116.0 mlll-'

15640.0 4888.0 248.0 92.0 tant
15968.0 4884.0 568.0 108.0 economic
16620.0 4900.0 516.0 100.0 pressure
17220.0 4880.0 280.0 96.0 until
17580.0 4872.0 188.0 100.0 the
17848.0 4872.0 264.0 100.0 next
18184.0 4868.0 432.0 96.0 session

15640.0 5028.0 120.0 96.0 of
15816.0 5028.0 588.0 112.0 Congress.

15828.0 5164.0 640.0 108.0 Meantime,
16552.0 5160.0 192.0 96.0 the
16820.0 5160.0 380.0 100.0 House
17284.0 5156.0 308.0 96.0 voted
17672.0 5152.0 116.0 100.0 to
17864.0 5144.0 268.0 108.0 send
18216.0 5172.0 144.0 80.0 an
18440.0 5144.0 164.0 96.0 In-

15644.0 5300.0 320.0 116.0 quiry
16032.0 5304.0 664.0 96.0 Committee
16764.0 5296.0 116.0 96.0 to
16948.0 5296.0 464.0 112.0 Europe.
17548.0 5292.0 276.0 112.0 And.
17896.0 5312.0 268.0 76.0 even
18236.0 5312.0 128.0 72.0 as
18428.0 5288.0 256.0 96.0 tha.

15644.0 5440.0 372.0 96.0 House
16112.0 5448.0 340.0 100.0 votes,
16548.0 5440.0 412.0 92.0 Russia
17056.0 5440.0 88.0 92.0 Is
17236.0 5432.0 612.0 116.0 Informing
17932.0 5432.0 188.0 96.0 the
18216.0 5424.0 404.0 104.0 United

15648.0 5584.0 372.0 92.0 States
16088.0 5580.0 428.0 116.0 bluntly
16580.0 5580.0 252.0 100.0 that
16896.0 5600.0 140.0 72.0 no
17104.0 5576.0 468.0 120.0 Inquiry
17620.0 5568.0 660.0 104.0 Committee
18352.0 5568.0 92.0 96.0 Is
18508.0 5572.0 120.0 92.0 to

15640.0 5712.0 136.0 100.0 be
15864.0 5716.0 552.0 100.0 admitted
16508.0 5720.0 232.0 96.0 Into
16832.0 5716.0 436.0 96.0 Russia.
17424.0 5708.0 248.0 100.0 And
17768.0 5708.0 408.0 104.0 Russia
18268.0 5708.0 424.0 112.0 might'

15644.0 5852.0 280.0 100.0 have
16028.0 5856.0 352.0 104.0 added
16484.0 5856.0 252.0 100.0 that
16828.0 5856.0 188.0 96.0 the
17116.0 5852.0 372.0 104.0 Soviet
17584.0 5848.0 264.0 100.0 does
17944.0 5844.0 196.0 100.0 not
18236.0 5840.0 452.0 120.0 Intend,

15644.0 5996.0 280.0 108.0 that,
16020.0 5996.0 392.0 96.0 within
16504.0 6016.0 224.0 100.0 any
16816.0 5992.0 372.0 96.0 Soviet
17280.0 5988.0 512.0 116.0 sttetllte,
17888.0 5988.0 184.0 96.0 ths
18168.0 5984.0 488.0 120.0 Inquiry-

15648.0 6132.0 668.0 104.0 Committee
16372.0 6128.0 220.0 100.0 will
16660.0 6132.0 240.0 104.0 find
16960.0 6132.0 192.0 100.0 out
17208.0 6128.0 548.0 124.0 anything
17820.0 6124.0 252.0 104.0 that
18128.0 6128.0 472.0 96.0 matters

15828.0 6292.0 864.0 124.0 Congressional
16768.0 6296.0 824.0 120.0 investigator,
17664.0 6324.0 148.0 76.0 no
17888.0 6300.0 416.0 100.0 matter
18380.0 6292.0 252.0 104.0 how

15648.0 6444.0 284.0 112.0 good
16012.0 6440.0 304.0 100.0 their
16388.0 6440.0 396.0 108.0 Intent,
16860.0 6464.0 196.0 76.0 are
17136.0 6444.0 192.0 92.0 not
17408.0 6440.0 336.0 116.0 going
17820.0 6440.0 116.0 100.0 to
18016.0 6436.0 624.0 100.0 determine

15648.0 6580.0 552.0 120.0 anything
16268.0 6576.0 324.0 104.0 other
16660.0 6580.0 276.0 100.0 than
17004.0 6580.0 296.0 100.0 facts
17368.0 6576.0 456.0 120.0 already
17892.0 6572.0 552.0 100.0 available
18512.0 6576.0 120.0 96.0 to

15648.0 6716.0 312.0 104.0 them
16040.0 6724.0 300.0 92.0 front
16424.0 6720.0 344.0 112.0 Army
16844.0 6716.0 660.0 124.0 occupation
17584.0 6716.0 368.0 100.0 chiefs
18028.0 6716.0 220.0 100.0 and
18332.0 6712.0 52.0 96.0 f
18396.0 6736.0 240.0 76.0 rom

15652.0 6856.0 444.0 100.0 trained
16160.0 6880.0 948.0 92.0 newspapermen,
17168.0 6852.0 220.0 100.0 and
17448.0 6852.0 552.0 120.0 certainly
18060.0 6852.0 196.0 100.0 not
18320.0 6876.0 320.0 76.0 near-

15652.0 6988.0 112.0 116.0 ly
15820.0 7020.0 124.0 68.0 ao
16000.0 6996.0 332.0 100.0 much
16396.0 7020.0 60.0 68.0 a
16576.0 7000.0 432.0 112.0 George
17064.0 7000.0 112.0 100.0 C.
17236.0 6992.0 576.0 112.0 Marshall,
17872.0 6996.0 580.0 112.0 Secretary
18516.0 6988.0 120.0 96.0 of

15656.0 7136.0 344.0 104.0 Mate,
16100.0 7128.0 520.0 116.0 divulged
16716.0 7140.0 116.0 96.0 to
16928.0 7132.0 304.0 100.0 them
17328.0 7132.0 120.0 100.0 In
17540.0 7156.0 156.0 80.0 an
17792.0 7092.0 920.0 148.0 off-the-record?

15656.0 7276.0 520.0 112.0 meeting.

18628.0 7372.0 80.0 148.0 J

15832.0 7568.0 436.0 112.0 WHAT
16352.0 7572.0 796.0 104.0 MARSHALL
17228.0 7580.0 224.0 100.0 told
17544.0 7584.0 304.0 104.0 them
17936.0 7604.0 224.0 76.0 was
18244.0 7604.0 464.0 112.0 appar-4

15652.0 7724.0 216.0 108.0 ent,
15960.0 7748.0 140.0 72.0 no
16188.0 7732.0 412.0 88.0 matter
16684.0 7724.0 240.0 96.0 how
17008.0 7728.0 388.0 92.0 secret.
17540.0 7720.0 172.0 104.0 He
17796.0 7720.0 448.0 104.0 advised
18328.0 7724.0 308.0 96.0 them-

15648.0 7860.0 428.0 128.0 bluntly
16160.0 7868.0 120.0 96.0 of
16368.0 7868.0 368.0 100.0 Soviet
16820.0 7868.0 444.0 96.0 method
17352.0 7868.0 220.0 96.0 and
17660.0 7864.0 520.0 124.0 probable
18264.0 7864.0 364.0 100.0 Soviet

15648.0 8012.0 340.0 112.0 goals.
16136.0 8008.0 528.0 96.0 Marshall
16748.0 8032.0 332.0 76.0 never
17156.0 8008.0 352.0 104.0 would
17588.0 8012.0 280.0 100.0 have
17948.0 8008.0 440.0 96.0 devised
18472.0 8008.0 252.0 92.0 hits,

15648.0 8152.0 260.0 112.0 plan
15988.0 8152.0 120.0 92.0 of
16184.0 8152.0 564.0 96.0 economic
16824.0 8152.0 180.0 96.0 aid
17084.0 8148.0 176.0 104.0 for
17336.0 8152.0 472.0 116.0 Europe,
17884.0 8152.0 264.0 100.0 with
18224.0 8148.0 144.0 100.0 all
18448.0 8152.0 196.0 92.0 the

15656.0 8292.0 292.0 100.0 risks
16036.0 8300.0 80.0 92.0 it
16204.0 8296.0 400.0 96.0 entails
16696.0 8296.0 172.0 96.0 for
16944.0 8296.0 192.0 100.0 the
17224.0 8292.0 400.0 100.0 United
17712.0 8292.0 400.0 112.0 States,
18196.0 8288.0 220.0 100.0 had
18504.0 8288.0 216.0 120.0 hv

15656.0 8440.0 184.0 88.0 not
15956.0 8432.0 268.0 100.0 been
16332.0 8436.0 604.0 100.0 convinced
17044.0 8436.0 248.0 96.0 that
17396.0 8436.0 416.0 104.0 Russia
17916.0 8440.0 92.0 96.0 It
18108.0 8444.0 196.0 100.0 not
18408.0 8456.0 240.0 92.0 per-

15652.0 8576.0 460.0 116.0 mltting
16212.0 8600.0 216.0 96.0 any
16528.0 8580.0 820.0 100.0 consideration
17456.0 8580.0 112.0 96.0 to
17664.0 8600.0 308.0 100.0 away
18072.0 8576.0 192.0 100.0 her
18368.0 8576.0 356.0 124.0 ptths

15652.0 8716.0 428.0 104.0 toward
16156.0 8720.0 728.0 100.0 domination.
18644.0 8704.0 96.0 132.0 J

15840.0 8888.0 548.0 108.0 Marshall
16508.0 8892.0 752.0 128.0 undoubtedly
17380.0 8892.0 508.0 104.0 revealed
18012.0 8896.0 180.0 100.0 far
18304.0 8916.0 340.0 96.0 mors,

15660.0 9036.0 604.0 120.0 regarding
16368.0 9060.0 332.0 96.0 every
16808.0 9040.0 380.0 96.0 nation
17292.0 9040.0 432.0 104.0 where.
17764.0 9040.0 200.0 108.0 the
18072.0 9040.0 376.0 104.0 Soviet
18560.0 9044.0 180.0 128.0 Is,,

15656.0 9180.0 636.0 120.0 employing
16420.0 9184.0 664.0 120.0 occupation
17212.0 9180.0 400.0 116.0 forces,
17740.0 9184.0 276.0 100.0 than
18144.0 9180.0 184.0 104.0 did
18456.0 9180.0 276.0 100.0 thel-

15656.0 9320.0 428.0 100.0 former
16164.0 9320.0 496.0 100.0 Russian
16744.0 9324.0 368.0 116.0 agent,
17192.0 9320.0 384.0 104.0 Victor
17656.0 9324.0 124.0 96.0 A.
17864.0 9320.0 784.0 120.0 Kravchenko,

15656.0 9460.0 372.0 104.0 whose
16112.0 9464.0 608.0 128.0 testimony
16800.0 9468.0 376.0 96.0 before
17256.0 9468.0 188.0 96.0 the
17524.0 9464.0 384.0 108.0 House
17984.0 9464.0 664.0 100.0 Committee

15600.0 9704.0 16.0 12.0 .
15672.0 9628.0 144.0 92.0 pp.
15888.0 9608.0 796.0 104.0 un-American
16756.0 9596.0 580.0 112.0 Activities
17404.0 9608.0 224.0 104.0 last
17696.0 9604.0 312.0 104.0 week
18076.0 9588.0 672.0 136.0 dismayed!

15588.0 9780.0 16.0 28.0 '
15656.0 9744.0 140.0 96.0 all
15876.0 9744.0 692.0 104.0 Americans,
16708.0 9744.0 216.0 104.0 Yet
16996.0 9748.0 748.0 100.0 Kravrhenko
17820.0 9748.0 228.0 104.0 told
18120.0 9768.0 136.0 76.0 us
18328.0 9748.0 324.0 96.0 noth-

15660.0 9880.0 196.0 120.0 ing
15944.0 9916.0 164.0 72.0 we
16192.0 9888.0 188.0 104.0 did
16476.0 9888.0 200.0 100.0 not
16756.0 9888.0 352.0 108.0 know,
17260.0 9888.0 192.0 104.0 We
17540.0 9892.0 324.0 100.0 knew
17952.0 9892.0 316.0 96.0 there
18352.0 9908.0 296.0 80.0 were

15560.0 10124.0 16.0 20.0 .
15668.0 10028.0 488.0 100.0 Russian
16268.0 10028.0 592.0 120.0 espionage
16960.0 10028.0 396.0 120.0 agents
17456.0 10032.0 396.0 104.0 within
17956.0 10032.0 188.0 100.0 the
18244.0 9988.0 500.0 144.0 United'

15664.0 10172.0 404.0 112.0 States,
16136.0 10196.0 132.0 72.0 or
16332.0 10176.0 280.0 100.0 have
16680.0 10200.0 164.0 72.0 we
16912.0 10172.0 560.0 120.0 forgotten
17540.0 10200.0 128.0 72.0 ao
17736.0 10196.0 272.0 76.0 soon
18072.0 10176.0 248.0 100.0 how
18384.0 10176.0 272.0 116.0 they

15668.0 10336.0 288.0 80.0 were
16032.0 10316.0 224.0 100.0 and
16332.0 10336.0 188.0 76.0 are
16596.0 10316.0 500.0 116.0 working
17172.0 10340.0 288.0 96.0 upon
17540.0 10320.0 188.0 100.0 the
17796.0 10316.0 472.0 100.0 A-bomb
18344.0 10320.0 320.0 116.0 prob-

15672.0 10448.0 212.0 104.0 lem
15956.0 10460.0 220.0 96.0 and
16256.0 10456.0 244.0 100.0 how
16572.0 10456.0 264.0 124.0 they
16904.0 10460.0 476.0 100.0 Infested
17452.0 10456.0 536.0 104.0 Canada?
18060.0 10460.0 200.0 96.0 We
18328.0 10456.0 336.0 100.0 knew

15672.0 10596.0 264.0 120.0 they
16040.0 10624.0 292.0 72.0 were
16436.0 10596.0 456.0 124.0 seeking
16996.0 10600.0 268.0 104.0 data
17364.0 10624.0 140.0 80.0 on
17608.0 10596.0 152.0 108.0 alt
17860.0 10620.0 204.0 80.0 our
18164.0 10604.0 496.0 112.0 military

15672.0 10740.0 400.0 100.0 forces.
16240.0 10744.0 196.0 96.0 We
16548.0 10740.0 328.0 96.0 know
16976.0 10744.0 188.0 96.0 the
17264.0 10768.0 256.0 76.0 men
17636.0 10740.0 108.0 104.0 In
17852.0 10748.0 188.0 92.0 the
18148.0 10740.0 508.0 100.0 Kremlin

15672.0 10876.0 280.0 104.0 have
16044.0 10884.0 272.0 100.0 such
16408.0 10908.0 68.0 72.0 a
16568.0 10888.0 240.0 112.0 grip
16900.0 10908.0 288.0 96.0 upon
17284.0 10888.0 188.0 96.0 the
17564.0 10884.0 388.0 120.0 people
18040.0 10884.0 116.0 96.0 of
18248.0 10884.0 420.0 100.0 Russia

15672.0 11024.0 248.0 100.0 that
16004.0 11048.0 272.0 80.0 even
16368.0 11024.0 548.0 108.0 Russians
16996.0 11032.0 244.0 92.0 who
17320.0 11032.0 336.0 96.0 know
17736.0 11024.0 360.0 104.0 better
18172.0 11028.0 264.0 100.0 dare
18520.0 11028.0 156.0 92.0 do

15672.0 11168.0 472.0 120.0 nothing
16220.0 11168.0 316.0 100.0 other
16612.0 11168.0 272.0 100.0 than
16960.0 11168.0 276.0 120.0 obey
17308.0 11168.0 340.0 104.0 them.
18672.0 11140.0 76.0 152.0 J

15856.0 11336.0 200.0 104.0 We
16128.0 11340.0 324.0 100.0 know
16516.0 11344.0 180.0 96.0 too
16764.0 11344.0 248.0 96.0 that
17080.0 11344.0 88.0 100.0 If
17228.0 11344.0 292.0 120.0 Italy
17588.0 11340.0 216.0 100.0 and
17876.0 11344.0 424.0 100.0 France
18368.0 11364.0 296.0 80.0 were

15672.0 11484.0 196.0 100.0 not
15956.0 11508.0 120.0 72.0 so
16168.0 11480.0 504.0 124.0 strongly
16760.0 11484.0 528.0 116.0 Catholic,
17384.0 11484.0 220.0 100.0 and
17696.0 11484.0 188.0 100.0 the
17976.0 11488.0 476.0 96.0 Vatican
18544.0 11504.0 212.0 80.0 so'

15672.0 11624.0 504.0 120.0 strongly
16264.0 11624.0 480.0 120.0 opposed
16840.0 11628.0 108.0 96.0 to
17036.0 11628.0 792.0 108.0 Communism,
17916.0 11628.0 416.0 100.0 Russia
18416.0 11628.0 248.0 100.0 well

15680.0 11768.0 356.0 112.0 might
16184.0 11776.0 336.0 92.0 wrest
16664.0 11768.0 288.0 116.0 Italy
17096.0 11768.0 216.0 100.0 and
17460.0 11772.0 432.0 100.0 France
18040.0 11772.0 292.0 96.0 from
18480.0 11772.0 236.0 96.0 the-

15672.0 11904.0 508.0 104.0 Western
16296.0 11908.0 444.0 96.0 nations
16844.0 11912.0 144.0 116.0 by
17092.0 11912.0 480.0 100.0 Internal
17684.0 11912.0 696.0 120.0 penetration
18492.0 11908.0 176.0 120.0 hftr

14344.0 12088.0 460.0 92.0 current
14888.0 12092.0 564.0 92.0 economic
15680.0 12048.0 172.0 100.0 for
15988.0 12056.0 184.0 96.0 tns
16244.0 12052.0 532.0 100.0 Marshall
16840.0 12056.0 260.0 120.0 plan
17164.0 12076.0 256.0 76.0 ever
17484.0 12060.0 92.0 92.0 Is
17640.0 12052.0 384.0 124.0 placed
18092.0 12052.0 108.0 100.0 In
18264.0 12052.0 404.0 104.0 actio,
18692.0 12032.0 76.0 212.0 .j

14424.0 12224.0 324.0 92.0 strife
14860.0 12228.0 596.0 112.0 regarding
18724.0 12284.0 44.0 52.0 t

15860.0 12392.0 184.0 104.0 TO
16132.0 12392.0 392.0 108.0 DEAL
16604.0 12400.0 268.0 100.0 with
16964.0 12400.0 408.0 100.0 Russia
17456.0 12428.0 160.0 72.0 we
17708.0 12400.0 272.0 104.0 neel
18068.0 12400.0 364.0 120.0 speed,
18520.0 12408.0 148.0 96.0 all

15696.0 12544.0 184.0 92.0 the
15952.0 12548.0 332.0 116.0 speed
16360.0 12572.0 156.0 72.0 we
16588.0 12576.0 208.0 72.0 can
16868.0 12544.0 408.0 116.0 obtain,
17352.0 12548.0 108.0 100.0 In
17528.0 12540.0 452.0 132.0 placing
18048.0 12544.0 632.0 104.0 Marshall's

15700.0 12680.0 256.0 124.0 plan
16032.0 12688.0 108.0 96.0 In
16216.0 12684.0 400.0 100.0 action.
17224.0 12696.0 36.0 88.0 I

15868.0 12820.0 156.0 96.0 To
16132.0 12828.0 244.0 96.0 deal
16492.0 12828.0 264.0 96.0 with
16868.0 12832.0 272.0 100.0 such
17252.0 12828.0 600.0 104.0 situations
17960.0 12852.0 128.0 76.0 at
18192.0 12828.0 256.0 104.0 that
18556.0 12828.0 112.0 100.0 in

15692.0 12960.0 316.0 116.0 Java,
16088.0 12968.0 188.0 96.0 the
16356.0 12968.0 500.0 96.0 Western
16936.0 12972.0 444.0 96.0 nations
17456.0 12976.0 272.0 96.0 need
17804.0 12976.0 116.0 96.0 to
17992.0 12972.0 320.0 96.0 Insist
18384.0 12996.0 296.0 92.0 upon

15696.0 13124.0 64.0 72.0 a
15848.0 13104.0 344.0 120.0 police
16276.0 13108.0 304.0 96.0 force
16664.0 13112.0 176.0 92.0 for
16916.0 13108.0 228.0 104.0 UN,
17224.0 13108.0 224.0 100.0 and
17528.0 13112.0 92.0 100.0 if
17696.0 13112.0 416.0 96.0 Russia
18184.0 13112.0 224.0 96.0 will
18492.0 13120.0 196.0 88.0 not

15696.0 13264.0 332.0 88.0 agree
16112.0 13248.0 112.0 92.0 to
16308.0 13244.0 112.0 112.0 It,
16500.0 13248.0 192.0 96.0 the
16776.0 13248.0 504.0 100.0 Western
17368.0 13252.0 452.0 100.0 nations
17904.0 13248.0 272.0 104.0 need
18256.0 13252.0 116.0 100.0 to
18456.0 13256.0 228.0 112.0 pull
18716.0 13232.0 72.0 172.0 J

15696.0 13388.0 192.0 92.0 out
15944.0 13384.0 120.0 96.0 of
16116.0 13384.0 204.0 100.0 UN
16376.0 13380.0 268.0 104.0 with
16704.0 13384.0 292.0 100.0 their
17052.0 13388.0 312.0 100.0 allies
17420.0 13388.0 220.0 100.0 and
17700.0 13396.0 176.0 96.0 aot
17932.0 13412.0 144.0 100.0 up
18132.0 13420.0 68.0 76.0 a
18252.0 13392.0 436.0 96.0 similar

15700.0 13524.0 772.0 108.0 organisation
16540.0 13524.0 548.0 120.0 equipped
17160.0 13528.0 264.0 96.0 with
17640.0 13532.0 344.0 112.0 police
18060.0 13528.0 332.0 120.0 force,
18464.0 13532.0 224.0 100.0 and

15700.0 13656.0 308.0 104.0 leave
16076.0 13664.0 184.0 104.0 the
16324.0 13656.0 476.0 120.0 original
16868.0 13664.0 196.0 100.0 UN
17128.0 13664.0 112.0 100.0 to
17304.0 13668.0 444.0 100.0 Russia.
17844.0 13672.0 496.0 100.0 Because
18400.0 13668.0 400.0 136.0 Run-';

15700.0 13792.0 168.0 108.0 sla
15952.0 13824.0 336.0 80.0 never
16372.0 13808.0 92.0 92.0 Is
16544.0 13804.0 336.0 124.0 going
16960.0 13808.0 116.0 92.0 to
17152.0 13828.0 336.0 96.0 agrea
17568.0 13808.0 116.0 100.0 to
17764.0 13832.0 72.0 76.0 a
17916.0 13812.0 348.0 120.0 police
18348.0 13804.0 392.0 124.0 force,!

15700.0 13932.0 216.0 100.0 and
15996.0 13940.0 416.0 100.0 Russia
16488.0 13964.0 364.0 92.0 never,
16928.0 13964.0 140.0 76.0 no
17140.0 13948.0 420.0 96.0 matter
17624.0 13944.0 252.0 104.0 how
17952.0 13948.0 504.0 124.0 strongly
18520.0 13956.0 172.0 96.0 af-

15704.0 14076.0 476.0 116.0 fronted,
16244.0 14080.0 92.0 100.0 Is
16392.0 14080.0 336.0 120.0 going
16788.0 14088.0 108.0 92.0 to
16952.0 14080.0 224.0 128.0 pull
17236.0 14088.0 192.0 96.0 out
17484.0 14088.0 120.0 100.0 of
17656.0 14084.0 232.0 108.0 UN.
17976.0 14092.0 528.0 108.0 Because,
18564.0 14116.0 128.0 80.0 as

15708.0 14236.0 204.0 76.0 one
15980.0 14216.0 116.0 100.0 of
16164.0 14220.0 188.0 96.0 the
16416.0 14220.0 208.0 116.0 Big
16692.0 14220.0 264.0 100.0 Five
17020.0 14224.0 112.0 100.0 In
17192.0 14220.0 236.0 116.0 UN,
17492.0 14224.0 420.0 100.0 Russia
17972.0 14248.0 212.0 84.0 can
18248.0 14228.0 256.0 100.0 stall
18568.0 14260.0 128.0 76.0 or

15716.0 14360.0 468.0 108.0 prevent
16260.0 14376.0 328.0 96.0 every
16660.0 14356.0 204.0 100.0 UN
16940.0 14360.0 368.0 100.0 action
17384.0 14360.0 204.0 100.0 she
17660.0 14368.0 368.0 96.0 wants
18100.0 14368.0 400.0 104.0 stalled
18576.0 14332.0 236.0 156.0 or!

15636.0 14568.0 28.0 24.0 .
15716.0 14488.0 640.0 112.0 prevented.
16416.0 14572.0 24.0 16.0 .
16516.0 14484.0 208.0 104.0 We
16808.0 14496.0 364.0 116.0 might
17264.0 14520.0 124.0 72.0 ai
17480.0 14496.0 248.0 100.0 well
17828.0 14504.0 284.0 96.0 have
18204.0 14508.0 224.0 96.0 two
18520.0 14532.0 184.0 92.0 op-

15716.0 14628.0 396.0 116.0 posing
16176.0 14628.0 320.0 112.0 UN's,
16568.0 14656.0 128.0 72.0 as
16760.0 14632.0 432.0 96.0 Britain
17260.0 14640.0 216.0 96.0 and
17548.0 14644.0 188.0 92.0 the
17800.0 14640.0 128.0 100.0 U.
17996.0 14640.0 96.0 104.0 S.
18160.0 14648.0 544.0 120.0 opposing

15724.0 14760.0 448.0 108.0 Russia.
16300.0 14768.0 196.0 104.0 It's
16564.0 14768.0 212.0 104.0 two
16844.0 14776.0 424.0 116.0 worlds,
17340.0 14784.0 360.0 96.0 either
17764.0 14808.0 276.0 96.0 way,

13528.0 15176.0 2296.0 440.0 WILLIAM
16024.0 15208.0 424.0 416.0 H.
16632.0 15208.0 1992.0 432.0 HESSLER

14580.0 15780.0 356.0 212.0 On
15080.0 15780.0 1220.0 264.0 Foreign
16448.0 15796.0 1144.0 216.0 Affairs

12488.0 16364.0 284.0 184.0 Pull
12904.0 16372.0 336.0 184.0 Out
13364.0 16376.0 248.0 184.0 Of
13732.0 16388.0 696.0 232.0 Europe?
14616.0 16384.0 312.0 184.0 Risk
15056.0 16392.0 260.0 188.0 Far
15428.0 16400.0 320.0 184.0 Too
15876.0 16408.0 564.0 184.0 Gieat.

12724.0 16680.0 416.0 152.0 Every
13212.0 16716.0 272.0 92.0 now
13568.0 16692.0 240.0 124.0 and
13888.0 16696.0 284.0 120.0 then
14252.0 16692.0 60.0 120.0 I
14388.0 16728.0 228.0 88.0 run
14696.0 16700.0 252.0 120.0 into
15024.0 16700.0 208.0 124.0 the
15312.0 16736.0 136.0 84.0 ar-

12476.0 16896.0 548.0 144.0 gument,
13132.0 16888.0 344.0 124.0 often
13584.0 16904.0 228.0 140.0 put
13916.0 16928.0 292.0 120.0 very
14312.0 16900.0 292.0 148.0 ably
14708.0 16904.0 232.0 120.0 and
15052.0 16904.0 380.0 120.0 intelli-

12480.0 17096.0 472.0 144.0 gently,
13088.0 17092.0 268.0 124.0 that
13488.0 17132.0 180.0 88.0 we
13804.0 17104.0 380.0 140.0 ought
14320.0 17116.0 128.0 104.0 to
14580.0 17104.0 560.0 120.0 abandon
15280.0 17140.0 220.0 84.0 our

12476.0 17300.0 908.0 116.0 commitments
13472.0 17300.0 120.0 116.0 in
13680.0 17304.0 484.0 148.0 Europe
14252.0 17304.0 244.0 124.0 and
14584.0 17340.0 224.0 92.0 our
14884.0 17304.0 604.0 124.0 subsidies

12476.0 17508.0 128.0 108.0 to
12692.0 17500.0 528.0 144.0 Europe,
13312.0 17504.0 240.0 116.0 and
13644.0 17504.0 172.0 120.0 let
13900.0 17520.0 432.0 112.0 nature
14428.0 17512.0 288.0 120.0 take
14808.0 17512.0 156.0 120.0 its
15056.0 17544.0 424.0 88.0 course

12492.0 17700.0 348.0 96.0 there.
12936.0 17704.0 108.0 100.0 It
13108.0 17704.0 96.0 92.0 is
13268.0 17708.0 192.0 100.0 not
13524.0 17704.0 264.0 124.0 only
13848.0 17704.0 188.0 100.0 the
14104.0 17716.0 760.0 116.0 unrepentant
14932.0 17712.0 516.0 104.0 Isolation-

12488.0 17880.0 144.0 96.0 ist
12716.0 17876.0 256.0 100.0 who
13056.0 17876.0 388.0 100.0 makes
13528.0 17884.0 232.0 92.0 thia
13836.0 17892.0 628.0 108.0 argument.
14584.0 17896.0 108.0 96.0 It
14776.0 17888.0 92.0 100.0 li
14956.0 17896.0 196.0 96.0 not
15232.0 17896.0 256.0 112.0 only

12488.0 18056.0 188.0 92.0 the
12752.0 18052.0 904.0 100.0 fellow-traveler
13728.0 18064.0 500.0 112.0 wanting
14296.0 18060.0 116.0 100.0 to
14484.0 18088.0 484.0 96.0 appease
15040.0 18068.0 192.0 104.0 the
15300.0 18068.0 148.0 100.0 So-

12480.0 18232.0 236.0 96.0 viet
12812.0 18228.0 396.0 104.0 Union.
13340.0 18232.0 360.0 100.0 There
13804.0 18260.0 192.0 76.0 are
14096.0 18260.0 308.0 76.0 some
14504.0 18236.0 652.0 120.0 thoughtful
15260.0 18240.0 220.0 96.0 and

12480.0 18412.0 440.0 92.0 sincere
13028.0 18404.0 456.0 104.0 citizens
13600.0 18408.0 252.0 96.0 who
13964.0 18408.0 280.0 100.0 have
14360.0 18436.0 348.0 96.0 grave
14820.0 18412.0 660.0 120.0 misgivings

12484.0 18584.0 348.0 96.0 about
12916.0 18588.0 184.0 92.0 the
13188.0 18588.0 640.0 124.0 Immensity
13900.0 18588.0 124.0 96.0 of
14104.0 18608.0 200.0 76.0 our
14384.0 18588.0 908.0 120.0 entanglements
15372.0 18584.0 104.0 100.0 In

12492.0 18760.0 228.0 96.0 this
12804.0 18764.0 484.0 116.0 postwar
13372.0 18760.0 376.0 116.0 world,
13832.0 18760.0 216.0 96.0 and
14136.0 18764.0 248.0 96.0 who
14468.0 18764.0 516.0 112.0 honestly
15068.0 18760.0 412.0 100.0 believe

12488.0 18904.0 384.0 96.0 Soviet
12932.0 18904.0 724.0 116.0 imperialism
13712.0 18904.0 220.0 96.0 will
13996.0 18908.0 296.0 112.0 hang
14348.0 18908.0 316.0 96.0 itself
14720.0 18908.0 88.0 100.0 If
14864.0 18912.0 84.0 92.0 It
15008.0 18908.0 92.0 100.0 Is
15156.0 18912.0 244.0 116.0 give

12492.0 19084.0 444.0 112.0 enough
13004.0 19100.0 284.0 100.0 rope.

12676.0 19248.0 340.0 104.0 Their
13092.0 19276.0 256.0 76.0 case
13424.0 19260.0 296.0 96.0 rests
13796.0 19248.0 416.0 128.0 mainly
14292.0 19280.0 140.0 76.0 on
14516.0 19256.0 192.0 100.0 the
14784.0 19260.0 612.0 120.0 aesumptli.

12488.0 19432.0 256.0 100.0 that
12812.0 19432.0 192.0 96.0 the
13072.0 19428.0 556.0 100.0 Russlani
13696.0 19428.0 356.0 104.0 would
14124.0 19460.0 120.0 68.0 so
14312.0 19432.0 348.0 100.0 abuse
14728.0 19432.0 216.0 96.0 and
15020.0 19432.0 336.0 120.0 plund
15444.0 19468.0 16.0 60.0 1

12492.0 19608.0 192.0 96.0 the
12756.0 19604.0 448.0 100.0 nations
13272.0 19608.0 120.0 96.0 of
13460.0 19608.0 452.0 116.0 Europe
13980.0 19632.0 124.0 72.0 as
14176.0 19608.0 112.0 96.0 to
14360.0 19608.0 296.0 100.0 raise
14724.0 19636.0 148.0 92.0 up
14936.0 19628.0 72.0 76.0 a
15076.0 19628.0 364.0 100.0 power

12484.0 19784.0 164.0 108.0 fill
12764.0 19784.0 1184.0 96.0 counter-movement
14084.0 19784.0 108.0 100.0 It
14300.0 19784.0 292.0 96.0 rests
14700.0 19780.0 236.0 100.0 also
15040.0 19808.0 144.0 80.0 on
15300.0 19780.0 184.0 100.0 the

12492.0 19960.0 340.0 96.0 belief
12936.0 19960.0 248.0 96.0 that
13280.0 19956.0 192.0 100.0 the
13576.0 19956.0 556.0 96.0 Russians
14232.0 19948.0 260.0 104.0 lack
14596.0 19956.0 192.0 96.0 the
14884.0 19952.0 388.0 124.0 talent,
15376.0 19956.0 104.0 100.0 In

12484.0 20136.0 640.0 100.0 economics
13180.0 20136.0 220.0 96.0 and
13460.0 20132.0 768.0 120.0 government,
14288.0 20136.0 116.0 92.0 to
14460.0 20124.0 520.0 120.0 organize
15040.0 20124.0 440.0 124.0 Europe

12488.0 20340.0 132.0 72.0 as
12704.0 20336.0 76.0 76.0 a
12864.0 20320.0 472.0 96.0 fortress
13420.0 20308.0 128.0 96.0 of
13632.0 20304.0 764.0 104.0 Communism
14488.0 20300.0 720.0 124.0 confronting
15296.0 20308.0 192.0 96.0 tho

12492.0 20488.0 644.0 104.0 remainder
13212.0 20488.0 120.0 104.0 of
13408.0 20480.0 196.0 104.0 the
13684.0 20484.0 380.0 104.0 world.

12684.0 20668.0 316.0 116.0 They
13072.0 20664.0 328.0 100.0 make
13480.0 20656.0 192.0 104.0 the
13752.0 20660.0 444.0 104.0 further
14268.0 20664.0 672.0 112.0 asumption,
15016.0 20652.0 472.0 108.0 without

12500.0 20840.0 488.0 120.0 perhaps
13124.0 20832.0 532.0 124.0 realizing
13792.0 20832.0 260.0 124.0 they
14188.0 20828.0 320.0 104.0 ir.&kt
14656.0 20836.0 112.0 104.0 It,
14912.0 20824.0 244.0 104.0 that
15292.0 20856.0 200.0 68.0 our

12496.0 21012.0 544.0 116.0 strategic
13108.0 21004.0 732.0 124.0 relationship
13904.0 21004.0 112.0 96.0 to
14080.0 21008.0 444.0 112.0 Europe
14592.0 21008.0 88.0 92.0 is
14748.0 21004.0 180.0 96.0 the
14992.0 21024.0 308.0 76.0 same
15368.0 21032.0 124.0 64.0 as

12496.0 21184.0 388.0 100.0 before
12968.0 21184.0 184.0 96.0 the
13232.0 21204.0 228.0 72.0 war
13596.0 21176.0 252.0 100.0 that
13924.0 21200.0 160.0 72.0 we
14164.0 21172.0 288.0 100.0 have
14528.0 21204.0 68.0 72.0 a
14676.0 21176.0 372.0 96.0 choice
15132.0 21176.0 120.0 92.0 of
15332.0 21200.0 120.0 72.0 or-

12496.0 21356.0 528.0 116.0 ganizing
13112.0 21380.0 196.0 76.0 our
13400.0 21348.0 520.0 100.0 defenses
14012.0 21348.0 360.0 96.0 either
14472.0 21352.0 160.0 100.0 (1)
14736.0 21352.0 136.0 116.0 by
14964.0 21344.0 528.0 96.0 alliances

12500.0 21528.0 220.0 96.0 and
12792.0 21524.0 828.0 100.0 commitments
13688.0 21524.0 104.0 92.0 In
13864.0 21520.0 436.0 120.0 Europe
14364.0 21544.0 116.0 72.0 or
14568.0 21524.0 156.0 96.0 (2)
14800.0 21524.0 136.0 112.0 by
15004.0 21516.0 488.0 116.0 military

12500.0 21696.0 776.0 124.0 preparations
13408.0 21716.0 140.0 72.0 on
13680.0 21696.0 188.0 96.0 the
14004.0 21716.0 184.0 72.0 sea
14316.0 21688.0 220.0 100.0 and
14672.0 21696.0 116.0 92.0 at
14916.0 21708.0 200.0 72.0 our
15248.0 21712.0 236.0 72.0 own

12500.0 21872.0 568.0 96.0 frontiers.

12688.0 22172.0 280.0 104.0 ALL
13032.0 22180.0 188.0 104.0 OF
13268.0 22168.0 532.0 124.0 THESE,
13864.0 22180.0 48.0 96.0 I
13980.0 22200.0 176.0 72.0 am
14228.0 22172.0 652.0 124.0 persuaded,
14948.0 22192.0 192.0 76.0 are
15208.0 22172.0 284.0 96.0 false

12500.0 22352.0 792.0 120.0 assumptions.
13424.0 22348.0 128.0 96.0 In
13628.0 22348.0 184.0 100.0 the
13884.0 22348.0 252.0 96.0 first
14208.0 22348.0 340.0 120.0 place,
14620.0 22344.0 188.0 96.0 the
14876.0 22340.0 432.0 100.0 leaders
15372.0 22340.0 120.0 96.0 of

12500.0 22528.0 188.0 92.0 the
12788.0 22524.0 372.0 96.0 Soviet
13248.0 22520.0 364.0 100.0 Union
13712.0 22540.0 192.0 76.0 are
13996.0 22520.0 188.0 96.0 not
14280.0 22516.0 412.0 120.0 ttupld.
14856.0 22512.0 80.0 100.0 A
15032.0 22532.0 416.0 96.0 govern-

12500.0 22696.0 316.0 96.0 ment
12896.0 22692.0 360.0 100.0 which
13340.0 22712.0 208.0 76.0 can
13636.0 22712.0 124.0 80.0 so
13840.0 22688.0 512.0 116.0 organize
14440.0 22688.0 188.0 92.0 the
14720.0 22704.0 572.0 80.0 resources
15376.0 22684.0 120.0 96.0 of

12496.0 22864.0 192.0 96.0 the
12752.0 22868.0 372.0 96.0 Soviet
13184.0 22860.0 360.0 104.0 Union
13608.0 22868.0 112.0 92.0 to
13780.0 22856.0 328.0 104.0 stand
14168.0 22856.0 168.0 96.0 off
14392.0 22856.0 192.0 96.0 the
14644.0 22848.0 200.0 104.0 full
14900.0 22848.0 420.0 124.0 weight
15372.0 22856.0 124.0 96.0 of

12496.0 23036.0 192.0 92.0 the
12780.0 23036.0 276.0 92.0 Nazi
13148.0 23032.0 728.0 96.0 Wehrmacht
13968.0 23028.0 172.0 100.0 for
14232.0 23032.0 216.0 92.0 two
14540.0 23048.0 328.0 96.0 yeara
14956.0 23020.0 92.0 100.0 Is
15144.0 23024.0 196.0 100.0 not
15424.0 23052.0 72.0 68.0 a

12492.0 23208.0 744.0 116.0 government
13312.0 23212.0 120.0 100.0 of
13512.0 23204.0 556.0 100.0 dim-wits.

12688.0 23376.0 828.0 112.0 Furthermore,
13612.0 23376.0 188.0 96.0 the
13892.0 23372.0 552.0 100.0 Russians
14528.0 23368.0 288.0 100.0 have
14900.0 23368.0 388.0 96.0 shown
15380.0 23368.0 112.0 96.0 In

12496.0 23552.0 192.0 96.0 the
12760.0 23548.0 480.0 100.0 satellite
13308.0 23548.0 572.0 96.0 countries
13944.0 23548.0 248.0 96.0 that
14256.0 23544.0 264.0 116.0 they
14588.0 23544.0 280.0 96.0 have
14932.0 23568.0 64.0 68.0 a
15064.0 23532.0 380.0 104.0 consid-

12496.0 23720.0 384.0 96.0 erable
12956.0 23720.0 252.0 96.0 skill
13292.0 23720.0 108.0 100.0 in
13484.0 23716.0 648.0 116.0 organizing
14208.0 23720.0 224.0 96.0 and
14512.0 23712.0 464.0 116.0 guiding
15056.0 23712.0 436.0 112.0 foreign

12496.0 23860.0 744.0 116.0 populations.
13404.0 23860.0 168.0 108.0 By
13676.0 23856.0 572.0 116.0 relatively
14352.0 23880.0 268.0 88.0 easy
14720.0 23860.0 404.0 104.0 stage.),
15232.0 23852.0 264.0 112.0 they

12496.0 23996.0 288.0 100.0 have
12872.0 24000.0 480.0 112.0 brought
13436.0 23992.0 460.0 112.0 Poland,
13980.0 23992.0 584.0 108.0 Romaria,
14652.0 23984.0 532.0 120.0 Bulgaria
15272.0 23988.0 220.0 100.0 and

12496.0 24136.0 688.0 112.0 Yugoslavia
13280.0 24136.0 232.0 96.0 Into
13608.0 24160.0 68.0 68.0 a
13768.0 24136.0 292.0 92.0 close
14160.0 24128.0 508.0 124.0 working
14764.0 24128.0 732.0 116.0 relationship

12496.0 24276.0 276.0 96.0 with
12860.0 24276.0 188.0 96.0 tho
13136.0 24276.0 368.0 96.0 Soviet
13592.0 24272.0 392.0 96.0 Union.
14140.0 24268.0 156.0 116.0 By
14380.0 24264.0 228.0 104.0 still
14700.0 24292.0 296.0 68.0 more
15088.0 24268.0 400.0 96.0 tactful

12500.0 24412.0 540.0 108.0 methods,
13120.0 24412.0 260.0 116.0 they
13448.0 24408.0 288.0 104.0 have
13812.0 24408.0 316.0 96.0 made
14200.0 24404.0 1000.0 100.0 Oocho-Slovakla
15272.0 24408.0 220.0 92.0 and

12500.0 24552.0 552.0 120.0 Hungary
13188.0 24552.0 528.0 96.0 effective
13852.0 24548.0 564.0 116.0 segments
14552.0 24552.0 116.0 92.0 of
14800.0 24548.0 184.0 96.0 the
15124.0 24548.0 372.0 96.0 Soviet

12500.0 24692.0 380.0 96.0 world.

12692.0 24828.0 312.0 96.0 Even
13084.0 24852.0 300.0 72.0 more
13460.0 24820.0 548.0 128.0 skillfully
14084.0 24828.0 268.0 96.0 than
14436.0 24828.0 364.0 96.0 Hitler
14880.0 24824.0 176.0 96.0 did
15140.0 24824.0 352.0 96.0 Stalin

12496.0 24972.0 228.0 96.0 and
12816.0 24968.0 176.0 96.0 his
13076.0 24968.0 632.0 116.0 colleagues
13796.0 24964.0 280.0 96.0 have
14160.0 24968.0 452.0 96.0 utilized
14708.0 24968.0 184.0 92.0 the
14980.0 24968.0 512.0 104.0 strength

12500.0 25108.0 120.0 96.0 of
12692.0 25108.0 192.0 96.0 the
12964.0 25108.0 268.0 96.0 fifth
13308.0 25104.0 448.0 100.0 column
13836.0 25108.0 112.0 96.0 to
14024.0 25104.0 552.0 100.0 facilitate
14656.0 25104.0 188.0 96.0 the
14916.0 25104.0 580.0 96.0 extension

12500.0 25248.0 120.0 92.0 of
12684.0 25244.0 380.0 100.0 Soviet
13124.0 25264.0 396.0 100.0 power.
13652.0 25244.0 108.0 96.0 It
13820.0 25240.0 96.0 96.0 Is
13976.0 25248.0 244.0 92.0 true
14284.0 25240.0 252.0 100.0 that
14604.0 25244.0 364.0 96.0 Soviet
15036.0 25260.0 416.0 96.0 occupa-

12504.0 25388.0 236.0 92.0 tion
12824.0 25384.0 356.0 116.0 policy
13256.0 25392.0 92.0 92.0 Is
13420.0 25404.0 212.0 72.0 one
13704.0 25380.0 124.0 100.0 of
13904.0 25380.0 488.0 128.0 plunder.
14540.0 25380.0 144.0 96.0 So
14752.0 25404.0 232.0 72.0 was
15060.0 25384.0 248.0 92.0 that
15384.0 25380.0 120.0 96.0 of

12500.0 25520.0 472.0 100.0 Hitler's
13032.0 25520.0 380.0 100.0 Reich.
13536.0 25516.0 232.0 100.0 But
13828.0 25516.0 268.0 104.0 both
14160.0 25520.0 460.0 120.0 policies
14680.0 25516.0 336.0 96.0 work.

12696.0 25680.0 112.0 108.0 It
12884.0 25692.0 96.0 92.0 Is
13052.0 25684.0 236.0 100.0 also
13360.0 25692.0 260.0 96.0 true
13692.0 25688.0 256.0 100.0 that
14020.0 25688.0 196.0 100.0 the
14292.0 25688.0 384.0 104.0 Soviet
14748.0 25684.0 540.0 104.0 satellites
15364.0 25692.0 140.0 100.0 do

12500.0 25832.0 196.0 92.0 not
12852.0 25828.0 748.0 120.0 complement
13752.0 25828.0 192.0 100.0 the
14092.0 25852.0 544.0 96.0 economy
14784.0 25828.0 120.0 96.0 of
15060.0 25828.0 440.0 100.0 Russia.

12508.0 25968.0 612.0 112.0 Normally,
13224.0 25968.0 296.0 100.0 their
13624.0 25968.0 328.0 100.0 trade
14056.0 25968.0 92.0 96.0 Is
14248.0 25964.0 380.0 120.0 slight.
14792.0 25968.0 432.0 120.0 Except
15328.0 25968.0 180.0 96.0 for

12504.0 26100.0 1036.0 116.0 Czecho-Slovakla,
13644.0 26108.0 192.0 96.0 the
13940.0 26104.0 548.0 100.0 satellites
14588.0 26104.0 484.0 120.0 produce
15172.0 26104.0 332.0 96.0 much

12504.0 26244.0 192.0 100.0 the
12784.0 26272.0 316.0 80.0 same
13188.0 26248.0 340.0 116.0 goods
13620.0 26268.0 128.0 76.0 as
13836.0 26244.0 264.0 100.0 does
14188.0 26240.0 452.0 108.0 Russia.
14760.0 26244.0 224.0 100.0 But
15068.0 26244.0 252.0 100.0 that
15408.0 26244.0 100.0 100.0 Is

12492.0 26392.0 424.0 112.0 merely
13000.0 26408.0 72.0 72.0 a
13160.0 26388.0 284.0 112.0 goad
13540.0 26384.0 116.0 100.0 to
13748.0 26384.0 196.0 96.0 the
14032.0 26388.0 508.0 100.0 Kremlin
14640.0 26388.0 116.0 96.0 to
14844.0 26384.0 404.0 100.0 extend
15344.0 26380.0 148.0 100.0 its

12508.0 26524.0 436.0 104.0 control
13036.0 26524.0 400.0 120.0 deeper
13520.0 26520.0 240.0 100.0 Into
13848.0 26524.0 192.0 100.0 the
14120.0 26520.0 456.0 124.0 densely
14668.0 26520.0 592.0 128.0 populated
15352.0 26524.0 112.0 100.0 In-

12512.0 26664.0 476.0 104.0 dustrial
13056.0 26664.0 320.0 104.0 heart
13440.0 26660.0 120.0 100.0 of
13620.0 26664.0 476.0 120.0 Europe.

12700.0 26840.0 176.0 96.0 On
12940.0 26856.0 220.0 96.0 any
13220.0 26832.0 492.0 100.0 realistic
13780.0 26832.0 640.0 120.0 reckoning,
14484.0 26836.0 52.0 104.0 1
14600.0 26832.0 324.0 104.0 think
14984.0 26856.0 160.0 76.0 we
15216.0 26836.0 296.0 96.0 must

12512.0 27004.0 484.0 96.0 suppose
13080.0 26980.0 240.0 96.0 that
13408.0 26980.0 188.0 92.0 the
13688.0 26972.0 692.0 96.0 withdrawal
14472.0 26976.0 120.0 92.0 of
14672.0 26968.0 588.0 104.0 American
15360.0 26976.0 104.0 92.0 In-

12516.0 27124.0 440.0 96.0 fluence
13060.0 27116.0 212.0 96.0 and
13376.0 27120.0 468.0 112.0 support
13940.0 27112.0 284.0 96.0 from
14328.0 27108.0 316.0 104.0 West
14740.0 27112.0 216.0 96.0 and
15056.0 27108.0 452.0 104.0 Central

12520.0 27260.0 444.0 116.0 Europe
13032.0 27256.0 348.0 96.0 would
13456.0 27252.0 244.0 96.0 lead
13768.0 27252.0 112.0 96.0 to
13948.0 27248.0 368.0 104.0 Soviet
14384.0 27248.0 692.0 100.0 domination
15140.0 27256.0 120.0 96.0 of
15324.0 27252.0 188.0 96.0 tho

12520.0 27400.0 608.0 104.0 continent,
13192.0 27396.0 384.0 112.0 except
13644.0 27396.0 176.0 96.0 for
13880.0 27392.0 184.0 100.0 the
14128.0 27388.0 420.0 100.0 British
14616.0 27392.0 300.0 100.0 Isles,
14984.0 27392.0 216.0 96.0 and
15264.0 27392.0 248.0 100.0 that

12528.0 27540.0 508.0 96.0 Western
13116.0 27536.0 436.0 112.0 Europe
13628.0 27532.0 108.0 96.0 In
13812.0 27528.0 144.0 100.0 Its
14024.0 27524.0 424.0 96.0 broken
14520.0 27528.0 564.0 96.0 condition
15152.0 27528.0 360.0 96.0 would

12528.0 27680.0 128.0 96.0 be
12728.0 27672.0 572.0 120.0 Incapable
13368.0 27676.0 116.0 92.0 of
13548.0 27668.0 648.0 112.0 organizing
14260.0 27688.0 220.0 100.0 eny
14548.0 27668.0 524.0 96.0 effective
12528.0 27668.0 2940.0 244.0 counter-movement.

12720.0 28148.0 408.0 100.0 THEN
13192.0 28148.0 480.0 100.0 COMES
13740.0 28148.0 180.0 100.0 the
13988.0 28144.0 296.0 100.0 main
14344.0 28148.0 544.0 120.0 question.
14952.0 28144.0 344.0 100.0 Could
15364.0 28172.0 156.0 68.0 we

12532.0 28300.0 204.0 100.0 not
12800.0 28292.0 332.0 108.0 stand
13192.0 28292.0 172.0 104.0 off
13424.0 28296.0 232.0 100.0 and
13708.0 28288.0 468.0 120.0 develop
14236.0 28312.0 208.0 76.0 our
14504.0 28312.0 252.0 80.0 own
14812.0 28292.0 492.0 124.0 security
15364.0 28284.0 120.0 104.0 in

15712.0 16708.0 736.0 128.0 dependently
16512.0 16716.0 116.0 100.0 of
16688.0 16716.0 504.0 124.0 Europe?
17320.0 16724.0 228.0 100.0 The
17608.0 16748.0 464.0 92.0 answer,
18128.0 16732.0 52.0 104.0 1
18236.0 16724.0 448.0 124.0 believe,
18744.0 16720.0 88.0 128.0 J

15716.0 16880.0 88.0 96.0 Is
15872.0 16908.0 140.0 76.0 an
16084.0 16888.0 724.0 116.0 unequivocal
16876.0 16888.0 292.0 104.0 "no."
17296.0 16888.0 156.0 108.0 To
17516.0 16888.0 328.0 132.0 begin
17904.0 16900.0 296.0 116.0 with,
18268.0 16932.0 164.0 76.0 we
18492.0 16928.0 200.0 76.0 are

15716.0 17052.0 328.0 100.0 much
16120.0 17052.0 352.0 104.0 closer
16548.0 17056.0 112.0 100.0 to
16732.0 17060.0 440.0 124.0 Europe
17244.0 17064.0 272.0 104.0 than
17592.0 17064.0 120.0 104.0 10
17784.0 17096.0 324.0 96.0 yean
18180.0 17100.0 240.0 92.0 ago.
18556.0 17072.0 136.0 104.0 In
18748.0 17112.0 40.0 24.0 -

15712.0 17228.0 348.0 96.0 terms
16120.0 17232.0 124.0 96.0 of
16304.0 17228.0 184.0 100.0 the
16552.0 17232.0 168.0 96.0 air
16780.0 17256.0 236.0 96.0 age,
17080.0 17264.0 156.0 68.0 we
17300.0 17260.0 188.0 76.0 are
17552.0 17240.0 308.0 124.0 eight
17924.0 17248.0 112.0 96.0 to
18096.0 17244.0 184.0 100.0 ten
18344.0 17248.0 352.0 100.0 hours

15712.0 17392.0 288.0 104.0 from
16124.0 17396.0 188.0 100.0 the
16428.0 17404.0 604.0 104.0 continent.
17208.0 17408.0 244.0 104.0 And
17576.0 17412.0 112.0 96.0 In
17808.0 17412.0 344.0 104.0 terms
18264.0 17420.0 124.0 100.0 of
18500.0 17420.0 196.0 100.0 the

15708.0 17564.0 416.0 100.0 atomlo
16196.0 17592.0 212.0 96.0 age
16480.0 17572.0 392.0 120.0 ahead,
16944.0 17600.0 164.0 76.0 we
17184.0 17600.0 188.0 80.0 aro
17456.0 17588.0 192.0 96.0 not
17724.0 17588.0 384.0 120.0 nearly
18184.0 17588.0 256.0 104.0 that
18512.0 17592.0 188.0 100.0 far

15704.0 17756.0 348.0 100.0 away.
18764.0 17732.0 68.0 80.0 4

15884.0 17912.0 92.0 96.0 A
16080.0 17916.0 364.0 116.0 major
16536.0 17936.0 396.0 104.0 enemy
17020.0 17924.0 268.0 100.0 with
17388.0 17924.0 188.0 104.0 the
17672.0 17952.0 524.0 100.0 weapons
18292.0 17932.0 120.0 100.0 of
18504.0 17948.0 124.0 88.0 th

15708.0 18080.0 676.0 108.0 predictable
16484.0 18088.0 380.0 100.0 future
16964.0 18096.0 96.0 92.0 is
17152.0 18096.0 240.0 116.0 just
17484.0 18124.0 128.0 72.0 as
17708.0 18104.0 296.0 96.0 close
18104.0 18104.0 116.0 100.0 to
18316.0 18128.0 164.0 88.0 us,
18580.0 18112.0 36.0 96.0 t

15704.0 18252.0 536.0 120.0 strategic
16312.0 18260.0 376.0 116.0 terms,
16760.0 18292.0 128.0 76.0 as
16952.0 18268.0 572.0 124.0 Germany
17588.0 18300.0 236.0 72.0 was
17896.0 18276.0 112.0 100.0 to
18080.0 18276.0 432.0 104.0 France
18580.0 18280.0 36.0 100.0 i

15708.0 18420.0 264.0 104.0 1D30.
16108.0 18428.0 540.0 96.0 Valuable
16912.0 18436.0 88.0 96.0 It
17068.0 18440.0 116.0 108.0 Is,
17260.0 18464.0 192.0 76.0 sea
17524.0 18472.0 376.0 96.0 power
17964.0 18456.0 412.0 96.0 cannot
18444.0 18452.0 256.0 120.0 give

15704.0 18612.0 124.0 80.0 us
15896.0 18596.0 188.0 100.0 the
16152.0 18596.0 596.0 132.0 Immunity
16816.0 18608.0 288.0 100.0 from
17172.0 18632.0 524.0 84.0 overseas
17760.0 18620.0 392.0 104.0 attack
18216.0 18624.0 252.0 100.0 that
18532.0 18652.0 168.0 76.0 we

15712.0 18764.0 208.0 96.0 had
15996.0 18792.0 148.0 100.0 up
16216.0 18772.0 116.0 104.0 to
16404.0 18772.0 372.0 104.0 World
16852.0 18780.0 268.0 100.0 War
17188.0 18784.0 112.0 100.0 II
17372.0 18788.0 220.0 100.0 and
17668.0 18788.0 180.0 104.0 for
17920.0 18796.0 144.0 100.0 Its
18140.0 18796.0 556.0 104.0 duration.

15884.0 18944.0 92.0 96.0 A
16072.0 18944.0 376.0 100.0 Soviet
16536.0 18944.0 360.0 108.0 Union
16996.0 18952.0 704.0 128.0 dominating
17792.0 18964.0 444.0 124.0 Europe
18332.0 18968.0 364.0 104.0 would
18764.0 18936.0 88.0 140.0 't

15708.0 19108.0 440.0 104.0 'locome
16264.0 19140.0 68.0 72.0 a
16448.0 19120.0 360.0 116.0 major
16928.0 19148.0 188.0 72.0 sea
17232.0 19152.0 400.0 96.0 power,
17752.0 19136.0 268.0 96.0 with
18140.0 19136.0 260.0 104.0 base
18584.0 19140.0 112.0 104.0 In
18772.0 19152.0 80.0 152.0 J

15768.0 19276.0 348.0 104.0 liccce
16200.0 19288.0 220.0 100.0 and
16508.0 19288.0 324.0 120.0 Italy,
16912.0 19296.0 220.0 100.0 and
17216.0 19300.0 268.0 96.0 with
17572.0 19304.0 124.0 100.0 at
17784.0 19304.0 280.0 104.0 least
18148.0 19332.0 128.0 80.0 as
18360.0 19316.0 340.0 100.0 much

15704.0 19424.0 584.0 96.0 oommand
16380.0 19424.0 116.0 96.0 of
16576.0 19428.0 188.0 100.0 the
16852.0 19436.0 308.0 120.0 ports
17240.0 19436.0 120.0 100.0 of
17440.0 19440.0 516.0 104.0 Wettern
18040.0 19448.0 448.0 120.0 Europe
18572.0 19480.0 128.0 72.0 as

15712.0 19548.0 40.0 36.0 "
15804.0 19580.0 460.0 100.0 ermany
16368.0 19560.0 464.0 120.0 enjoyed
16940.0 19572.0 288.0 100.0 from
17336.0 19576.0 292.0 104.0 June
17732.0 19588.0 120.0 96.0 of
17948.0 19584.0 244.0 100.0 1940
18288.0 19592.0 116.0 100.0 to
18508.0 19592.0 192.0 104.0 the
18772.0 19536.0 76.0 148.0 J

15712.0 19692.0 336.0 100.0 Allied
16128.0 19696.0 520.0 116.0 landings
16724.0 19708.0 108.0 96.0 In
16908.0 19708.0 684.0 128.0 Normandy.
17728.0 19720.0 128.0 104.0 In
17932.0 19724.0 320.0 100.0 those
18328.0 19716.0 376.0 124.0 condiv

15712.0 19832.0 308.0 116.0 Mons,
16080.0 19860.0 164.0 76.0 we
16304.0 19840.0 356.0 100.0 would
16720.0 19848.0 280.0 96.0 have
17056.0 19860.0 116.0 92.0 to
17228.0 19856.0 412.0 96.0 reckon
17700.0 19864.0 268.0 96.0 with
18028.0 19884.0 64.0 76.0 a
18152.0 19864.0 572.0 124.0 powerful,

15716.0 19972.0 292.0 116.0 :lval,
16084.0 19976.0 88.0 100.0 If
16236.0 19984.0 192.0 92.0 not
16492.0 20008.0 144.0 68.0 an
16700.0 19988.0 356.0 116.0 equal,
17120.0 20016.0 136.0 72.0 on
17332.0 20000.0 184.0 96.0 the
17580.0 20020.0 440.0 80.0 cceans,

15884.0 20144.0 240.0 96.0 One
16196.0 20156.0 304.0 92.0 must
16568.0 20160.0 196.0 92.0 not
16832.0 20184.0 480.0 100.0 suppose
17380.0 20172.0 192.0 96.0 the
17648.0 20176.0 552.0 100.0 Russians
18272.0 20212.0 196.0 76.0 are
18540.0 20188.0 164.0 104.0 In-

15700.0 20284.0 460.0 112.0 capahle
16220.0 20288.0 124.0 96.0 of
16396.0 20296.0 508.0 116.0 creating
16964.0 20328.0 144.0 72.0 an
17168.0 20304.0 516.0 104.0 efficient
17748.0 20340.0 192.0 76.0 aea
18000.0 20324.0 220.0 100.0 and
18284.0 20332.0 420.0 100.0 era-air

15700.0 20444.0 276.0 76.0 arm.
16100.0 20428.0 304.0 120.0 They
16460.0 20456.0 192.0 72.0 are
16708.0 20464.0 248.0 76.0 now
17012.0 20444.0 456.0 124.0 picking
17520.0 20452.0 200.0 96.0 the
17776.0 20452.0 320.0 104.0 brain
18208.0 20468.0 128.0 92.0 of
18388.0 20496.0 316.0 80.0 some
18776.0 20504.0 68.0 72.0 1

15700.0 20560.0 116.0 96.0 of
15896.0 20568.0 664.0 116.0 Germany's
16644.0 20572.0 248.0 100.0 best
16972.0 20588.0 328.0 100.0 naval
17388.0 20588.0 616.0 104.0 atehltects
18084.0 20600.0 224.0 100.0 and
18392.0 20608.0 312.0 116.0 engl-

15700.0 20724.0 352.0 80.0 neers.
16180.0 20708.0 244.0 96.0 And
16492.0 20712.0 192.0 96.0 the
16744.0 20720.0 580.0 112.0 Germans,
17388.0 20728.0 52.0 96.0 I
17500.0 20736.0 380.0 108.0 regret
17936.0 20736.0 120.0 96.0 to
18112.0 20764.0 236.0 96.0 say,
18408.0 20740.0 296.0 108.0 have
18776.0 20692.0 88.0 156.0 5.

15704.0 20832.0 268.0 104.0 built
16044.0 20844.0 236.0 116.0 Just
16340.0 20872.0 124.0 68.0 as
16532.0 20856.0 280.0 108.0 good
16876.0 20856.0 308.0 124.0 ships
17248.0 20872.0 220.0 92.0 and
17540.0 20868.0 484.0 104.0 handled
18084.0 20876.0 312.0 104.0 them
18460.0 20884.0 244.0 124.0 Just

15700.0 21000.0 128.0 68.0 as
15892.0 20984.0 240.0 92.0 well
16204.0 21012.0 124.0 64.0 as
16392.0 21012.0 160.0 72.0 we
16616.0 21016.0 128.0 68.0 or
16808.0 20992.0 192.0 96.0 the
17064.0 21000.0 456.0 100.0 British.
17648.0 21008.0 168.0 104.0 All
17884.0 21012.0 268.0 124.0 they
18216.0 21024.0 220.0 100.0 and
18504.0 21028.0 196.0 100.0 the

15704.0 21116.0 552.0 104.0 Russians
16324.0 21128.0 284.0 96.0 have
16668.0 21132.0 424.0 116.0 larked,
17156.0 21148.0 108.0 96.0 In
17336.0 21156.0 436.0 108.0 respect
17836.0 21156.0 116.0 96.0 to
18012.0 21160.0 332.0 96.0 naval
18412.0 21168.0 292.0 96.0 noW-
18800.0 21160.0 52.0 104.0 V

15696.0 21280.0 152.0 84.0 er,
15932.0 21260.0 204.0 100.0 has
16224.0 21264.0 268.0 96.0 heen
16576.0 21292.0 384.0 80.0 access
17036.0 21284.0 116.0 92.0 to
17232.0 21280.0 252.0 104.0 blue
17564.0 21296.0 384.0 100.0 water.
18092.0 21296.0 292.0 104.0 That
18464.0 21332.0 236.0 76.0 was
18776.0 21292.0 88.0 144.0 f

15704.0 21388.0 396.0 108.0 denied
16168.0 21404.0 336.0 116.0 them,
16572.0 21416.0 468.0 116.0 century
17108.0 21424.0 300.0 96.0 after
17468.0 21436.0 472.0 112.0 century
18008.0 21432.0 140.0 120.0 by
18212.0 21440.0 192.0 96.0 the
18472.0 21444.0 232.0 96.0 bal-
18772.0 21384.0 76.0 176.0 5

15704.0 21552.0 276.0 76.0 ance
16040.0 21540.0 120.0 100.0 of
16220.0 21568.0 368.0 92.0 power
16648.0 21552.0 348.0 124.0 policy
17056.0 21564.0 120.0 96.0 of
17232.0 21564.0 440.0 100.0 Britain
17732.0 21576.0 224.0 100.0 and
18016.0 21576.0 188.0 104.0 the
18260.0 21580.0 436.0 112.0 British

15704.0 21668.0 300.0 104.0 HfPt.
18440.0 21756.0 12.0 20.0 ,

15876.0 21812.0 104.0 100.0 If
16072.0 21820.0 188.0 96.0 the
16360.0 21836.0 668.0 112.0 geographic
17128.0 21844.0 544.0 112.0 positions
17768.0 21848.0 176.0 100.0 for
18040.0 21880.0 188.0 84.0 sea
18320.0 21884.0 376.0 100.0 power
18776.0 21880.0 60.0 56.0 "

15688.0 21972.0 192.0 76.0 are
15944.0 21960.0 112.0 88.0 to
16120.0 21960.0 128.0 96.0 be
16316.0 21964.0 392.0 100.0 denied
16772.0 21968.0 220.0 100.0 this
17064.0 21976.0 752.0 116.0 hypothetical
17888.0 21992.0 804.0 108.0 Russian-Qer-
18776.0 21980.0 64.0 144.0 J

15688.0 22108.0 256.0 76.0 man
16032.0 22096.0 748.0 104.0 combination
16872.0 22112.0 100.0 92.0 In
17056.0 22108.0 404.0 120.0 future,
17548.0 22120.0 84.0 96.0 It
17712.0 22124.0 212.0 96.0 will
18008.0 22124.0 284.0 108.0 have
18368.0 22136.0 116.0 96.0 to
18560.0 22136.0 132.0 104.0 be
15692.0 22172.0 3148.0 148.0 -done

16064.0 22224.0 140.0 120.0 by
16296.0 22236.0 188.0 92.0 the
16572.0 22236.0 408.0 100.0 United
17076.0 22244.0 396.0 120.0 States,
17568.0 22252.0 180.0 100.0 for
17836.0 22260.0 432.0 104.0 Britain
18364.0 22264.0 324.0 112.0 aloni
18780.0 22260.0 60.0 64.0 "

15692.0 22360.0 316.0 96.0 could
16088.0 22368.0 192.0 92.0 not
16356.0 22364.0 352.0 128.0 swing
16784.0 22376.0 116.0 96.0 It.
18656.0 22452.0 24.0 24.0 .

18772.0 22460.0 88.0 140.0 I

15876.0 22696.0 672.0 120.0 FINALLY,
16604.0 22716.0 316.0 96.0 there
16984.0 22712.0 92.0 108.0 Is
17136.0 22720.0 188.0 96.0 the
17384.0 22724.0 512.0 124.0 question
17956.0 22732.0 124.0 108.0 of
18140.0 22740.0 184.0 100.0 the
18388.0 22768.0 300.0 80.0 over-

15692.0 22836.0 140.0 96.0 all
15908.0 22864.0 368.0 92.0 power
16340.0 22844.0 120.0 100.0 of
16524.0 22848.0 192.0 96.0 the
16784.0 22848.0 372.0 108.0 Soviet
17220.0 22856.0 364.0 104.0 Union
17660.0 22864.0 248.0 116.0 plus
17976.0 22892.0 68.0 76.0 a
18104.0 22876.0 404.0 116.0 sphere
18576.0 22884.0 120.0 96.0 of
18780.0 22836.0 76.0 160.0 i

15692.0 22972.0 564.0 104.0 i-fluenco
16344.0 22980.0 400.0 116.0 spread
16836.0 23008.0 260.0 80.0 over
17180.0 23000.0 296.0 96.0 most
17564.0 23000.0 124.0 96.0 of
17776.0 23004.0 528.0 120.0 Europe.'
18400.0 23012.0 112.0 100.0 It
18604.0 23020.0 96.0 100.0 la

15692.0 23116.0 192.0 88.0 not
15992.0 23116.0 712.0 112.0 unpatriotic,
16816.0 23120.0 192.0 100.0 but
17112.0 23128.0 256.0 116.0 only
17472.0 23132.0 524.0 120.0 realistic,
18100.0 23144.0 120.0 100.0 to
18260.0 23156.0 24.0 76.0 :
18324.0 23156.0 372.0 96.0 assert
18780.0 23088.0 92.0 160.0 5

15688.0 23244.0 252.0 100.0 that
16048.0 23256.0 268.0 92.0 such
16424.0 23280.0 68.0 72.0 a
16600.0 23260.0 544.0 100.0 coalition'
17224.0 23268.0 364.0 96.0 would
17700.0 23272.0 436.0 120.0 dispose
18244.0 23288.0 444.0 112.0 greater

15688.0 23388.0 276.0 92.0 total
16068.0 23392.0 528.0 92.0 effective
16692.0 23420.0 364.0 96.0 power
17152.0 23396.0 272.0 104.0 than
17528.0 23408.0 188.0 92.0 the
17808.0 23412.0 412.0 104.0 United
18316.0 23420.0 384.0 104.0 Statea

15688.0 23516.0 252.0 116.0 plus
16008.0 23520.0 144.0 96.0 its
16216.0 23528.0 480.0 96.0 western
16764.0 23532.0 700.0 120.0 hemisphere
17532.0 23540.0 348.0 108.0 allies.
18792.0 23500.0 64.0 140.0 5

15880.0 23688.0 404.0 116.0 Pcoplo
16360.0 23696.0 336.0 92.0 count
16772.0 23696.0 176.0 96.0 for
17024.0 23728.0 68.0 68.0 a
17160.0 23704.0 284.0 112.0 good
17520.0 23704.0 280.0 120.0 deal,
17880.0 23704.0 96.0 104.0 If
18040.0 23716.0 196.0 100.0 not
18312.0 23720.0 112.0 100.0 In
18500.0 23720.0 196.0 108.0 the

15692.0 23848.0 320.0 72.0 sense
16104.0 23828.0 116.0 96.0 of
16312.0 23832.0 584.0 116.0 providing
16980.0 23840.0 784.0 100.0 conventional
17856.0 23864.0 304.0 84.0 mass
18244.0 23860.0 448.0 112.0 armies,
18860.0 23840.0 12.0 32.0 '

15692.0 23964.0 268.0 92.0 then
16028.0 23988.0 124.0 72.0 as
16216.0 23968.0 192.0 92.0 the
16472.0 23968.0 564.0 96.0 economic
17104.0 23968.0 264.0 100.0 base
17436.0 23976.0 176.0 96.0 for
17684.0 23988.0 464.0 108.0 support
18212.0 23988.0 116.0 96.0 of
18392.0 23940.0 320.0 188.0 tecrtj
18780.0 24028.0 88.0 72.0 jt

15692.0 24100.0 544.0 112.0 nolof,'lcal
16308.0 24100.0 508.0 100.0 warfare.
16936.0 24104.0 716.0 104.0 Continental
17712.0 24120.0 448.0 116.0 Europe
18220.0 24128.0 224.0 100.0 and
18504.0 24132.0 204.0 104.0 ttta
18780.0 24068.0 80.0 192.0 jf

15696.0 24236.0 372.0 100.0 Soviet
16140.0 24240.0 364.0 96.0 Union
16588.0 24244.0 572.0 124.0 (omitting
17232.0 24248.0 184.0 96.0 the
17496.0 24248.0 424.0 104.0 British
17992.0 24256.0 328.0 112.0 Isles)
18408.0 24264.0 300.0 104.0 haVO

15692.0 24396.0 68.0 76.0 a
15824.0 24376.0 644.0 120.0 population
16536.0 24380.0 120.0 100.0 of
16720.0 24384.0 340.0 96.0 about
17116.0 24384.0 648.0 112.0 650,000,000.
17896.0 24392.0 268.0 100.0 This
18228.0 24396.0 92.0 104.0 Is
18388.0 24376.0 328.0 148.0 motjft

15696.0 24512.0 268.0 96.0 than
16044.0 24520.0 316.0 92.0 twice
16436.0 24516.0 184.0 100.0 the
16692.0 24524.0 276.0 92.0 total
17044.0 24520.0 644.0 120.0 population
17764.0 24524.0 120.0 100.0 of
17952.0 24528.0 188.0 100.0 the
18208.0 24540.0 404.0 96.0 wester
18780.0 24504.0 76.0 152.0 I

15712.0 24648.0 736.0 120.0 hemisphere.
16600.0 24652.0 244.0 100.0 And
16932.0 24676.0 136.0 76.0 on
17160.0 24656.0 188.0 96.0 the
17432.0 24680.0 512.0 96.0 average,
18032.0 24660.0 192.0 108.0 the
18312.0 24668.0 392.0 120.0 peoplk

15696.0 24792.0 116.0 100.0 of
15884.0 24792.0 444.0 120.0 Europe
16404.0 24796.0 220.0 96.0 and
16696.0 24800.0 188.0 96.0 tho
16960.0 24796.0 376.0 100.0 Soviet
17404.0 24800.0 368.0 100.0 Union
17848.0 24804.0 216.0 96.0 will
18144.0 24812.0 328.0 100.0 stack
18776.0 24784.0 92.0 160.0 J'

15692.0 24952.0 268.0 96.0 very
16032.0 24928.0 588.0 120.0 favorably
16692.0 24932.0 444.0 120.0 against
17208.0 24936.0 188.0 96.0 the
17468.0 24936.0 388.0 120.0 people
17928.0 24940.0 116.0 108.0 of
18116.0 24944.0 188.0 100.0 the
18372.0 24896.0 328.0 164.0 wesf
18776.0 24964.0 68.0 80.0 H

15696.0 25092.0 192.0 72.0 ern
15956.0 25068.0 732.0 120.0 hemisphere,
16752.0 25072.0 112.0 96.0 In
16924.0 25076.0 340.0 92.0 terms
17324.0 25072.0 116.0 96.0 of
17500.0 25072.0 348.0 116.0 skills,
17912.0 25076.0 784.0 120.0 productlvitfc
18776.0 25076.0 68.0 104.0 3

15692.0 25228.0 416.0 92.0 energy
16188.0 25208.0 220.0 96.0 and
16484.0 25204.0 732.0 116.0 Intelligence.
17348.0 25308.0 16.0 24.0 ,
18124.0 25244.0 24.0 72.0 j
18196.0 25260.0 12.0 36.0 :
18616.0 25168.0 80.0 184.0 jj
18776.0 25168.0 64.0 156.0 IS

15884.0 25372.0 108.0 96.0 It
16080.0 25368.0 288.0 96.0 holla
16460.0 25368.0 320.0 100.0 down
16876.0 25372.0 120.0 96.0 to
17088.0 25368.0 260.0 104.0 this.
17504.0 25376.0 320.0 104.0 Even
17920.0 25376.0 96.0 100.0 is
18100.0 25404.0 180.0 84.0 we
18368.0 25356.0 328.0 148.0 couli
18772.0 25336.0 68.0 180.0 t
18892.0 25488.0 20.0 32.0 .

15696.0 25504.0 500.0 104.0 marshal
16260.0 25508.0 196.0 96.0 the
16516.0 25500.0 424.0 104.0 human
17004.0 25508.0 220.0 100.0 and
17288.0 25508.0 324.0 104.0 other
17676.0 25536.0 580.0 84.0 resources
18316.0 25524.0 124.0 96.0 of
18504.0 25524.0 124.0 96.0 th
18892.0 25488.0 20.0 32.0 '

15696.0 25652.0 484.0 92.0 western
16272.0 25644.0 732.0 120.0 hemisphere,
17096.0 25644.0 224.0 104.0 and
17408.0 25648.0 240.0 100.0 also
17740.0 25648.0 284.0 120.0 keep
18108.0 25676.0 292.0 100.0 open
18496.0 25680.0 204.0 92.0 our

15696.0 25808.0 196.0 76.0 sea
16012.0 25784.0 1008.0 100.0 communications
17132.0 25808.0 384.0 76.0 across
17636.0 25784.0 196.0 104.0 the
17948.0 25788.0 464.0 120.0 Pacific,
18532.0 25820.0 172.0 84.0 vm
18768.0 25828.0 72.0 112.0 5

15700.0 25924.0 328.0 100.0 could
16092.0 25928.0 204.0 92.0 not
16420.0 25924.0 112.0 92.0 In
16596.0 25920.0 196.0 96.0 the
16852.0 25920.0 268.0 116.0 long
17176.0 25944.0 212.0 76.0 run
17524.0 25924.0 380.0 100.0 match
17972.0 25924.0 196.0 100.0 the
18232.0 25920.0 468.0 128.0 over-aJJ
18764.0 25888.0 76.0 164.0 f

15700.0 26084.0 372.0 96.0 power
16128.0 26060.0 124.0 96.0 of
16308.0 26088.0 68.0 72.0 a
16432.0 26060.0 376.0 96.0 Soviet
16864.0 26060.0 360.0 100.0 Union
17280.0 26060.0 368.0 100.0 which
17712.0 26060.0 732.0 108.0 commanded
18504.0 26064.0 200.0 108.0 tba
18768.0 26032.0 72.0 128.0 A

15700.0 26224.0 580.0 72.0 resources
16344.0 26200.0 120.0 100.0 of
16524.0 26196.0 692.0 96.0 continental
17280.0 26200.0 484.0 120.0 Europe.
18768.0 26196.0 68.0 116.0 3

15888.0 26364.0 292.0 100.0 That
16244.0 26364.0 92.0 96.0 Is
16404.0 26364.0 252.0 116.0 why
16716.0 26364.0 188.0 96.0 the
16972.0 26364.0 452.0 116.0 present
17484.0 26364.0 596.0 100.0 American
18152.0 26368.0 364.0 120.0 policy
18580.0 26372.0 116.0 96.0 of
18760.0 26420.0 88.0 88.0 j.

15720.0 26500.0 832.0 96.0 commitments
16612.0 26500.0 112.0 92.0 in
16780.0 26496.0 220.0 96.0 and
17056.0 26500.0 624.0 96.0 assistance
17736.0 26500.0 120.0 96.0 to
17908.0 26500.0 516.0 100.0 Western
18476.0 26508.0 228.0 132.0 aifd
18760.0 26520.0 72.0 88.0 J

15720.0 26640.0 452.0 96.0 Central
16244.0 26640.0 444.0 116.0 Europe
16764.0 26660.0 356.0 76.0 seems
17192.0 26640.0 112.0 96.0 to
17380.0 26660.0 172.0 76.0 me
17624.0 26640.0 192.0 96.0 the
17892.0 26636.0 360.0 108.0 better
18320.0 26644.0 124.0 100.0 of
18508.0 26644.0 196.0 100.0 the
18764.0 26612.0 84.0 128.0 i

15708.0 26784.0 212.0 96.0 two
16008.0 26784.0 288.0 116.0 grim
16384.0 26780.0 752.0 96.0 alternatives.
17284.0 26780.0 360.0 100.0 There
17736.0 26784.0 92.0 100.0 is
17920.0 26804.0 64.0 84.0 a
18068.0 26788.0 424.0 96.0 ehancs
18588.0 26788.0 108.0 96.0 to
18760.0 26736.0 88.0 152.0 J

15720.0 26912.0 276.0 124.0 keep
16092.0 26920.0 512.0 96.0 Western
16692.0 26912.0 440.0 124.0 Europe
17228.0 26916.0 676.0 100.0 democratic
17996.0 26916.0 216.0 100.0 and
18304.0 26920.0 116.0 100.0 In
18512.0 26920.0 188.0 96.0 the
18760.0 26892.0 84.0 184.0 jj.

15708.0 27060.0 284.0 92.0 orbit
16084.0 27056.0 120.0 96.0 of
16296.0 27060.0 184.0 92.0 the
16576.0 27060.0 316.0 108.0 great
16984.0 27056.0 776.0 100.0 democracies.
17920.0 27056.0 292.0 100.0 That
18308.0 27084.0 392.0 76.0 means

15720.0 27192.0 312.0 96.0 there
16108.0 27196.0 92.0 92.0 Is
16272.0 27216.0 68.0 72.0 a
16408.0 27188.0 420.0 100.0 chance
16892.0 27188.0 116.0 100.0 to
17076.0 27196.0 448.0 92.0 contain
17600.0 27192.0 196.0 100.0 tho
17864.0 27192.0 368.0 100.0 Soviet
18304.0 27192.0 396.0 116.0 Union,
18760.0 27152.0 64.0 136.0 ?

15708.0 27336.0 460.0 112.0 prevent
16252.0 27336.0 144.0 96.0 Its
16476.0 27328.0 576.0 124.0 becoming
17128.0 27352.0 60.0 76.0 a
17272.0 27336.0 364.0 116.0 major
17716.0 27356.0 196.0 76.0 sea
17992.0 27356.0 396.0 96.0 power,
18468.0 27340.0 224.0 96.0 and
18756.0 27288.0 88.0 148.0 1

15708.0 27472.0 460.0 116.0 prevent
16244.0 27472.0 144.0 92.0 its
16460.0 27472.0 456.0 108.0 capture
16992.0 27468.0 116.0 96.0 of
17176.0 27472.0 188.0 92.0 the
17436.0 27472.0 320.0 96.0 skills
17828.0 27472.0 220.0 96.0 and
18124.0 27500.0 572.0 72.0 resources

15720.0 27608.0 116.0 96.0 of
15920.0 27608.0 508.0 92.0 Western
16516.0 27600.0 468.0 120.0 Europe.
17124.0 27600.0 292.0 100.0 That
17496.0 27600.0 316.0 104.0 looks
17896.0 27604.0 216.0 96.0 like
18192.0 27628.0 64.0 76.0 a
18336.0 27608.0 372.0 112.0 better
18760.0 27600.0 72.0 108.0 Z

15704.0 27744.0 188.0 96.0 bet
15972.0 27748.0 268.0 92.0 than
16324.0 27752.0 108.0 88.0 to
16516.0 27744.0 216.0 116.0 pull
16816.0 27748.0 188.0 92.0 out
17084.0 27744.0 116.0 96.0 of
17276.0 27744.0 444.0 124.0 Europe
17804.0 27748.0 212.0 100.0 and
18096.0 27752.0 452.0 100.0 become

15712.0 27880.0 468.0 100.0 fortress
16284.0 27884.0 384.0 96.0 nation
16768.0 27880.0 404.0 100.0 behind
17272.0 27904.0 200.0 80.0 our
17576.0 27888.0 580.0 96.0 narrowed
18256.0 27912.0 416.0 76.0 oceans

15712.0 28016.0 432.0 116.0 obliged
16236.0 28020.0 112.0 96.0 to
16440.0 28020.0 512.0 112.0 organize
17044.0 28040.0 196.0 76.0 our
17332.0 28020.0 524.0 96.0 defeases
17944.0 28024.0 120.0 96.0 at
18152.0 28048.0 208.0 76.0 our
18448.0 28044.0 264.0 76.0 oww

18376.0 28156.0 320.0 104.0 allies
18776.0 28152.0 56.0 92.0 1

15712.0 28156.0 532.0 96.0 frontiers

15712.0 28292.0 600.0 100.0 whatever.

16388.0 28152.0 220.0 96.0 and
16748.0 28144.0 464.0 108.0 without
17360.0 28176.0 220.0 100.0 any

17724.0 28176.0 512.0 84.0 overseas

17944.0 28296.0 224.0 240.0 V

18604.0 28256.0 184.0 80.0 .:?
