21888 30856
968.0 808.0 2392.0 768.0 Court
3760.0 832.0 2024.0 760.0 Tells
6208.0 840.0 3720.0 752.0 Alabama
10328.0 832.0 848.0 752.0 Us
11576.0 816.0 3528.0 776.0 Readmit
15504.0 824.0 2528.0 784.0 Negro
18456.0 792.0 2536.0 784.0 Co-Ed

1236.0 2296.0 404.0 224.0 SP
1720.0 2292.0 1848.0 232.0 RINGLIKE

1388.0 2616.0 688.0 140.0 Generally
2144.0 2624.0 264.0 108.0 fair
2468.0 2628.0 252.0 112.0 and
2792.0 2656.0 596.0 84.0 uarmer.

1552.0 2780.0 304.0 108.0 Low
1928.0 2784.0 420.0 132.0 Z3-Z7,
2416.0 2788.0 316.0 132.0 high
2804.0 2792.0 408.0 104.0 4-50.

1580.0 3012.0 236.0 88.0 Mil
1884.0 3016.0 196.0 84.0 me4
2156.0 3016.0 380.0 84.0 Itrtailt
2600.0 3044.0 132.0 56.0 on
2800.0 3024.0 208.0 84.0 Far

1556.0 3140.0 440.0 88.0 HOIK!.
2152.0 3148.0 56.0 84.0 1
2240.0 3148.0 448.0 84.0 EMFKR
2712.0 3148.0 232.0 88.0 ATI
2976.0 3152.0 240.0 92.0 Ktt

1280.0 3268.0 136.0 104.0 12
1492.0 3296.0 268.0 68.0 noon
1828.0 3280.0 136.0 84.0 !!?
2328.0 3304.0 40.0 72.0 t
2440.0 3308.0 136.0 64.0 m.
2652.0 3288.0 136.0 84.0 33
2968.0 3288.0 128.0 88.0 10
3176.0 3308.0 60.0 72.0 p
3284.0 3312.0 132.0 60.0 m.
3492.0 3292.0 60.0 80.0 ?

1360.0 3372.0 40.0 84.0 J
1500.0 3396.0 244.0 72.0 pm.
1824.0 3380.0 136.0 84.0 27
2356.0 3404.0 56.0 72.0 p
2464.0 3404.0 128.0 64.0 m.
2672.0 3388.0 132.0 84.0 32
2964.0 3384.0 120.0 84.0 11
3176.0 3408.0 236.0 72.0 pro.
3492.0 3388.0 140.0 80.0 O

1356.0 3464.0 64.0 88.0 2
1508.0 3492.0 236.0 60.0 pro.
1824.0 3468.0 60.0 88.0 2
2204.0 3472.0 68.0 84.0 7
2352.0 3500.0 240.0 72.0 pm.
2668.0 3488.0 128.0 80.0 31
2968.0 3484.0 124.0 84.0 12
3176.0 3488.0 240.0 84.0 mid.
3496.0 3484.0 132.0 84.0 23

1356.0 3560.0 68.0 80.0 3
1504.0 3588.0 64.0 64.0 p
1616.0 3592.0 132.0 68.0 m.
1824.0 3576.0 120.0 88.0 HI
2352.0 3600.0 60.0 72.0 p
2456.0 3596.0 140.0 68.0 m.
2668.0 3584.0 136.0 80.0 30
2964.0 3584.0 124.0 80.0 M
3176.0 3608.0 64.0 60.0 a
3284.0 3604.0 124.0 64.0 m.
3488.0 3584.0 140.0 80.0 14

1316.0 3676.0 396.0 116.0 J..?,
2668.0 3688.0 56.0 80.0 2
3036.0 3680.0 64.0 88.0 3
3280.0 3704.0 128.0 64.0 m.
3488.0 3680.0 140.0 84.0 27

1392.0 3752.0 608.0 104.0 LnoHicuL

11568.0 2304.0 2288.0 1184.0 0m

4344.0 3648.0 1272.0 200.0 THURSDAY,
5720.0 3660.0 804.0 160.0 MARCH
6628.0 3656.0 156.0 184.0 1,
6888.0 3660.0 424.0 160.0 1956

9180.0 3684.0 340.0 180.0 On
9656.0 3672.0 696.0 188.0 Guard
10488.0 3672.0 324.0 184.0 for
10940.0 3664.0 552.0 184.0 Over
11616.0 3720.0 124.0 124.0 a
11872.0 3660.0 924.0 212.0 Century

10236.0 3940.0 832.0 124.0 Ettablithei
11140.0 3944.0 140.0 112.0 in
11376.0 3940.0 332.0 116.0 1831

13580.0 3656.0 208.0 144.0 44
13896.0 3656.0 560.0 184.0 Pages
14692.0 3644.0 380.0 148.0 Vol.
15192.0 3636.0 324.0 156.0 125
15720.0 3640.0 328.0 148.0 No.
16164.0 3636.0 320.0 148.0 302
16760.0 3632.0 548.0 152.0 Seven
17420.0 3624.0 528.0 160.0 Cents

18468.0 2296.0 1100.0 228.0 IMETRO
19720.0 2300.0 932.0 224.0 FINAL

18512.0 3152.0 1276.0 272.0 rmnr

18576.0 3424.0 36.0 32.0 "
19716.0 3424.0 68.0 40.0 j

3712.0 4576.0 672.0 800.0 A

15296.0 4552.0 1008.0 376.0 nrzi

17888.0 4544.0 1056.0 1472.0 1

18616.0 6064.0 352.0 360.0 J

5008.0 6992.0 3264.0 1840.0 uwEL

16304.0 7008.0 608.0 832.0 0)

1216.0 9704.0 1704.0 600.0 How
3312.0 9704.0 1784.0 784.0 They

1224.0 10700.0 3012.0 584.0 Reacted
4440.0 11140.0 132.0 128.0 .

1184.0 11664.0 1968.0 420.0 Jubilation
3308.0 11668.0 708.0 368.0 and
4176.0 11656.0 1536.0 472.0 Ouches,

1920.0 12204.0 472.0 372.0 As
2552.0 12208.0 632.0 372.0 Ike
3348.0 12204.0 836.0 524.0 Says
4336.0 12200.0 624.0 372.0 Yes

1348.0 12980.0 396.0 176.0 The
1880.0 13044.0 908.0 144.0 suspense
2916.0 12976.0 632.0 176.0 ended
3704.0 12972.0 1232.0 212.0 Wednesday,

1012.0 13228.0 452.0 184.0 dent
1668.0 13236.0 1204.0 176.0 Eisenhower
3064.0 13244.0 416.0 172.0 said
3756.0 13240.0 140.0 172.0 7
4096.0 13232.0 576.0 176.0 will."

5208.0 12976.0 588.0 168.0 Presi-

1244.0 13592.0 288.0 128.0 The
1600.0 13596.0 484.0 120.0 cheers
2156.0 13628.0 356.0 84.0 were
2576.0 13588.0 492.0 128.0 louder
3252.0 13588.0 276.0 124.0 and
3600.0 13592.0 240.0 124.0 the
3904.0 13588.0 396.0 144.0 sighs
4368.0 13624.0 380.0 88.0 more
4820.0 13588.0 432.0 156.0 gusjty
5436.0 13584.0 352.0 120.0 than

1004.0 13776.0 400.0 124.0 when
1496.0 13776.0 656.0 148.0 Coolidge
2240.0 13772.0 512.0 148.0 finally
2828.0 13776.0 620.0 144.0 dropped
3544.0 13776.0 240.0 116.0 the
3872.0 13776.0 420.0 112.0 other
4372.0 13772.0 336.0 120.0 shoe
4800.0 13772.0 140.0 116.0 in
5036.0 13768.0 384.0 140.0 1928,
5520.0 13764.0 272.0 116.0 and

2396.0 13952.0 756.0 128.0 Roosevelt
3256.0 13948.0 432.0 124.0 broke
3796.0 13952.0 336.0 120.0 with
4244.0 13948.0 676.0 128.0 tradition
5020.0 13960.0 148.0 112.0 to
5276.0 13948.0 328.0 120.0 seek
5712.0 13980.0 84.0 84.0 a

2364.0 14136.0 388.0 124.0 third
2832.0 14140.0 364.0 112.0 term
3268.0 14132.0 144.0 120.0 in
3492.0 14132.0 396.0 116.0 1942.

2640.0 14312.0 248.0 124.0 Ike
2968.0 14304.0 944.0 152.0 Republicans
3996.0 14308.0 352.0 120.0 blew
4428.0 14308.0 376.0 124.0 their
4876.0 14316.0 364.0 136.0 tops.

2632.0 14468.0 920.0 144.0 "Wonderful
3660.0 14484.0 536.0 148.0 news,"
4324.0 14488.0 304.0 124.0 said
4760.0 14484.0 544.0 124.0 former
5428.0 14480.0 344.0 124.0 New

2360.0 14668.0 392.0 136.0 York
2824.0 14672.0 344.0 132.0 Gov.
3236.0 14672.0 616.0 128.0 Thomas
3920.0 14672.0 168.0 132.0 E.
4160.0 14676.0 560.0 148.0 Dewey,
4792.0 14668.0 404.0 128.0 twice
5264.0 14696.0 444.0 92.0 unsuc-

2352.0 14860.0 536.0 132.0 cessful
2960.0 14896.0 156.0 92.0 as
3188.0 14864.0 244.0 124.0 the
3500.0 14860.0 868.0 152.0 Republican
4436.0 14852.0 932.0 128.0 Presidential
5444.0 14888.0 264.0 88.0 can-

2356.0 15052.0 524.0 120.0 didate.
2352.0 15240.0 32.0 24.0 "
2508.0 15236.0 56.0 24.0 "
2568.0 15236.0 372.0 124.0 "He
3012.0 15236.0 284.0 124.0 will
3384.0 15260.0 416.0 128.0 carry
3884.0 15236.0 248.0 120.0 the
4208.0 15228.0 540.0 136.0 Nation
4828.0 15232.0 156.0 128.0 to
5064.0 15224.0 720.0 164.0 sweeping1

2376.0 15416.0 688.0 160.0 victory,"
3136.0 15424.0 312.0 124.0 said
3520.0 15420.0 556.0 128.0 Donald
4152.0 15420.0 140.0 132.0 S.
4356.0 15416.0 696.0 140.0 Leonard,
5128.0 15412.0 600.0 156.0 Republi-

2384.0 15636.0 268.0 100.0 can
2740.0 15604.0 748.0 128.0 candidate
3580.0 15608.0 232.0 120.0 for
3900.0 15600.0 728.0 124.0 Governor
4716.0 15600.0 144.0 128.0 in
4944.0 15596.0 764.0 148.0 Michigan.

2636.0 15792.0 392.0 128.0 More
3128.0 15788.0 796.0 128.0 restrained
4028.0 15816.0 296.0 96.0 was
4428.0 15780.0 420.0 136.0 Adlai
4956.0 15784.0 832.0 152.0 Stevenson,

2404.0 15984.0 316.0 136.0 who
2784.0 15980.0 604.0 164.0 bumped
3456.0 15984.0 300.0 128.0 into
3812.0 15984.0 268.0 128.0 Mr.
4140.0 15976.0 916.0 132.0 Eisenhower
5112.0 15976.0 288.0 128.0 last
5460.0 15972.0 284.0 128.0 elec-

2392.0 16176.0 304.0 124.0 tion
2812.0 16172.0 280.0 124.0 and
3204.0 16208.0 296.0 92.0 was
3616.0 16168.0 580.0 152.0 hopeful
4312.0 16168.0 156.0 124.0 of
4580.0 16164.0 460.0 124.0 easier
5156.0 16164.0 640.0 152.0 pickings

2376.0 16356.0 296.0 124.0 this
2752.0 16360.0 408.0 128.0 time:

1268.0 16588.0 300.0 128.0 "As
1644.0 16588.0 244.0 124.0 the
1968.0 16580.0 1272.0 132.0 administration's
3316.0 16580.0 380.0 128.0 chief
3776.0 16584.0 696.0 128.0 architect
4548.0 16580.0 280.0 132.0 and
4908.0 16576.0 900.0 160.0 spokesman,

1004.0 16776.0 268.0 140.0 Mr.
1356.0 16776.0 912.0 128.0 Eisenhower
2340.0 16776.0 280.0 128.0 will
2704.0 16772.0 356.0 124.0 have
3144.0 16780.0 152.0 116.0 to
3380.0 16808.0 420.0 128.0 carry
3880.0 16768.0 244.0 124.0 the
4204.0 16768.0 536.0 128.0 burden
4824.0 16768.0 156.0 124.0 of
5064.0 16772.0 384.0 120.0 what
5532.0 16764.0 276.0 124.0 will

992.0 16964.0 172.0 132.0 be
1252.0 17004.0 88.0 88.0 a
1424.0 17004.0 348.0 124.0 very
1852.0 16964.0 672.0 152.0 vigorous
2612.0 16960.0 788.0 152.0 campaign.

1268.0 17292.0 1104.0 128.0 STEVENSON
2492.0 17296.0 468.0 120.0 LEFT
3084.0 17292.0 648.0 124.0 LITTLE
3860.0 17292.0 612.0 120.0 DOUBT
4592.0 17284.0 500.0 124.0 THAT
5212.0 17280.0 536.0 124.0 PRESI-

996.0 17488.0 508.0 124.0 DENT
1620.0 17476.0 1392.0 136.0 EISENHOWERS
3132.0 17476.0 760.0 128.0 HEALTH
4008.0 17476.0 664.0 124.0 WOULD
4796.0 17476.0 244.0 128.0 BE
5152.0 17476.0 264.0 124.0 AN
5536.0 17468.0 208.0 128.0 IM-

992.0 17676.0 864.0 128.0 PORTANT
1936.0 17672.0 976.0 128.0 CAMPAIGN
2988.0 17668.0 572.0 148.0 ISSUE,
3644.0 17668.0 1124.0 120.0 REMARKING
4848.0 17664.0 496.0 124.0 THAT
5428.0 17660.0 376.0 120.0 THE

1296.0 15516.0 104.0 52.0 tit

1792.0 15908.0 84.0 140.0 r

1368.0 16324.0 520.0 156.0 Dewey

3876.0 19756.0 32.0 56.0 4
4228.0 19748.0 128.0 72.0 Y-

4392.0 17956.0 92.0 288.0 1
4668.0 17972.0 40.0 256.0 I
5128.0 17948.0 292.0 328.0 '-:(!

5104.0 19952.0 344.0 344.0 ,r
5568.0 19904.0 256.0 400.0 vj

3808.0 20088.0 280.0 176.0 fCH
4188.0 20124.0 88.0 140.0 A
4396.0 20080.0 684.0 200.0 SCCS,r

2276.0 20756.0 412.0 124.0 'HAS

4844.0 23672.0 688.0 128.0 Williams

2836.0 20756.0 696.0 124.0 DRAWN
3676.0 20752.0 376.0 128.0 THE
4200.0 20744.0 1176.0 128.0 DISTINCTION
5528.0 20744.0 240.0 116.0 BE

1020.0 20956.0 684.0 120.0 TWEEN
1812.0 20952.0 380.0 120.0 THE
2304.0 20940.0 808.0 124.0 PRIVATE
3216.0 20936.0 764.0 124.0 MATTER
4084.0 20936.0 244.0 120.0 OF
4436.0 20936.0 304.0 120.0 HIS
4852.0 20928.0 988.0 124.0 PERSONAL

1032.0 21132.0 768.0 124.0 HEALTH
1888.0 21132.0 396.0 124.0 AND
2368.0 21124.0 380.0 120.0 THE
2836.0 21116.0 668.0 124.0 PUBLIC
3592.0 21116.0 924.0 148.0 QUESTION
4608.0 21116.0 240.0 120.0 OF
4936.0 21112.0 428.0 128.0 HOW
5452.0 21108.0 376.0 124.0 THE

1036.0 21312.0 668.0 132.0 OFFICE
1776.0 21320.0 248.0 124.0 OF
2096.0 21304.0 1044.0 132.0 PRESIDENT
3216.0 21304.0 616.0 128.0 SHALL
3904.0 21312.0 244.0 120.0 BE
4236.0 21296.0 1252.0 132.0 CONDUCTED."

1304.0 21604.0 832.0 148.0 Michigan's
2264.0 21600.0 884.0 124.0 Democratic
3272.0 21596.0 352.0 128.0 Gov.
3744.0 21592.0 688.0 128.0 Williams

1040.0 21784.0 308.0 140.0 said
1448.0 21792.0 168.0 132.0 he
1712.0 21792.0 124.0 132.0 is
1932.0 21784.0 324.0 168.0 glad
2348.0 21780.0 740.0 136.0 President
3172.0 21784.0 912.0 136.0 Eisenhower
4164.0 21784.0 276.0 132.0 felt

1036.0 21988.0 320.0 124.0 well
1416.0 21992.0 556.0 140.0 enough
2032.0 21992.0 140.0 120.0 tc
2244.0 21980.0 644.0 124.0 consider
2944.0 22016.0 88.0 88.0 a
3088.0 21976.0 928.0 128.0 Presidential
4080.0 22012.0 308.0 88.0 cam-

1044.0 22172.0 468.0 160.0 paign,
1604.0 22168.0 328.0 128.0 but:

1316.0 22364.0 376.0 132.0 "The
1768.0 22364.0 1112.0 124.0 announcement
2956.0 22360.0 120.0 128.0 is
3148.0 22396.0 180.0 88.0 no
3400.0 22356.0 624.0 160.0 surprise
4108.0 22356.0 320.0 148.0 and,

1048.0 22548.0 776.0 160.0 politically
1952.0 22548.0 720.0 156.0 speaking,
2804.0 22552.0 116.0 120.0 it
3040.0 22548.0 624.0 144.0 changes
3792.0 22544.0 640.0 152.0 nothing.

1024.0 22740.0 296.0 124.0 The
1392.0 22732.0 748.0 128.0 American
2220.0 22736.0 484.0 156.0 people
2776.0 22736.0 280.0 124.0 will
3128.0 22732.0 416.0 128.0 favor
3616.0 22732.0 240.0 128.0 the
3936.0 22732.0 440.0 124.0 Demo-

1052.0 22932.0 440.0 124.0 cratic
1584.0 22924.0 440.0 156.0 Party
2108.0 22920.0 140.0 128.0 in
2340.0 22920.0 920.0 132.0 November."

1316.0 23112.0 320.0 124.0 Neil
1768.0 23112.0 684.0 136.0 Staebler,
2584.0 23108.0 832.0 140.0 Michigan's
3548.0 23104.0 888.0 124.0 Democratic

1036.0 23296.0 408.0 128.0 State
1588.0 23288.0 772.0 144.0 chairman,
2512.0 23288.0 304.0 132.0 said
2964.0 23288.0 324.0 124.0 "it's
3436.0 23324.0 692.0 92.0 nonsense
4280.0 23296.0 160.0 116.0 to

1052.0 23476.0 596.0 164.0 pretend
1748.0 23476.0 332.0 132.0 that
2176.0 23472.0 1028.0 140.0 President
3308.0 23472.0 912.0 140.0 Eisenhower
4316.0 23476.0 124.0 132.0 is

1056.0 23664.0 796.0 160.0 physically
1940.0 23660.0 312.0 124.0 able
2348.0 23672.0 152.0 116.0 to
2592.0 23664.0 648.0 132.0 continue
3336.0 23700.0 156.0 96.0 as
3592.0 23700.0 88.0 88.0 a
3768.0 23664.0 672.0 128.0 full-time

1052.0 23852.0 780.0 128.0 executive.

1328.0 24068.0 384.0 128.0 "One
1784.0 24072.0 780.0 156.0 important
2632.0 24068.0 608.0 136.0 decision
3308.0 24068.0 280.0 128.0 will
3656.0 24068.0 168.0 140.0 be
3892.0 24072.0 636.0 128.0 whether
4592.0 24072.0 240.0 132.0 the
4908.0 24080.0 480.0 120.0 voters
5460.0 24076.0 384.0 124.0 want

1056.0 24292.0 84.0 88.0 a
1240.0 24256.0 732.0 164.0 part-time
2068.0 24252.0 872.0 128.0 President."

1328.0 24480.0 608.0 124.0 Senator
2092.0 24480.0 496.0 120.0 Potter
2764.0 24480.0 280.0 152.0 (R.,
3208.0 24480.0 492.0 156.0 Mich.)
3880.0 24476.0 356.0 152.0 said,
4400.0 24480.0 384.0 124.0 'The
4952.0 24480.0 436.0 156.0 hopes
5556.0 24480.0 280.0 128.0 and

1060.0 24700.0 600.0 132.0 prayers
1764.0 24660.0 160.0 128.0 of
2028.0 24660.0 604.0 136.0 millions
2744.0 24668.0 160.0 124.0 of
3008.0 24668.0 488.0 156.0 people
3604.0 24756.0 44.0 52.0 ,
3748.0 24756.0 48.0 44.0 .
3900.0 24760.0 48.0 48.0 .
4052.0 24696.0 368.0 96.0 were
4528.0 24676.0 724.0 124.0 answered
5368.0 24668.0 476.0 160.0 today.

1056.0 24984.0 332.0 52.0 ...
1476.0 24892.0 456.0 128.0 There
2036.0 24924.0 244.0 96.0 are
2384.0 24896.0 280.0 116.0 two
2764.0 24892.0 828.0 152.0 significant
3688.0 24896.0 380.0 128.0 facts
4180.0 24892.0 644.0 128.0 revealed
4928.0 24896.0 188.0 152.0 by
5224.0 24892.0 288.0 132.0 this
5612.0 24896.0 176.0 124.0 de-

1060.0 25076.0 440.0 124.0 rision
1684.0 25076.0 384.0 148.0 first,
2184.0 25076.0 244.0 120.0 the
2544.0 25076.0 736.0 128.0 President
3388.0 25080.0 492.0 124.0 knows
4000.0 25076.0 220.0 124.0 his
4336.0 25072.0 492.0 128.0 health
4940.0 25084.0 160.0 116.0 to
5208.0 25076.0 176.0 128.0 be
5500.0 25084.0 348.0 116.0 such

1068.0 25264.0 328.0 124.0 that
1492.0 25260.0 180.0 128.0 he
1776.0 25292.0 260.0 100.0 can
2144.0 25292.0 416.0 128.0 carry
2660.0 25268.0 252.0 120.0 out
3012.0 25264.0 244.0 128.0 the
3356.0 25264.0 468.0 128.0 duties
3932.0 25264.0 160.0 128.0 of
4188.0 25264.0 244.0 132.0 the
4540.0 25260.0 892.0 156.0 Presidency.
5540.0 25264.0 252.0 132.0 Sec-

1052.0 25448.0 480.0 160.0 ondly,
1620.0 25448.0 220.0 132.0 his
1924.0 25444.0 596.0 132.0 election
2604.0 25452.0 160.0 120.0 to
2844.0 25488.0 84.0 88.0 a
3016.0 25456.0 516.0 132.0 second
3616.0 25460.0 364.0 124.0 term
4068.0 25448.0 280.0 128.0 will
4440.0 25484.0 492.0 96.0 assure
5020.0 25452.0 248.0 128.0 the
5356.0 25456.0 488.0 160.0 people

1052.0 25636.0 168.0 132.0 of
1300.0 25636.0 292.0 128.0 this
1680.0 25644.0 604.0 152.0 country
2368.0 25636.0 328.0 128.0 that
2776.0 25636.0 220.0 132.0 his
3088.0 25676.0 708.0 120.0 program,
3884.0 25676.0 168.0 92.0 so
4136.0 25640.0 936.0 152.0 successfully
5160.0 25644.0 688.0 128.0 launched

1056.0 25824.0 520.0 152.0 during
1660.0 25820.0 292.0 128.0 this
2044.0 25824.0 340.0 128.0 first
2468.0 25828.0 408.0 140.0 term,
2964.0 25828.0 276.0 124.0 will
3332.0 25832.0 168.0 120.0 be
3592.0 25832.0 756.0 152.0 preserved
4440.0 25828.0 276.0 132.0 and
4808.0 25828.0 768.0 148.0 expanded.

1280.0 26076.0 1032.0 144.0 Unrestrained
2376.0 26080.0 252.0 160.0 joy
2704.0 26088.0 336.0 128.0 took
3120.0 26124.0 340.0 92.0 over
3536.0 26096.0 160.0 120.0 at
3772.0 26084.0 860.0 160.0 Republican
4716.0 26072.0 628.0 140.0 national
5432.0 26088.0 352.0 128.0 head-

1048.0 26272.0 664.0 156.0 quarters
1780.0 26272.0 144.0 124.0 in
1988.0 26264.0 980.0 156.0 Washington.

1324.0 26496.0 932.0 156.0 Throughout
2324.0 26492.0 240.0 136.0 the
2636.0 26496.0 536.0 148.0 nation,
3244.0 26508.0 804.0 152.0 grass-root
4116.0 26500.0 860.0 160.0 Republican
5056.0 26504.0 736.0 156.0 campaign-

1060.0 26716.0 236.0 88.0 ers
1376.0 26684.0 272.0 128.0 felt
1724.0 26684.0 328.0 132.0 that
2132.0 26684.0 740.0 136.0 President
2952.0 26684.0 1020.0 136.0 Eisenhower's
4060.0 26684.0 472.0 140.0 choice
4620.0 26688.0 280.0 128.0 will
4984.0 26688.0 412.0 132.0 make
5480.0 26692.0 380.0 128.0 their

1060.0 26868.0 416.0 132.0 tasks
1560.0 26872.0 504.0 132.0 easier.
2136.0 26868.0 456.0 132.0 There
2668.0 26908.0 364.0 96.0 were
3116.0 26876.0 632.0 148.0 grateful
3832.0 26876.0 528.0 132.0 sounds
4444.0 26880.0 380.0 128.0 from
4912.0 26884.0 244.0 124.0 the
5244.0 26876.0 552.0 132.0 whistle-

1060.0 27064.0 336.0 148.0 etop
1468.0 27064.0 656.0 148.0 country.

1324.0 27276.0 504.0 132.0 Iowa's
1892.0 27280.0 356.0 136.0 Gov.
2316.0 27276.0 292.0 132.0 Leo
2680.0 27292.0 124.0 124.0 A
2884.0 27276.0 500.0 172.0 Hoegh
3464.0 27280.0 312.0 136.0 said
3840.0 27284.0 344.0 132.0 "the
4256.0 27288.0 492.0 160.0 people
4828.0 27292.0 360.0 132.0 have
5268.0 27332.0 88.0 92.0 a
5436.0 27288.0 416.0 164.0 great

1052.0 27460.0 472.0 140.0 friend
1608.0 27464.0 144.0 132.0 in
1840.0 27464.0 384.0 132.0 Ike."

1412.0 27960.0 408.0 184.0 The
1920.0 27960.0 588.0 184.0 Stock
2612.0 27960.0 740.0 188.0 Market
3464.0 27968.0 1076.0 180.0 celebrated
4828.0 28096.0 60.0 52.0 .

1324.0 28328.0 240.0 56.0 ...
1616.0 28244.0 264.0 136.0 Mr.
1928.0 28240.0 1028.0 140.0 Eisenhower's
3016.0 28264.0 1192.0 148.0 pronouncement
4260.0 28256.0 344.0 132.0 with
4664.0 28252.0 580.0 164.0 trading
5296.0 28252.0 548.0 140.0 volume

1060.0 28432.0 640.0 164.0 swelling
1784.0 28448.0 156.0 116.0 to
2028.0 28444.0 248.0 124.0 the
2356.0 28436.0 648.0 140.0 heaviest
3092.0 28448.0 364.0 128.0 total
3540.0 28448.0 152.0 128.0 la
3780.0 28448.0 296.0 132.0 five
4160.0 28448.0 624.0 132.0 months.

1328.0 28696.0 296.0 132.0 The
1716.0 28696.0 832.0 168.0 high-speed
2632.0 28696.0 460.0 144.0 ticker
3176.0 28716.0 380.0 156.0 tape,
3640.0 28708.0 460.0 132.0 which
4196.0 28716.0 560.0 152.0 reports
4852.0 28712.0 1000.0 144.0 transactions,

1064.0 28884.0 624.0 140.0 couldn't
1772.0 28888.0 356.0 156.0 keep
2212.0 28928.0 184.0 120.0 up
2480.0 28892.0 348.0 132.0 with
2908.0 28896.0 248.0 124.0 the
3248.0 28896.0 536.0 160.0 buying
3864.0 28904.0 280.0 128.0 and
4232.0 28900.0 560.0 156.0 selling.
4872.0 28900.0 212.0 128.0 At
5156.0 28936.0 264.0 92.0 one
5508.0 28900.0 340.0 132.0 time

1064.0 29072.0 116.0 128.0 it
1268.0 29108.0 296.0 88.0 was
1656.0 29076.0 172.0 124.0 19
1916.0 29080.0 612.0 128.0 minutes
2616.0 29076.0 564.0 132.0 behind.

1332.0 29328.0 528.0 144.0 Cheers
1964.0 29340.0 276.0 136.0 and
2348.0 29336.0 508.0 140.0 shouU
2952.0 29372.0 328.0 108.0 rose
3380.0 29340.0 444.0 136.0 above
3924.0 29344.0 252.0 136.0 the
4276.0 29344.0 420.0 136.0 usual
4796.0 29348.0 576.0 160.0 trading
5480.0 29348.0 392.0 132.0 floor

2440.0 29592.0 360.0 116.0 Tom
2860.0 29596.0 152.0 112.0 to
3072.0 29592.0 368.0 144.0 Tage
3500.0 29592.0 196.0 144.0 14,
3760.0 29600.0 544.0 112.0 Column
4372.0 29608.0 72.0 112.0 1

9116.0 9312.0 204.0 240.0 .J
12476.0 9296.0 116.0 208.0 1
12696.0 9292.0 52.0 212.0 i
13876.0 9332.0 712.0 220.0 -;r
15708.0 9280.0 140.0 224.0 1

7656.0 9544.0 380.0 212.0 -x
10452.0 9556.0 48.0 80.0 i
13068.0 9612.0 40.0 32.0 ,
13648.0 9480.0 304.0 200.0 y
15012.0 9512.0 232.0 116.0 -v
15780.0 9536.0 76.0 192.0 'i

9124.0 9936.0 64.0 200.0 !:
10480.0 9980.0 20.0 24.0 '
13276.0 9860.0 228.0 324.0 f
13928.0 10100.0 32.0 28.0 .
15488.0 9976.0 36.0 36.0 '
15784.0 9860.0 76.0 284.0 I

6448.0 10568.0 152.0 92.0 A'
8560.0 10672.0 52.0 40.0 -
11516.0 10584.0 456.0 184.0 "r"'
12060.0 10648.0 28.0 32.0 '
13148.0 10552.0 76.0 228.0 f
15800.0 10408.0 64.0 372.0 1

6768.0 12120.0 288.0 376.0 '-."
8024.0 12320.0 56.0 48.0 -
8360.0 11984.0 432.0 584.0 j)
9136.0 12112.0 16.0 344.0 !
9360.0 12440.0 16.0 16.0 .
9624.0 12128.0 1488.0 312.0 ..l-
11480.0 12344.0 240.0 224.0 n
12912.0 12456.0 40.0 40.0 ,
13160.0 12088.0 1520.0 400.0 -1ST.'.
14936.0 12112.0 400.0 456.0 7

6368.0 12656.0 232.0 248.0 r
9304.0 12456.0 328.0 696.0 h
10232.0 12592.0 656.0 560.0 fs
12712.0 12632.0 64.0 504.0 I
14088.0 12808.0 376.0 344.0 r-

6188.0 13144.0 28.0 164.0 i
9128.0 13068.0 72.0 220.0 1
12544.0 13068.0 544.0 268.0 J:'-
14140.0 13136.0 72.0 152.0 I
14408.0 13152.0 104.0 136.0 1
14788.0 13080.0 272.0 196.0 K
15820.0 13068.0 60.0 220.0 I

6160.0 13568.0 204.0 240.0 h'
7288.0 13660.0 80.0 152.0 t
8348.0 13596.0 200.0 216.0 V
8668.0 13680.0 32.0 32.0 -
9128.0 13568.0 72.0 236.0 I
9316.0 13600.0 60.0 212.0 I
10388.0 13568.0 84.0 244.0 I
11400.0 13580.0 68.0 232.0 I
12544.0 13568.0 68.0 244.0 J
12768.0 13620.0 16.0 132.0 ;
13704.0 13704.0 36.0 40.0 '
14860.0 13696.0 48.0 48.0 '

6152.0 14056.0 56.0 140.0 f
6620.0 14072.0 40.0 36.0 '
7428.0 14112.0 328.0 184.0 ir
8448.0 14188.0 48.0 32.0 -
9156.0 14080.0 48.0 88.0 '
9316.0 14004.0 116.0 284.0 !-
10532.0 14176.0 52.0 120.0 i
11200.0 14004.0 224.0 292.0 U
12380.0 14004.0 504.0 292.0 "ir
14032.0 14128.0 32.0 32.0 '
15156.0 14072.0 100.0 200.0 i
15540.0 14088.0 148.0 64.0 "

6148.0 14224.0 1612.0 312.0 I'll-
9320.0 14228.0 52.0 108.0 t
9520.0 14308.0 24.0 28.0 ,
9984.0 14280.0 36.0 32.0 -
10544.0 14224.0 56.0 144.0 I
11236.0 14224.0 136.0 108.0 it
12140.0 14300.0 28.0 28.0 .
13056.0 14288.0 24.0 24.0 -
15160.0 14224.0 64.0 140.0 i

7004.0 14372.0 40.0 32.0 '
7924.0 14344.0 332.0 188.0 '"f
9104.0 14360.0 432.0 212.0 ,jr,
9712.0 14472.0 20.0 40.0 .
10700.0 14304.0 216.0 240.0 S
12196.0 14388.0 104.0 116.0 .'
12548.0 14304.0 420.0 236.0 iK
13256.0 14400.0 40.0 32.0 '
13820.0 14392.0 32.0 28.0 '
15136.0 14372.0 64.0 168.0 :
15448.0 14404.0 64.0 120.0 ;
15856.0 14460.0 60.0 104.0 n

7712.0 14656.0 20.0 24.0 '
8116.0 14736.0 48.0 32.0 ,
8616.0 14736.0 32.0 28.0 ,
8792.0 14676.0 32.0 28.0 '
9160.0 14616.0 48.0 124.0 !
10440.0 14656.0 48.0 108.0 f
10888.0 14652.0 52.0 116.0 ?
12084.0 14660.0 24.0 48.0 '
12248.0 14680.0 36.0 40.0 '
12564.0 14672.0 56.0 96.0 I
12940.0 14664.0 40.0 40.0 '
15320.0 14676.0 28.0 28.0 -

7656.0 15172.0 708.0 64.0 i4-.mV
8864.0 15124.0 152.0 112.0 &b

7156.0 15360.0 356.0 144.0 The
7620.0 15356.0 908.0 144.0 President
8628.0 15352.0 688.0 144.0 Looked
9416.0 15344.0 416.0 152.0 This
9932.0 15348.0 440.0 192.0 Way
10476.0 15384.0 196.0 104.0 as
10772.0 15340.0 268.0 144.0 He
11144.0 15336.0 408.0 148.0 Said
11660.0 15340.0 256.0 140.0 He
12024.0 15340.0 172.0 136.0 Is
12304.0 15328.0 896.0 148.0 Available
13312.0 15328.0 288.0 140.0 for
13732.0 15324.0 656.0 148.0 Second
14488.0 15328.0 500.0 140.0 Term

6012.0 15868.0 848.0 372.0 Miss
7012.0 15860.0 960.0 508.0 Lucy

6032.0 16412.0 852.0 384.0 Sent
7028.0 16412.0 980.0 372.0 Back

6020.0 16972.0 528.0 364.0 To
6700.0 16960.0 1712.0 364.0 Alabama

6524.0 17600.0 400.0 84.0 Srlal
6968.0 17604.0 104.0 80.0 to
7116.0 17604.0 176.0 84.0 the
7336.0 17604.0 244.0 80.0 Free
7624.0 17600.0 240.0 84.0 Pm

6272.0 17760.0 1260.0 144.0 BIRMINGHAM,
7696.0 17756.0 320.0 128.0 Ala.

6088.0 17944.0 292.0 132.0 The
6488.0 17940.0 672.0 128.0 all-white
7268.0 17936.0 828.0 164.0 University
8192.0 17932.0 164.0 132.0 of

6096.0 18132.0 700.0 128.0 Alabama
6920.0 18168.0 292.0 92.0 was
7344.0 18128.0 592.0 132.0 ordered
8064.0 18124.0 292.0 136.0 late

6096.0 18324.0 880.0 160.0 Wednesday
7084.0 18328.0 156.0 120.0 to
7352.0 18320.0 608.0 128.0 readmit
8064.0 18320.0 228.0 124.0 Au-

6108.0 18512.0 552.0 120.0 therine
6856.0 18512.0 432.0 152.0 Lucy,
7480.0 18504.0 880.0 160.0 26-year-old

6096.0 18700.0 484.0 156.0 Negro
6784.0 18696.0 472.0 160.0 Co-ed,
7464.0 18704.0 156.0 124.0 to
7824.0 18692.0 528.0 132.0 classes

6104.0 18896.0 496.0 128.0 March
6696.0 18892.0 132.0 132.0 5.

6212.0 19116.0 552.0 104.0 Federal
6804.0 19112.0 420.0 132.0 Judge
7272.0 19116.0 508.0 100.0 Hobart
7828.0 19112.0 548.0 104.0 Grooms

6088.0 19272.0 284.0 108.0 also
6556.0 19264.0 976.0 116.0 discarded
7708.0 19268.0 680.0 140.0 contempt

6084.0 19436.0 776.0 140.0 charges
6992.0 19436.0 536.0 140.0 against
7652.0 19436.0 736.0 136.0 university

6088.0 19600.0 620.0 116.0 officials.
6808.0 19604.0 204.0 104.0 He
7112.0 19600.0 288.0 112.0 said
7496.0 19596.0 320.0 136.0 they
7908.0 19596.0 480.0 112.0 barred

6084.0 19760.0 332.0 104.0 Miss
6504.0 19764.0 360.0 124.0 Lucy
6944.0 19764.0 136.0 100.0 in
7164.0 19760.0 228.0 104.0 the
7480.0 19752.0 408.0 132.0 "good
7908.0 19756.0 472.0 104.0 -faith"

6092.0 19912.0 392.0 108.0 belief
6580.0 19916.0 232.0 104.0 she
6908.0 19940.0 280.0 80.0 was
7292.0 19912.0 132.0 108.0 in
7524.0 19912.0 504.0 132.0 danger
8124.0 19904.0 264.0 112.0 and

6088.0 20076.0 236.0 112.0 not
6432.0 20080.0 132.0 108.0 in
6672.0 20072.0 600.0 112.0 defiance
7376.0 20072.0 140.0 112.0 of
7632.0 20096.0 168.0 84.0 an
7916.0 20072.0 476.0 112.0 earlier

6084.0 20236.0 392.0 108.0 order
6568.0 20240.0 304.0 108.0 that
6956.0 20240.0 232.0 100.0 she
7280.0 20236.0 156.0 100.0 be
7528.0 20236.0 684.0 100.0 admitted.

6252.0 20464.0 208.0 100.0 "It
6556.0 20488.0 376.0 76.0 mean
7104.0 20460.0 304.0 124.0 only
7500.0 20488.0 248.0 72.0 one
7844.0 20456.0 376.0 132.0 thing

6092.0 20616.0 304.0 108.0 that
6516.0 20616.0 196.0 108.0 I'll
6832.0 20620.0 160.0 104.0 be
7108.0 20616.0 340.0 104.0 back
7564.0 20616.0 136.0 104.0 In
7824.0 20612.0 480.0 120.0 school,

6156.0 20780.0 216.0 100.0 aid
6500.0 20776.0 228.0 100.0 the
6844.0 20776.0 612.0 120.0 beaming
7576.0 20772.0 332.0 100.0 Miss
8028.0 20772.0 360.0 124.0 Lucy

6092.0 20956.0 156.0 76.0 as
6356.0 20928.0 500.0 104.0 friends
6960.0 20928.0 472.0 104.0 rushed
7548.0 20952.0 176.0 104.0 up
7832.0 20924.0 140.0 100.0 to
8084.0 20948.0 240.0 76.0 con-

6096.0 21084.0 668.0 132.0 gratulate
6828.0 21084.0 276.0 104.0 her.

6232.0 21276.0 596.0 108.0 Another
6888.0 21276.0 304.0 136.0 part
7252.0 21276.0 144.0 108.0 of
7452.0 21276.0 224.0 104.0 the
7732.0 21276.0 376.0 104.0 court
8172.0 21296.0 148.0 76.0 ac-

6096.0 21432.0 272.0 100.0 tion
6540.0 21456.0 80.0 76.0 a
6700.0 21432.0 556.0 132.0 petition
7340.0 21432.0 140.0 100.0 to
7564.0 21432.0 508.0 128.0 require
8156.0 21432.0 224.0 96.0 the

6088.0 21588.0 732.0 136.0 university
6904.0 21588.0 140.0 108.0 to
7128.0 21584.0 400.0 140.0 grant
7608.0 21584.0 332.0 112.0 Miss
8024.0 21580.0 364.0 136.0 Lucy

6088.0 21752.0 456.0 132.0 dining
6700.0 21752.0 260.0 112.0 and
7124.0 21748.0 728.0 136.0 dormitory
8020.0 21776.0 364.0 80.0 room

6088.0 21916.0 620.0 104.0 facilities
6856.0 21940.0 352.0 108.0 upon
7364.0 21908.0 860.0 112.0 readmission

6080.0 22096.0 284.0 84.0 was
6496.0 22076.0 404.0 108.0 taken
7024.0 22072.0 416.0 108.0 under
7568.0 22064.0 816.0 116.0 advisement

6084.0 22236.0 176.0 140.0 by
6328.0 22236.0 428.0 140.0 Judge
6836.0 22236.0 592.0 112.0 Grooms.

6248.0 22400.0 480.0 108.0 Before
6812.0 22400.0 160.0 108.0 he
7068.0 22400.0 312.0 104.0 read
7476.0 22396.0 204.0 108.0 his
7772.0 22396.0 600.0 120.0 decision,

6080.0 22556.0 436.0 132.0 Judge
6584.0 22560.0 548.0 108.0 Grooms
7204.0 22556.0 340.0 108.0 said:

6264.0 22716.0 308.0 108.0 "We
6672.0 22740.0 304.0 112.0 may
7076.0 22716.0 604.0 140.0 question
7772.0 22716.0 220.0 108.0 the
8092.0 22740.0 224.0 84.0 rea-

6108.0 22880.0 472.0 140.0 soning
6700.0 22888.0 248.0 104.0 and
7076.0 22880.0 340.0 136.0 logic
7528.0 22884.0 148.0 104.0 of
7792.0 22884.0 224.0 104.0 the
8144.0 22880.0 172.0 104.0 Su-

6100.0 23072.0 444.0 100.0 preme
6624.0 23044.0 412.0 104.0 Court
7120.0 23048.0 148.0 100.0 at
7352.0 23044.0 424.0 112.0 times,
7864.0 23040.0 236.0 96.0 but
8180.0 23064.0 200.0 72.0 we

6108.0 23204.0 360.0 100.0 must
6552.0 23200.0 152.0 104.0 be
6800.0 23200.0 424.0 108.0 bound
7312.0 23200.0 176.0 136.0 by
7576.0 23200.0 176.0 104.0 its
7844.0 23192.0 476.0 112.0 author-

6104.0 23356.0 316.0 140.0 ity."
7212.0 23536.0 60.0 56.0 a

6268.0 23692.0 400.0 108.0 MISS
6788.0 23688.0 456.0 112.0 LICY
7356.0 23716.0 276.0 80.0 was
7756.0 23684.0 620.0 108.0 excluded

6104.0 23852.0 344.0 104.0 from
6532.0 23852.0 224.0 104.0 the
6832.0 23852.0 732.0 128.0 university
7644.0 23848.0 304.0 104.0 Feb.
8004.0 23848.0 92.0 132.0 j6
8180.0 23848.0 140.0 108.0 af-

6112.0 24020.0 204.0 96.0 ter
6404.0 24012.0 476.0 104.0 rioters
6964.0 24008.0 260.0 112.0 had
7316.0 24016.0 524.0 128.0 swayed
7928.0 24036.0 452.0 80.0 across

6108.0 24172.0 224.0 112.0 the
6428.0 24200.0 544.0 108.0 campus
7064.0 24176.0 128.0 104.0 in
7280.0 24172.0 800.0 112.0 Tuscaloosa
8168.0 24176.0 220.0 104.0 for

6112.0 24340.0 368.0 100.0 three
6568.0 24336.0 368.0 128.0 days,
7028.0 24336.0 532.0 132.0 hurling
7644.0 24336.0 388.0 108.0 rocks
8128.0 24336.0 252.0 104.0 and

6108.0 24496.0 516.0 108.0 threats
6700.0 24500.0 148.0 104.0 at
6924.0 24496.0 276.0 112.0 her.

6272.0 24656.0 256.0 112.0 She
6604.0 24660.0 260.0 116.0 had
6944.0 24656.0 576.0 116.0 enrolled
7600.0 24660.0 372.0 112.0 three
8052.0 24660.0 332.0 136.0 days

6112.0 24820.0 452.0 108.0 before
6664.0 24828.0 232.0 104.0 she
6996.0 24852.0 284.0 80.0 was
7376.0 24824.0 732.0 136.0 suspended
8212.0 24828.0 176.0 132.0 by

6108.0 24988.0 228.0 100.0 the
6424.0 24992.0 576.0 100.0 trustees
7084.0 24988.0 364.0 108.0 after
7532.0 25016.0 88.0 80.0 a
7700.0 24992.0 688.0 136.0 four-year

6112.0 25140.0 344.0 140.0 legal
6544.0 25148.0 460.0 116.0 battle.

6276.0 25344.0 192.0 120.0 As
6568.0 25352.0 308.0 136.0 part
6972.0 25356.0 144.0 108.0 of
7212.0 25352.0 208.0 108.0 his
7512.0 25348.0 876.0 136.0 decision,

6116.0 25504.0 428.0 144.0 Judge
6684.0 25516.0 560.0 112.0 Grooms
7380.0 25520.0 644.0 112.0 defended
8160.0 25520.0 232.0 108.0 the

6248.0 25748.0 352.0 112.0 Turn
6684.0 25756.0 140.0 104.0 to
6896.0 25760.0 360.0 128.0 Page
7332.0 25760.0 116.0 120.0 6,
7520.0 25756.0 552.0 108.0 Column
8156.0 25764.0 68.0 108.0 1

8720.0 21544.0 480.0 212.0 Lillf
9228.0 21696.0 16.0 52.0 !
9992.0 21688.0 248.0 56.0 all
10344.0 21684.0 128.0 60.0 W
10596.0 21684.0 76.0 60.0 m
10744.0 21680.0 32.0 64.0 i
10916.0 21736.0 12.0 4.0 .
11304.0 21644.0 640.0 92.0 lkMMHHh3i

9220.0 21916.0 292.0 148.0 Ike
9584.0 21904.0 404.0 156.0 Said
10060.0 21908.0 256.0 148.0 He
10384.0 21908.0 412.0 148.0 Was
10860.0 21900.0 520.0 192.0 'Very
11444.0 21896.0 532.0 152.0 Fond'
12048.0 21900.0 188.0 148.0 of
12304.0 21888.0 572.0 156.0 Nixon

9384.0 22432.0 1008.0 372.0 More
10612.0 22420.0 1208.0 376.0 About
12028.0 22412.0 648.0 376.0 Ike

8776.0 23040.0 1008.0 192.0 Highlights
9868.0 23036.0 188.0 148.0 of
10132.0 23076.0 492.0 148.0 press
10708.0 23032.0 1056.0 144.0 conference.
11852.0 23024.0 452.0 180.0 Page
12404.0 23016.0 248.0 148.0 U.

8768.0 23308.0 292.0 152.0 Ike
9160.0 23300.0 340.0 156.0 had
9600.0 23304.0 180.0 148.0 to
9880.0 23292.0 656.0 160.0 remind
10636.0 23288.0 752.0 156.0 himself.
11484.0 23288.0 460.0 184.0 Page
12040.0 23280.0 260.0 152.0 16.

8784.0 23564.0 1092.0 184.0 Chronology
9972.0 23564.0 192.0 144.0 of
10264.0 23556.0 440.0 148.0 Ike's
10812.0 23588.0 868.0 144.0 recovery.
11780.0 23552.0 456.0 176.0 Page
12344.0 23544.0 256.0 144.0 20.

8780.0 23828.0 444.0 152.0 Ike's
9312.0 23820.0 756.0 156.0 decision
10160.0 23864.0 356.0 104.0 was
10604.0 23808.0 832.0 160.0 Mamie's.
11528.0 23808.0 456.0 184.0 Page
12076.0 23800.0 264.0 152.0 23.

8776.0 24084.0 1096.0 196.0 Description
9984.0 24084.0 192.0 148.0 of
10276.0 24124.0 492.0 152.0 press
10880.0 24076.0 1060.0 152.0 conference.
12164.0 24068.0 460.0 176.0 Page
12736.0 24060.0 260.0 156.0 44.

8716.0 24644.0 932.0 108.0 Amusements
10684.0 24628.0 152.0 112.0 33
11256.0 24620.0 516.0 108.0 Jumble
11856.0 24616.0 392.0 112.0 Word
12336.0 24620.0 412.0 108.0 Game
13224.0 24616.0 156.0 112.0 42

8716.0 24804.0 720.0 132.0 Astrology
10672.0 24792.0 144.0 108.0 17
11256.0 24784.0 496.0 104.0 Lenten
11824.0 24780.0 548.0 104.0 Sermon
13232.0 24784.0 148.0 108.0 13

8716.0 24964.0 488.0 120.0 Bridge
10688.0 24944.0 152.0 104.0 4?
11256.0 24940.0 424.0 100.0 Movie
11756.0 24940.0 416.0 100.0 Guide
13200.0 24936.0 160.0 104.0 32

8712.0 25120.0 520.0 104.0 Comics
10472.0 25096.0 368.0 116.0 42-43
11264.0 25088.0 932.0 136.0 1'hotography
13216.0 25092.0 160.0 108.0 27

8716.0 25276.0 304.0 108.0 Diet
9104.0 25272.0 432.0 108.0 Series
10688.0 25260.0 156.0 112.0 24
11256.0 25256.0 408.0 104.0 Radio
11732.0 25252.0 260.0 112.0 and
12052.0 25244.0 724.0 120.0 Television
13008.0 25248.0 376.0 112.0 18-111

8712.0 25440.0 388.0 104.0 Drew
9180.0 25436.0 572.0 104.0 Pearson
10692.0 25420.0 152.0 112.0 16
11264.0 25420.0 468.0 124.0 Sports
12984.0 25408.0 376.0 108.0 29-32

8724.0 25588.0 712.0 112.0 Editorials
10764.0 25576.0 80.0 104.0 8
11256.0 25568.0 392.0 108.0 Want
11708.0 25572.0 276.0 108.0 Ads
13004.0 25564.0 376.0 112.0 37-41

8716.0 25748.0 676.0 104.0 Financial
10468.0 25736.0 376.0 108.0 34-36
11256.0 25724.0 648.0 108.0 Women's
11992.0 25724.0 432.0 128.0 Pages
13004.0 25724.0 380.0 108.0 23-26

6040.0 26200.0 1088.0 184.0 PROVING
7248.0 26216.0 1032.0 176.0 EARLIER
8400.0 26208.0 992.0 176.0 REPORT
9512.0 26184.0 1432.0 192.0 UNOFFICIAL

6248.0 26568.0 656.0 376.0 Ike
7120.0 26576.0 2216.0 376.0 Undecided
9544.0 26560.0 1080.0 376.0 Until
10840.0 26544.0 928.0 520.0 Very
11944.0 26544.0 912.0 376.0 Last

6912.0 27220.0 228.0 112.0 BY
7232.0 27224.0 596.0 116.0 EDWIN
7916.0 27228.0 172.0 112.0 A.
8172.0 27224.0 600.0 112.0 LAHEY

6912.0 27420.0 300.0 88.0 Chief
7252.0 27424.0 120.0 84.0 af
7408.0 27424.0 212.0 88.0 Oar
7668.0 27424.0 668.0 92.0 Wuhiactaa
8380.0 27428.0 408.0 84.0 BarcM

6180.0 27564.0 1176.0 116.0 WASHINGTON
7588.0 27568.0 700.0 120.0 President
8344.0 27568.0 848.0 116.0 Eisenhower
9252.0 27572.0 148.0 112.0 at
9464.0 27564.0 208.0 112.0 his

6028.0 27748.0 376.0 116.0 press
6556.0 27732.0 772.0 112.0 conference
7484.0 27732.0 288.0 112.0 said
7928.0 27736.0 272.0 112.0 this
8356.0 27732.0 416.0 120.0 about
8916.0 27728.0 212.0 116.0 his
9276.0 27732.0 400.0 132.0 great

6028.0 27888.0 624.0 112.0 decision:

6180.0 28080.0 148.0 120.0 "I
6412.0 28112.0 280.0 92.0 was
6788.0 28088.0 568.0 144.0 arguing
7408.0 28096.0 440.0 128.0 .about
7932.0 28100.0 120.0 112.0 it
8136.0 28096.0 716.0 148.0 yesterday
8936.0 28084.0 736.0 144.0 rooming."

6340.0 28340.0 316.0 112.0 This
6724.0 28372.0 272.0 84.0 was
7072.0 28352.0 220.0 108.0 the
7360.0 28352.0 804.0 112.0 President's
8232.0 28344.0 692.0 116.0 backhand
8992.0 28376.0 304.0 108.0 way
9360.0 28344.0 152.0 112.0 of

6176.0 28500.0 676.0 144.0 knocking
6928.0 28512.0 376.0 108.0 down
7392.0 28516.0 228.0 112.0 the
7700.0 28516.0 352.0 112.0 flood
8140.0 28520.0 152.0 108.0 of
8364.0 28508.0 584.0 112.0 "inside"
9028.0 28500.0 480.0 120.0 stories

6180.0 28664.0 420.0 108.0 which
6740.0 28672.0 652.0 136.0 correctly
7532.0 28676.0 664.0 140.0 predicted
8340.0 28676.0 304.0 108.0 that
8776.0 28672.0 168.0 116.0 be
9076.0 28668.0 428.0 112.0 would

6172.0 28828.0 452.0 108.0 decide
6712.0 28836.0 144.0 104.0 to
6952.0 28860.0 244.0 80.0 run
7292.0 28836.0 216.0 108.0 for
7600.0 28868.0 88.0 76.0 a
7776.0 28848.0 480.0 100.0 second
8356.0 28840.0 392.0 108.0 term.

6176.0 29052.0 208.0 112.0 He
6540.0 29060.0 284.0 108.0 also
6976.0 29060.0 288.0 112.0 said
7424.0 29068.0 304.0 112.0 that
7876.0 29068.0 168.0 112.0 he
8200.0 29068.0 264.0 112.0 had
8616.0 29056.0 684.0 116.0 discussed
9456.0 29048.0 208.0 124.0 his

6020.0 29208.0 568.0 120.0 decision
6676.0 29220.0 332.0 116.0 with
7092.0 29220.0 416.0 120.0 about
7588.0 29224.0 296.0 116.0 half
7972.0 29256.0 92.0 88.0 a
8148.0 29224.0 416.0 116.0 dozen
8656.0 29244.0 592.0 128.0 persons.

6168.0 29444.0 292.0 112.0 One
6576.0 29448.0 156.0 112.0 of
6840.0 29452.0 388.0 112.0 these
7340.0 29460.0 668.0 140.0 certainly
8112.0 29484.0 296.0 88.0 was
8524.0 29460.0 324.0 112.0 Vice
8968.0 29452.0 700.0 116.0 President

6024.0 29600.0 560.0 116.0 PJchard
6684.0 29608.0 180.0 108.0 M.
6964.0 29608.0 480.0 112.0 Nixon.
7572.0 29612.0 276.0 112.0 The
7948.0 29620.0 696.0 116.0 President
8744.0 29612.0 288.0 116.0 said
9136.0 29612.0 164.0 108.0 he
9408.0 29608.0 256.0 116.0 had

9904.0 27200.0 456.0 112.0 talked
10488.0 27224.0 324.0 88.0 over
10940.0 27196.0 220.0 112.0 the
11296.0 27192.0 504.0 112.0 matter
11920.0 27188.0 328.0 116.0 with
12376.0 27184.0 440.0 120.0 Nixon
12936.0 27180.0 612.0 144.0 Tuesday

9904.0 27368.0 744.0 108.0 afternoon.

10056.0 27680.0 360.0 116.0 THE
10496.0 27672.0 584.0 124.0 OTHER
11156.0 27672.0 684.0 116.0 intimates
11912.0 27668.0 152.0 116.0 of
12140.0 27668.0 224.0 112.0 the
12436.0 27656.0 696.0 128.0 President
13200.0 27688.0 352.0 88.0 were

9900.0 27856.0 244.0 104.0 not
10244.0 27844.0 792.0 128.0 mentioned,
11148.0 27844.0 236.0 108.0 but
11492.0 27840.0 112.0 112.0 it
11712.0 27836.0 116.0 112.0 is
11936.0 27824.0 588.0 120.0 believed
12620.0 27828.0 520.0 116.0 certain
13248.0 27828.0 308.0 116.0 that

9900.0 28008.0 260.0 116.0 Mr.
10268.0 28012.0 848.0 112.0 Eisenhower
11220.0 28000.0 672.0 116.0 discussed
12004.0 27996.0 212.0 116.0 his
12320.0 27996.0 552.0 112.0 historic
12976.0 27992.0 580.0 112.0 decision

9896.0 28172.0 336.0 112.0 with
10332.0 28172.0 212.0 112.0 his
10648.0 28172.0 296.0 112.0 aide
11052.0 28164.0 264.0 116.0 and
11420.0 28160.0 724.0 128.0 confidant,
12256.0 28156.0 648.0 112.0 Sherman
13008.0 28156.0 544.0 124.0 Adams,

9900.0 28332.0 212.0 108.0 his
10188.0 28332.0 352.0 112.0 chief
10616.0 28356.0 376.0 112.0 press
11072.0 28332.0 720.0 132.0 secretary,
11860.0 28320.0 460.0 116.0 James
12396.0 28316.0 148.0 116.0 C
12620.0 28312.0 652.0 144.0 Hagerty,
13352.0 28316.0 204.0 112.0 his

9908.0 28496.0 540.0 112.0 brother
10568.0 28496.0 516.0 132.0 Milton,
11216.0 28520.0 84.0 84.0 a
11420.0 28496.0 352.0 108.0 close
11900.0 28484.0 560.0 124.0 adviser,
12588.0 28476.0 264.0 116.0 and
12972.0 28476.0 584.0 144.0 possibly

9904.0 28652.0 712.0 136.0 Secretary
10680.0 28656.0 148.0 112.0 of
10888.0 28660.0 228.0 112.0 the
11184.0 28652.0 664.0 140.0 Treasury
11912.0 28648.0 508.0 132.0 George
12492.0 28640.0 184.0 112.0 M.
12740.0 28640.0 816.0 140.0 Humphrey.

10068.0 28812.0 340.0 112.0 Now
10512.0 28816.0 312.0 112.0 that
10932.0 28820.0 232.0 104.0 the
11276.0 28812.0 696.0 112.0 President
12080.0 28808.0 120.0 112.0 is
12308.0 28800.0 656.0 136.0 officially
13080.0 28804.0 136.0 108.0 in
13332.0 28804.0 224.0 108.0 the

9900.0 28972.0 596.0 136.0 political
10600.0 28976.0 564.0 136.0 picture,
11272.0 28976.0 376.0 108.0 there
11756.0 28968.0 272.0 108.0 will
12132.0 28984.0 504.0 116.0 appear
12744.0 28988.0 84.0 80.0 a
12936.0 28960.0 372.0 116.0 flock
13412.0 28956.0 152.0 108.0 of

9900.0 29132.0 928.0 120.0 "confidants"
10912.0 29136.0 304.0 112.0 who
11304.0 29132.0 268.0 116.0 will
11660.0 29128.0 340.0 120.0 have
12092.0 29120.0 484.0 116.0 known
12664.0 29120.0 420.0 116.0 about
13168.0 29120.0 124.0 112.0 it
13376.0 29116.0 184.0 116.0 all

9896.0 29300.0 240.0 108.0 the
10232.0 29300.0 368.0 132.0 time,
10696.0 29296.0 248.0 116.0 but
11032.0 29296.0 144.0 112.0 in
11276.0 29296.0 252.0 112.0 Mr.
11624.0 29284.0 960.0 120.0 Eisenhower's
12680.0 29308.0 304.0 84.0 own
13080.0 29280.0 476.0 124.0 words,

9896.0 29452.0 172.0 112.0 he
10160.0 29476.0 288.0 84.0 was
10544.0 29452.0 280.0 116.0 still
10920.0 29456.0 572.0 132.0 arguing
11588.0 29452.0 412.0 104.0 about
12092.0 29444.0 208.0 108.0 his
12400.0 29440.0 272.0 112.0 role
12776.0 29464.0 152.0 84.0 as
13028.0 29436.0 276.0 116.0 late
13404.0 29460.0 152.0 88.0 as

9892.0 29612.0 648.0 136.0 Tuesday.

13612.0 15828.0 1408.0 376.0 Nixon?
15172.0 15828.0 640.0 372.0 Ike

13628.0 16384.0 1776.0 504.0 Sidesteps

13616.0 16928.0 936.0 368.0 That
14708.0 16916.0 788.0 372.0 One

13848.0 17568.0 248.0 120.0 BY
14172.0 17564.0 628.0 124.0 EDWIN
14880.0 17568.0 172.0 120.0 A.
15132.0 17556.0 636.0 128.0 LAHEY

13880.0 17772.0 300.0 92.0 Chief
14216.0 17772.0 116.0 88.0 of
14372.0 17776.0 208.0 84.0 Our
14624.0 17768.0 668.0 96.0 Washington
15340.0 17764.0 400.0 88.0 Borean

13772.0 17940.0 1248.0 136.0 WASHINGTON
15408.0 17944.0 300.0 128.0 The
15824.0 17972.0 148.0 96.0 re-

13604.0 18148.0 560.0 156.0 porters
14244.0 18140.0 440.0 124.0 rolled
14760.0 18176.0 88.0 84.0 a
14916.0 18132.0 488.0 156.0 couple
15472.0 18132.0 156.0 124.0 of
15696.0 18164.0 344.0 116.0 easy

13624.0 18328.0 552.0 148.0 ground
14320.0 18320.0 516.0 128.0 balls
14992.0 18324.0 156.0 116.0 at
15296.0 18312.0 740.0 128.0 President

13596.0 18512.0 912.0 132.0 Eisenhower
14600.0 18508.0 880.0 156.0 Wednesday
15576.0 18536.0 400.0 96.0 morn-

13612.0 18712.0 284.0 152.0 ing.
13788.0 18940.0 296.0 120.0 The
14156.0 18932.0 736.0 132.0 President
14968.0 18924.0 192.0 128.0 let
15236.0 18928.0 384.0 120.0 them
15700.0 18928.0 340.0 124.0 Loth

13616.0 19160.0 180.0 128.0 go
13896.0 19120.0 236.0 164.0 by.

13760.0 19388.0 160.0 112.0 In
14012.0 19388.0 268.0 108.0 this
14372.0 19408.0 552.0 84.0 manner
15016.0 19384.0 108.0 112.0 it
15212.0 19380.0 536.0 108.0 became
15836.0 19380.0 228.0 108.0 the

13608.0 19552.0 392.0 104.0 order
14120.0 19548.0 148.0 104.0 of
14392.0 19548.0 224.0 100.0 the
14744.0 19544.0 260.0 128.0 day
15128.0 19544.0 140.0 100.0 to
15396.0 19536.0 668.0 136.0 speculate

13608.0 19704.0 408.0 104.0 about
14080.0 19704.0 220.0 104.0 the
14372.0 19696.0 584.0 136.0 political
15028.0 19696.0 452.0 104.0 future
15548.0 19692.0 140.0 108.0 of
15756.0 19688.0 312.0 108.0 Vice

13612.0 19860.0 688.0 112.0 President
14392.0 19856.0 576.0 116.0 Richard
15068.0 19852.0 176.0 120.0 M.
15344.0 19852.0 468.0 120.0 Nixon.

13848.0 20096.0 252.0 100.0 Mr.
14172.0 20092.0 876.0 112.0 Eisenhower,
15124.0 20088.0 132.0 100.0 in
15332.0 20112.0 600.0 76.0 announc-

13696.0 20248.0 232.0 132.0 ing
14032.0 20244.0 208.0 104.0 his
14352.0 20272.0 288.0 76.0 own
14756.0 20240.0 612.0 120.0 decision,
15480.0 20236.0 516.0 104.0 offered

13692.0 20428.0 88.0 76.0 a
13856.0 20400.0 332.0 136.0 good
14264.0 20400.0 700.0 108.0 character
15040.0 20392.0 668.0 108.0 reference
15788.0 20392.0 212.0 104.0 for

13696.0 20560.0 472.0 116.0 Nixon,
14240.0 20556.0 236.0 104.0 but
14544.0 20556.0 412.0 108.0 didn't
15020.0 20552.0 392.0 104.0 stake
15472.0 20552.0 232.0 100.0 out
15772.0 20548.0 228.0 100.0 the

13700.0 20712.0 252.0 104.0 No.
14052.0 20708.0 76.0 108.0 2
14240.0 20712.0 300.0 132.0 spot
14648.0 20740.0 168.0 76.0 on
14924.0 20708.0 224.0 104.0 the
15260.0 20704.0 424.0 104.0 ticket
15792.0 20700.0 208.0 104.0 for

13700.0 20868.0 308.0 100.0 him.

13788.0 21096.0 192.0 108.0 As
14068.0 21120.0 312.0 84.0 soon
14468.0 21116.0 148.0 84.0 as
14704.0 21092.0 224.0 108.0 the
15020.0 21088.0 688.0 108.0 President
15788.0 21088.0 288.0 108.0 said

13628.0 21252.0 212.0 104.0 his
13948.0 21280.0 292.0 80.0 own
14360.0 21276.0 512.0 76.0 answer
14980.0 21248.0 432.0 104.0 would
15528.0 21248.0 156.0 104.0 be
15804.0 21248.0 228.0 100.0 "af-

13620.0 21404.0 800.0 136.0 firmative,"
14504.0 21404.0 164.0 108.0 he
14748.0 21428.0 280.0 84.0 was
15116.0 21396.0 412.0 120.0 asked

13792.0 21600.0 544.0 116.0 "Would
14436.0 21628.0 260.0 108.0 you
14800.0 21616.0 400.0 120.0 again
15304.0 21604.0 368.0 108.0 want
15772.0 21600.0 316.0 112.0 Vice

13624.0 21768.0 692.0 108.0 President
14384.0 21764.0 436.0 112.0 Nixon
14892.0 21796.0 156.0 76.0 as
15116.0 21788.0 332.0 108.0 your
15524.0 21764.0 564.0 128.0 running

13624.0 21920.0 544.0 112.0 mate?"

13776.0 22252.0 352.0 104.0 THE
14220.0 22244.0 984.0 112.0 PRESIDENT
15292.0 22244.0 544.0 140.0 replied:

13784.0 22408.0 276.0 100.0 "As
14248.0 22432.0 80.0 80.0 a
14516.0 22404.0 508.0 112.0 matter
15192.0 22400.0 144.0 112.0 of
15512.0 22404.0 328.0 132.0 fact,
16024.0 22396.0 60.0 116.0 I

13628.0 22564.0 624.0 112.0 wouldn't
14316.0 22564.0 584.0 108.0 mention
14972.0 22564.0 228.0 112.0 the
15272.0 22560.0 316.0 116.0 Vice
15660.0 22560.0 368.0 112.0 Presi

13576.0 22732.0 468.0 140.0 dency
14116.0 22728.0 132.0 108.0 in
14320.0 22732.0 344.0 128.0 spite
14736.0 22728.0 144.0 104.0 of
14948.0 22752.0 228.0 104.0 my
15248.0 22724.0 840.0 108.0 tremendous

13572.0 22888.0 852.0 96.0 (admiration
14552.0 22884.0 212.0 100.0 for
14892.0 22880.0 252.0 108.0 Mr.
15276.0 22880.0 468.0 120.0 Nixon,
15876.0 22876.0 212.0 104.0 for

13628.0 23040.0 268.0 104.0 this
13992.0 23060.0 468.0 84.0 reason

13788.0 23228.0 144.0 116.0 "I
14004.0 23224.0 496.0 116.0 believe
14572.0 23228.0 112.0 108.0 it
14760.0 23224.0 112.0 116.0 is
14944.0 23224.0 772.0 112.0 traditional
15792.0 23228.0 304.0 112.0 that

13636.0 23388.0 216.0 108.0 the
13928.0 23388.0 320.0 112.0 Vice
14324.0 23388.0 692.0 108.0 President
15088.0 23388.0 116.0 108.0 is
15280.0 23388.0 240.0 108.0 not
15588.0 23388.0 444.0 108.0 nomin-

13632.0 23548.0 308.0 108.0 ated
14064.0 23544.0 348.0 112.0 until
14544.0 23544.0 360.0 108.0 after
15032.0 23572.0 84.0 80.0 a
15240.0 23540.0 848.0 132.0 presidential

13628.0 23700.0 696.0 108.0 candidate
14480.0 23700.0 116.0 108.0 Is
14748.0 23696.0 812.0 128.0 nominated;
15728.0 23724.0 152.0 80.0 so
16032.0 23696.0 60.0 112.0 I

13632.0 23856.0 380.0 112.0 think
14096.0 23856.0 308.0 112.0 that
14480.0 23880.0 204.0 88.0 we
14768.0 23856.0 268.0 112.0 will
15120.0 23856.0 340.0 108.0 have
15548.0 23860.0 136.0 104.0 to
15772.0 23860.0 328.0 104.0 wait

13632.0 24020.0 136.0 104.0 to
13868.0 24040.0 224.0 84.0 see
14176.0 24012.0 296.0 112.0 who
14568.0 24012.0 228.0 112.0 the
14892.0 24016.0 804.0 140.0 Republican
15792.0 24040.0 240.0 80.0 con-

13636.0 24176.0 536.0 104.0 vention
14280.0 24176.0 784.0 128.0 nominates,
15184.0 24172.0 256.0 104.0 and
15556.0 24172.0 316.0 108.0 then
15988.0 24172.0 108.0 104.0 it

13628.0 24328.0 268.0 108.0 will
14012.0 24324.0 164.0 108.0 be
14296.0 24352.0 484.0 112.0 proper
14896.0 24332.0 140.0 108.0 to
15156.0 24332.0 296.0 128.0 give
15580.0 24352.0 176.0 84.0 an
15876.0 24352.0 160.0 80.0 ex-

13636.0 24488.0 588.0 140.0 pression
14288.0 24516.0 176.0 84.0 on
14528.0 24488.0 300.0 112.0 that
14892.0 24484.0 492.0 144.0 point."

13784.0 24872.0 844.0 112.0 ANOTHER
14704.0 24876.0 604.0 136.0 reporter
15388.0 24868.0 468.0 116.0 asked:

13788.0 25064.0 332.0 120.0 "Mr.
14212.0 25064.0 728.0 136.0 President,
15036.0 25064.0 68.0 112.0 I
15196.0 25068.0 280.0 132.0 Just
15564.0 25064.0 536.0 116.0 wonder

13636.0 25228.0 104.0 112.0 if
13804.0 25256.0 260.0 112.0 you
14132.0 25228.0 384.0 116.0 could
14580.0 25228.0 488.0 140.0 clarify
15136.0 25228.0 308.0 116.0 that
15508.0 25228.0 576.0 132.0 further;

13628.0 25388.0 468.0 108.0 should
14176.0 25416.0 264.0 108.0 you
14524.0 25388.0 156.0 112.0 be
14760.0 25388.0 764.0 112.0 nominated
15608.0 25392.0 180.0 132.0 by
15868.0 25388.0 224.0 112.0 the

13632.0 25552.0 824.0 116.0 convention,
14588.0 25544.0 436.0 112.0 would
15160.0 25568.0 252.0 108.0 you
15552.0 25544.0 268.0 108.0 like
15960.0 25552.0 136.0 104.0 to

13628.0 25704.0 332.0 112.0 have
14040.0 25708.0 228.0 104.0 the
14344.0 25700.0 316.0 112.0 Vice
14740.0 25700.0 876.0 116.0 President?"

13864.0 25964.0 148.0 112.0 "I
14072.0 25968.0 264.0 108.0 will
14400.0 26000.0 240.0 104.0 say
14704.0 25968.0 556.0 136.0 nothing
15316.0 25972.0 408.0 108.0 about
15788.0 25972.0 232.0 120.0 it,"

13712.0 26128.0 252.0 108.0 Mr.
14140.0 26132.0 844.0 104.0 Eisenhower
15160.0 26132.0 536.0 132.0 replied.
15876.0 26128.0 140.0 112.0 "I

13704.0 26284.0 344.0 108.0 have
14136.0 26288.0 288.0 108.0 said
14512.0 26288.0 304.0 108.0 that
14908.0 26320.0 224.0 104.0 my
15216.0 26292.0 800.0 104.0 admiration

13700.0 26448.0 260.0 108.0 and
14032.0 26472.0 224.0 104.0 my
14328.0 26448.0 520.0 132.0 respect
14916.0 26448.0 216.0 104.0 for
15200.0 26444.0 316.0 108.0 Vice
15588.0 26444.0 364.0 112.0 Presi-

13704.0 26604.0 312.0 104.0 dent
14096.0 26600.0 428.0 112.0 Nixon
14608.0 26632.0 232.0 80.0 are
14916.0 26604.0 820.0 112.0 unbounded.
15816.0 26604.0 200.0 108.0 He

13712.0 26756.0 244.0 112.0 has
14060.0 26760.0 328.0 112.0 been
14488.0 26764.0 216.0 108.0 for
14804.0 26788.0 212.0 80.0 me
15112.0 26792.0 92.0 76.0 a
15304.0 26760.0 352.0 136.0 loyal
15756.0 26764.0 260.0 104.0 and

13852.0 26988.0 360.0 108.0 Turn
14280.0 26992.0 140.0 104.0 to
14488.0 26992.0 356.0 132.0 Page
14916.0 26992.0 192.0 124.0 14,
15172.0 26988.0 552.0 116.0 Column
15788.0 26996.0 76.0 108.0 3

13664.0 27376.0 2064.0 304.0 Tie-Breaker

13672.0 27800.0 568.0 320.0 No.
14400.0 27808.0 384.0 312.0 15
14936.0 27808.0 1088.0 432.0 Today

13920.0 28372.0 380.0 156.0 Only
14448.0 28364.0 220.0 136.0 six
14820.0 28404.0 496.0 96.0 more
15472.0 28372.0 532.0 148.0 Tangle

13732.0 28568.0 512.0 128.0 Towns
14384.0 28560.0 192.0 128.0 tie
14620.0 28620.0 56.0 40.0 -
14716.0 28560.0 600.0 124.0 breaker
15448.0 28564.0 560.0 160.0 puzzles

13732.0 28756.0 160.0 120.0 to
13980.0 28784.0 232.0 120.0 go.

13908.0 29012.0 268.0 132.0 See
14312.0 29008.0 388.0 160.0 Page
14836.0 29000.0 176.0 136.0 16
15152.0 29004.0 240.0 132.0 for
15524.0 29036.0 476.0 124.0 your

13736.0 29200.0 712.0 128.0 chance
14572.0 29200.0 168.0 124.0 of
14868.0 29196.0 760.0 152.0 capturing
15764.0 29192.0 248.0 124.0 the

13736.0 29388.0 580.0 140.0 $10,000
14408.0 29380.0 344.0 132.0 first
14844.0 29380.0 384.0 160.0 prize
15320.0 29380.0 280.0 124.0 and
15696.0 29412.0 248.0 124.0 spe-

13736.0 29568.0 268.0 132.0 cial
14100.0 29568.0 456.0 136.0 bonus
14648.0 29564.0 508.0 172.0 prizes.

16240.0 9328.0 1016.0 608.0 He
17392.0 9344.0 2040.0 600.0 Rules
19648.0 9336.0 1360.0 608.0 Out

16288.0 10320.0 1912.0 792.0 Long
18664.0 10328.0 2032.0 792.0 Trips,

16328.0 11304.0 2648.0 608.0 Whistle
19112.0 11304.0 1912.0 808.0 Stops

16544.0 12280.0 748.0 424.0 Says
17480.0 12296.0 480.0 300.0 He
18152.0 12284.0 652.0 312.0 Can
18996.0 12292.0 1468.0 304.0 Perform

16552.0 12732.0 892.0 304.0 Chief
17632.0 12740.0 1076.0 296.0 Duties
18896.0 12736.0 344.0 304.0 of
19428.0 12732.0 1044.0 312.0 Office

17616.0 13392.0 244.0 124.0 BY
17964.0 13392.0 620.0 120.0 EDWIN
18676.0 13404.0 172.0 116.0 A.
18940.0 13392.0 640.0 124.0 LAHEY

17668.0 13568.0 300.0 84.0 Chief
18012.0 13568.0 112.0 84.0 of
18168.0 13568.0 204.0 84.0 Our
18420.0 13568.0 672.0 88.0 Washington
19140.0 13572.0 404.0 80.0 Burran

16444.0 13728.0 1528.0 148.0 WASHINGTON
18192.0 13732.0 916.0 148.0 President
19176.0 13732.0 1120.0 148.0 Eisenhower
20372.0 13724.0 364.0 148.0 told
20812.0 13728.0 304.0 148.0 the

16128.0 13940.0 932.0 144.0 American
17140.0 13944.0 592.0 184.0 people
17812.0 13944.0 1088.0 184.0 Wednesday
18980.0 13944.0 512.0 180.0 night
19568.0 13948.0 404.0 144.0 that
20048.0 13940.0 216.0 148.0 he
20352.0 13940.0 152.0 148.0 is
20584.0 13936.0 544.0 184.0 ready

16136.0 14160.0 192.0 136.0 to
16420.0 14160.0 608.0 180.0 accept
17112.0 14152.0 1276.0 152.0 renomination
18480.0 14156.0 464.0 144.0 from
19036.0 14156.0 300.0 152.0 the
19432.0 14156.0 1060.0 192.0 Republican
20588.0 14156.0 556.0 184.0 Party

16152.0 14368.0 340.0 148.0 and
16600.0 14368.0 740.0 152.0 conduct
17440.0 14416.0 108.0 104.0 a
17652.0 14368.0 928.0 152.0 restricted
18684.0 14376.0 920.0 188.0 campaign
19704.0 14372.0 292.0 148.0 for
20096.0 14364.0 1064.0 156.0 re-election.

16396.0 14620.0 304.0 120.0 The
16772.0 14620.0 748.0 124.0 President
17588.0 14616.0 732.0 124.0 described
18384.0 14620.0 576.0 120.0 himself
19032.0 14620.0 148.0 120.0 in
19248.0 14652.0 92.0 88.0 a
19404.0 14616.0 916.0 128.0 nation-wide
20384.0 14612.0 776.0 128.0 broadcast

16148.0 14836.0 160.0 92.0 as
16368.0 14840.0 92.0 92.0 a
16524.0 14796.0 852.0 140.0 "recovered
17436.0 14804.0 424.0 140.0 heart
17920.0 14804.0 644.0 160.0 patient"
18624.0 14804.0 320.0 136.0 who
19004.0 14840.0 340.0 128.0 may
19404.0 14804.0 732.0 164.0 "possibly
20192.0 14804.0 172.0 132.0 be
20436.0 14840.0 88.0 92.0 a
20584.0 14804.0 580.0 160.0 greater

16156.0 14988.0 296.0 136.0 risk
16536.0 14996.0 352.0 136.0 than
16968.0 15000.0 124.0 128.0 is
17164.0 15004.0 248.0 124.0 the
17488.0 15000.0 552.0 128.0 noimal
18116.0 15036.0 516.0 124.0 person
18720.0 15004.0 160.0 124.0 of
18952.0 15036.0 244.0 120.0 my
19268.0 15000.0 412.0 152.0 age."
19748.0 15000.0 216.0 128.0 He
20040.0 15004.0 128.0 128.0 is
20248.0 14996.0 220.0 136.0 63.

16416.0 15184.0 288.0 116.0 But
16788.0 15188.0 344.0 112.0 then
17220.0 15184.0 180.0 124.0 he
17468.0 15184.0 528.0 124.0 added:

16612.0 15396.0 160.0 120.0 "I
16856.0 15396.0 360.0 128.0 have
17296.0 15396.0 776.0 124.0 concluded
18148.0 15396.0 328.0 136.0 that
18556.0 15396.0 64.0 124.0 I
18704.0 15396.0 508.0 132.0 should
19300.0 15404.0 516.0 152.0 permit
19892.0 15392.0 244.0 128.0 the
20224.0 15384.0 756.0 136.0 American

16316.0 15584.0 496.0 160.0 people
16892.0 15592.0 148.0 124.0 to
17132.0 15588.0 364.0 128.0 have
17580.0 15588.0 248.0 132.0 the
17916.0 15584.0 932.0 168.0 opportunity
18932.0 15592.0 152.0 128.0 to
19176.0 15568.0 608.0 176.0 register
19868.0 15584.0 376.0 132.0 their
20332.0 15580.0 620.0 132.0 decision

16308.0 15780.0 144.0 120.0 in
16532.0 15776.0 292.0 128.0 this
16900.0 15776.0 664.0 124.0 matter."

16408.0 16032.0 272.0 136.0 Mr.
16784.0 16032.0 920.0 128.0 Eisenhower
17804.0 16032.0 760.0 160.0 expressed
18676.0 16032.0 816.0 136.0 confidence
19612.0 16032.0 324.0 128.0 that
20044.0 16028.0 172.0 132.0 he
20336.0 16064.0 256.0 100.0 can
20704.0 16060.0 428.0 128.0 carry

16160.0 16256.0 176.0 92.0 on
16420.0 16224.0 244.0 124.0 the
16744.0 16224.0 676.0 124.0 essential
17504.0 16224.0 404.0 128.0 tasks
17988.0 16224.0 160.0 124.0 of
18224.0 16232.0 244.0 124.0 the
18548.0 16220.0 876.0 160.0 presidency,
19504.0 16220.0 120.0 128.0 if
19704.0 16228.0 172.0 124.0 he
19956.0 16220.0 288.0 132.0 rids
20332.0 16216.0 572.0 136.0 himself
20980.0 16216.0 172.0 132.0 of

16156.0 16416.0 240.0 120.0 the
16472.0 16408.0 844.0 132.0 ceremonial
17396.0 16412.0 544.0 144.0 chores,
18024.0 16412.0 452.0 124.0 farms
18556.0 16416.0 260.0 120.0 out
18896.0 16448.0 384.0 96.0 some
19356.0 16412.0 164.0 124.0 of
19588.0 16408.0 220.0 128.0 his
19892.0 16404.0 1248.0 156.0 correspondence,

16156.0 16592.0 276.0 128.0 and
16504.0 16592.0 556.0 128.0 follows
17136.0 16628.0 88.0 88.0 a
17300.0 16596.0 624.0 148.0 regimen
17992.0 16596.0 160.0 124.0 of
18220.0 16596.0 624.0 128.0 exercise
18920.0 16596.0 280.0 124.0 and
19280.0 16608.0 296.0 120.0 rest
19644.0 16592.0 804.0 156.0 prescribed
20528.0 16592.0 236.0 120.0 for
20840.0 16584.0 296.0 132.0 him

16148.0 16780.0 184.0 152.0 by
16412.0 16776.0 220.0 124.0 his
16716.0 16780.0 612.0 124.0 doctors.

16420.0 17144.0 200.0 136.0 IN
16700.0 17144.0 124.0 124.0 A
16912.0 17144.0 884.0 132.0 RADIO-TV
17868.0 17148.0 304.0 132.0 talk
18260.0 17148.0 328.0 128.0 that
18660.0 17152.0 380.0 124.0 went
19120.0 17144.0 300.0 136.0 into
19500.0 17152.0 240.0 132.0 the
19828.0 17144.0 488.0 128.0 homes
20396.0 17136.0 156.0 136.0 of
20628.0 17140.0 436.0 132.0 Amer-

16148.0 17332.0 312.0 128.0 ican
16532.0 17344.0 480.0 112.0 voters
17092.0 17336.0 280.0 120.0 and
17452.0 17336.0 544.0 120.0 around
18076.0 17340.0 244.0 120.0 the
18400.0 17332.0 436.0 124.0 world
18912.0 17368.0 188.0 84.0 on
19176.0 17332.0 172.0 124.0 78
19436.0 17336.0 400.0 144.0 giant
19904.0 17332.0 976.0 120.0 transmitters
20956.0 17328.0 168.0 120.0 of

17248.0 17612.0 424.0 184.0 Text
17808.0 17604.0 208.0 192.0 of
18148.0 17596.0 788.0 260.0 Speech,
19088.0 17608.0 480.0 236.0 Page
19748.0 17616.0 204.0 180.0 14

17084.0 17896.0 544.0 156.0 Other
17772.0 17896.0 792.0 156.0 Pictures
18712.0 17944.0 220.0 104.0 on
19080.0 17896.0 476.0 156.0 Back
19704.0 17900.0 464.0 180.0 Page

16148.0 18220.0 240.0 120.0 the
16484.0 18220.0 424.0 124.0 Voice
17000.0 18220.0 164.0 124.0 of
17248.0 18216.0 700.0 144.0 America,
18040.0 18220.0 176.0 124.0 he
18312.0 18216.0 732.0 156.0 expanded
19140.0 18248.0 180.0 92.0 on
19420.0 18208.0 224.0 136.0 his
19744.0 18212.0 1128.0 128.0 announcement
20960.0 18208.0 164.0 136.0 of

16136.0 18408.0 888.0 160.0 Wednesday
17096.0 18408.0 652.0 160.0 morning
17824.0 18404.0 324.0 132.0 that
18228.0 18408.0 176.0 128.0 he
18484.0 18408.0 120.0 128.0 is
18680.0 18404.0 532.0 164.0 willing
19284.0 18408.0 152.0 128.0 to
19520.0 18440.0 264.0 96.0 run
19868.0 18400.0 468.0 152.0 again.

16404.0 18600.0 216.0 140.0 He
16708.0 18596.0 308.0 132.0 said
17104.0 18600.0 220.0 128.0 his
17416.0 18600.0 572.0 128.0 doctors
18076.0 18600.0 360.0 128.0 have
18524.0 18596.0 280.0 136.0 laid
18896.0 18600.0 404.0 128.0 down
19380.0 18596.0 236.0 132.0 for
19704.0 18600.0 284.0 128.0 him
20084.0 18600.0 180.0 120.0 "a
20348.0 18592.0 528.0 156.0 regime
20960.0 18592.0 168.0 132.0 of

16148.0 18792.0 592.0 128.0 ordered
16836.0 18788.0 632.0 152.0 activity,
17564.0 18792.0 956.0 148.0 interspersed
18616.0 18788.0 340.0 132.0 with
19056.0 18784.0 572.0 156.0 regular
19712.0 18792.0 664.0 120.0 amounts
20476.0 18784.0 160.0 124.0 of
20716.0 18816.0 340.0 92.0 exer

16148.0 18976.0 320.0 148.0 cise,
16568.0 18976.0 784.0 124.0 recreation
17452.0 18972.0 280.0 128.0 and
17836.0 18972.0 432.0 132.0 rest."

16592.0 19244.0 160.0 128.0 "I
16844.0 19256.0 380.0 124.0 must
17312.0 19244.0 352.0 164.0 keep
17748.0 19288.0 240.0 116.0 my
18076.0 19244.0 528.0 160.0 weight
18684.0 19248.0 160.0 128.0 tt
18932.0 19288.0 92.0 88.0 a
19116.0 19284.0 512.0 120.0 proper
19720.0 19244.0 400.0 148.0 level,
20300.0 19248.0 180.0 128.0 he
20564.0 19244.0 380.0 120.0 went

16332.0 19472.0 224.0 88.0 on.
16616.0 19436.0 160.0 124.0 "I
16840.0 19444.0 384.0 120.0 must
17284.0 19436.0 336.0 128.0 take
17680.0 19476.0 88.0 84.0 a
17832.0 19436.0 408.0 124.0 fehort
18308.0 19436.0 568.0 148.0 midday
18936.0 19436.0 708.0 124.0 breather.
19712.0 19436.0 64.0 116.0 I
19844.0 19432.0 384.0 124.0 must
20296.0 19432.0 428.0 120.0 retire
20784.0 19432.0 160.0 116.0 at

16336.0 19656.0 88.0 84.0 a
16500.0 19616.0 824.0 128.0 reasonable
17400.0 19620.0 396.0 140.0 hour,
17876.0 19620.0 276.0 120.0 and
18224.0 19620.0 60.0 120.0 I
18360.0 19624.0 388.0 120.0 must
18820.0 19616.0 712.0 128.0 eliminate
19608.0 19648.0 428.0 124.0 many
20108.0 19612.0 160.0 128.0 of
20340.0 19608.0 244.0 136.0 the
20656.0 19608.0 284.0 128.0 less

16328.0 19804.0 784.0 160.0 important
17196.0 19804.0 432.0 128.0 social
17720.0 19808.0 280.0 128.0 and
18096.0 19800.0 840.0 136.0 ceremonial
19020.0 19804.0 752.0 136.0 activities.

16428.0 20064.0 372.0 128.0 "But
16896.0 20064.0 204.0 120.0 let
17204.0 20100.0 224.0 84.0 me
17532.0 20068.0 412.0 120.0 nake
18052.0 20104.0 268.0 84.0 one
18428.0 20064.0 412.0 148.0 thing
18944.0 20064.0 424.0 128.0 clear.
19476.0 20060.0 208.0 124.0 As
19792.0 20064.0 160.0 124.0 of
20048.0 20060.0 296.0 124.0 this
20452.0 20056.0 668.0 144.0 moment,

16168.0 20244.0 400.0 128.0 there
16668.0 20244.0 120.0 132.0 is
16884.0 20260.0 256.0 116.0 not
17232.0 20248.0 244.0 128.0 the
17572.0 20244.0 668.0 152.0 slightest
18332.0 20244.0 448.0 136.0 doubt
18872.0 20240.0 332.0 136.0 that
19296.0 20240.0 72.0 132.0 I
19460.0 20276.0 316.0 92.0 now
19872.0 20276.0 264.0 92.0 can
20244.0 20240.0 628.0 156.0 perform
20968.0 20272.0 164.0 92.0 as

16176.0 20432.0 308.0 128.0 well
16568.0 20464.0 164.0 88.0 as
16816.0 20424.0 64.0 128.0 I
16956.0 20464.0 332.0 92.0 ever
17372.0 20428.0 400.0 144.0 have,
17856.0 20428.0 188.0 124.0 all
18132.0 20432.0 160.0 124.0 of
18372.0 20432.0 244.0 120.0 the
18704.0 20432.0 780.0 152.0 important
19568.0 20428.0 464.0 124.0 duties
20120.0 20440.0 160.0 120.0 of
20368.0 20428.0 240.0 124.0 the
20704.0 20424.0 372.0 156.0 presi-

16168.0 20612.0 576.0 152.0 dency."
16444.0 20980.0 416.0 128.0 THIS
16944.0 20980.0 1080.0 124.0 DISCUSSION
18108.0 20980.0 624.0 128.0 sounded
18808.0 20980.0 276.0 132.0 like
19168.0 21016.0 92.0 88.0 a
19336.0 20984.0 400.0 156.0 reply
19824.0 20988.0 144.0 116.0 to
20052.0 20984.0 852.0 120.0 statements
20984.0 20972.0 168.0 132.0 of

16168.0 21200.0 384.0 88.0 some
16632.0 21168.0 832.0 124.0 Democrats
17548.0 21164.0 328.0 124.0 that
17952.0 21164.0 124.0 120.0 if
18152.0 21164.0 244.0 128.0 the
18480.0 21164.0 940.0 148.0 Republicans
19496.0 21168.0 712.0 124.0 nominate
20292.0 21160.0 272.0 136.0 Mr.
20636.0 21160.0 428.0 124.0 Eisen-

16176.0 21348.0 512.0 152.0 hower,
16772.0 21348.0 244.0 132.0 the
17104.0 21344.0 484.0 164.0 people
17676.0 21348.0 464.0 132.0 would
18220.0 21344.0 172.0 136.0 be
18476.0 21344.0 448.0 136.0 called
19008.0 21384.0 180.0 92.0 on
19268.0 21360.0 152.0 124.0 to
19500.0 21352.0 324.0 132.0 vote
19912.0 21344.0 236.0 136.0 for
20232.0 21384.0 84.0 92.0 a
20404.0 21384.0 332.0 100.0 man
20816.0 21344.0 324.0 132.0 who

16180.0 21540.0 456.0 132.0 would
16712.0 21536.0 168.0 132.0 be
16956.0 21540.0 340.0 160.0 only
17364.0 21576.0 92.0 92.0 a
17536.0 21540.0 820.0 160.0 "part-time
18432.0 21540.0 868.0 132.0 President."

16432.0 21732.0 296.0 128.0 The
16796.0 21732.0 880.0 160.0 Democrats,
17748.0 21744.0 284.0 132.0 too,
18104.0 21728.0 484.0 124.0 talked
18660.0 21736.0 416.0 124.0 much
19144.0 21724.0 164.0 128.0 of
19376.0 21728.0 244.0 136.0 the
19696.0 21724.0 616.0 136.0 arduous
20388.0 21724.0 752.0 164.0 campaign

17648.0 21992.0 364.0 116.0 Turn
18096.0 21988.0 140.0 112.0 to
18312.0 21988.0 364.0 140.0 Page
18756.0 21988.0 116.0 132.0 S,
18956.0 21984.0 548.0 120.0 Column
19596.0 21988.0 68.0 116.0 1

18584.0 22308.0 156.0 164.0 e

16400.0 22736.0 1132.0 364.0 Dems
17708.0 22732.0 956.0 368.0 Sure
18860.0 22812.0 368.0 288.0 to
19412.0 22724.0 1568.0 512.0 Exploit

16404.0 23284.0 1032.0 368.0 Issue
17612.0 23276.0 412.0 372.0 of
18188.0 23272.0 956.0 368.0 Ike's
19324.0 23268.0 1436.0 368.0 Health

17588.0 23928.0 248.0 132.0 BY
17920.0 23928.0 816.0 132.0 WILLIAM
18824.0 23920.0 924.0 132.0 McGAFFIN

17936.0 24112.0 672.0 92.0 ttaitilnfUM
18656.0 24108.0 400.0 80.0 Bureaa
19100.0 24100.0 292.0 84.0 Staff

16444.0 24272.0 1252.0 132.0 WASHINGTON
17872.0 24268.0 304.0 136.0 The
18256.0 24268.0 840.0 132.0 Democrats
19184.0 24300.0 244.0 96.0 are
19516.0 24260.0 432.0 164.0 going
20036.0 24268.0 156.0 124.0 to
20276.0 24256.0 536.0 164.0 exploit
20900.0 24260.0 252.0 132.0 the

16188.0 24468.0 376.0 132.0 issue
16664.0 24476.0 160.0 132.0 of
16928.0 24468.0 748.0 136.0 President
17780.0 24460.0 1028.0 136.0 Eisenhower's
18916.0 24456.0 488.0 132.0 health
19516.0 24460.0 232.0 128.0 for
19852.0 24456.0 844.0 152.0 everything
20804.0 24456.0 352.0 148.0 they

16192.0 24696.0 260.0 92.0 can
16556.0 24668.0 244.0 148.0 get
16896.0 24664.0 252.0 124.0 out
17244.0 24664.0 160.0 128.0 of
17496.0 24660.0 164.0 124.0 it.

16408.0 24840.0 320.0 108.0 This
16804.0 24840.0 528.0 136.0 quickly
17412.0 24840.0 532.0 104.0 became
18024.0 24828.0 532.0 116.0 evident

16252.0 24992.0 140.0 116.0 in
16536.0 25000.0 224.0 108.0 the
16912.0 24996.0 732.0 104.0 comments
17792.0 24996.0 140.0 104.0 of
18080.0 24992.0 412.0 108.0 Demo-

16260.0 25152.0 412.0 112.0 cratic
16768.0 25148.0 508.0 112.0 leaders
17372.0 25176.0 172.0 84.0 on
17644.0 25144.0 220.0 116.0 the
17960.0 25144.0 352.0 116.0 heels
18404.0 25144.0 148.0 112.0 of

16252.0 25308.0 224.0 112.0 the
16592.0 25308.0 796.0 112.0 President's
17508.0 25304.0 1040.0 108.0 announcement

16256.0 25464.0 308.0 112.0 that
16684.0 25464.0 164.0 108.0 he
16980.0 25460.0 256.0 108.0 had
17372.0 25456.0 532.0 112.0 decided
18036.0 25460.0 140.0 108.0 to
18300.0 25476.0 252.0 88.0 run

16256.0 25616.0 444.0 136.0 again.

16408.0 25768.0 840.0 112.0 Democratic
17356.0 25764.0 628.0 108.0 National
18092.0 25764.0 400.0 104.0 Chair-

16256.0 25952.0 312.0 84.0 man
16640.0 25924.0 332.0 108.0 Paul
17044.0 25924.0 176.0 108.0 M.
17296.0 25916.0 456.0 116.0 "Sutler
17824.0 25916.0 340.0 112.0 said:

16416.0 26152.0 360.0 108.0 "The
16892.0 26148.0 704.0 108.0 American
17724.0 26140.0 452.0 136.0 people
18296.0 26136.0 256.0 112.0 will

16268.0 26332.0 396.0 76.0 never
16772.0 26304.0 336.0 100.0 eiert
17220.0 26332.0 88.0 76.0 a
17416.0 26300.0 688.0 108.0 President
18216.0 26296.0 332.0 116.0 who,

16260.0 26472.0 148.0 104.0 at
16488.0 26464.0 196.0 120.0 65,
16768.0 26460.0 240.0 108.0 ban
17088.0 26456.0 256.0 108.0 had
17428.0 26488.0 84.0 72.0 a
17592.0 26460.0 500.0 100.0 wrious
18172.0 26452.0 384.0 104.0 heart

16268.0 26620.0 472.0 104.0 attack
16912.0 26616.0 256.0 100.0 and
17336.0 26612.0 296.0 100.0 who
17796.0 26608.0 116.0 104.0 it.
18084.0 26604.0 476.0 104.0 unable

16260.0 26776.0 144.0 96.0 to
16480.0 26768.0 160.0 108.0 be
16724.0 26796.0 84.0 80.0 a
16888.0 26764.0 628.0 108.0 full-time
17592.0 26756.0 388.0 112.0 Chief
18056.0 26760.0 440.0 100.0 Execu-

16264.0 26924.0 308.0 104.0 tive.
16412.0 27180.0 888.0 136.0 "Republican
17504.0 27172.0 516.0 112.0 leaders
18216.0 27168.0 336.0 112.0 have

16252.0 27328.0 1080.0 140.0 high-prefe-Tired
17396.0 27324.0 256.0 120.0 Mr.
17724.0 27324.0 832.0 108.0 Eisenhower

16260.0 27488.0 280.0 108.0 into
16644.0 27488.0 272.0 108.0 this
17008.0 27484.0 580.0 108.0 decision
17684.0 27480.0 568.0 108.0 without
18348.0 27504.0 144.0 84.0 re-

16256.0 27644.0 336.0 140.0 gard
16732.0 27652.0 144.0 108.0 to
17024.0 27644.0 232.0 108.0 the
17396.0 27640.0 568.0 148.0 possible
18104.0 27664.0 388.0 84.0 conse-

16256.0 27828.0 564.0 116.0 quences
16908.0 27800.0 148.0 112.0 to
17140.0 27800.0 316.0 136.0 him,
17544.0 27796.0 208.0 116.0 his
17840.0 27796.0 472.0 144.0 family
18396.0 27820.0 164.0 88.0 or

16256.0 27960.0 224.0 116.0 the
16560.0 27956.0 560.0 148.0 public."

16408.0 28272.0 404.0 112.0 THIS
16896.0 28264.0 1048.0 120.0 STATEMENT
18028.0 28288.0 276.0 84.0 was
18384.0 28288.0 176.0 84.0 on

16252.0 28424.0 224.0 116.0 the
16584.0 28456.0 364.0 84.0 news
17044.0 28432.0 392.0 104.0 wires
17540.0 28424.0 448.0 112.0 before
18100.0 28420.0 464.0 112.0 Butler

16260.0 28592.0 236.0 120.0 got
16588.0 28588.0 144.0 104.0 to
16828.0 28584.0 208.0 108.0 his
17128.0 28584.0 284.0 108.0 feet
17500.0 28592.0 148.0 100.0 at
17744.0 28608.0 88.0 80.0 a
17924.0 28576.0 636.0 112.0 National

16252.0 28740.0 396.0 104.0 Press
16760.0 28736.0 336.0 112.0 Club
17204.0 28736.0 644.0 108.0 luncheon
17960.0 28728.0 260.0 108.0 and
18336.0 28756.0 160.0 80.0 ex-

16252.0 28888.0 520.0 140.0 panded
16928.0 28892.0 120.0 112.0 it
17200.0 28888.0 332.0 112.0 with
17692.0 28916.0 92.0 80.0 a
17944.0 28888.0 620.0 136.0 vigorous

16252.0 29044.0 536.0 144.0 speech.

16420.0 29200.0 464.0 112.0 Butler
16944.0 29196.0 288.0 108.0 said
17296.0 29204.0 152.0 108.0 at
17512.0 29200.0 224.0 104.0 the
17800.0 29196.0 400.0 112.0 lunch
18256.0 29192.0 316.0 112.0 that

16248.0 29352.0 232.0 116.0 the
16532.0 29352.0 696.0 112.0 President
17276.0 29352.0 540.0 112.0 himself
17860.0 29348.0 264.0 116.0 had
18176.0 29348.0 392.0 112.0 made

16420.0 29580.0 364.0 116.0 Tura
16860.0 29580.0 140.0 112.0 to
17080.0 29588.0 360.0 136.0 Page
17512.0 29580.0 124.0 132.0 Z,
17708.0 29576.0 556.0 120.0 Column
18340.0 29580.0 80.0 116.0 5

18744.0 24928.0 248.0 304.0 A
19160.0 24920.0 792.0 320.0 Mild
20096.0 24920.0 416.0 312.0 50

18752.0 25376.0 296.0 296.0 Is
19200.0 25344.0 1664.0 320.0 Predicted

18888.0 25812.0 276.0 108.0 The
19260.0 25804.0 628.0 108.0 Weather
19996.0 25796.0 520.0 108.0 Bureau
20624.0 25788.0 548.0 136.0 expecti

18736.0 25968.0 220.0 108.0 the
19056.0 25972.0 892.0 128.0 temperature
20048.0 25964.0 140.0 100.0 to
20280.0 25976.0 328.0 88.0 near
20692.0 25952.0 164.0 108.0 50
20948.0 25952.0 156.0 104.0 de-

18732.0 26148.0 380.0 100.0 grees
19176.0 26120.0 736.0 128.0 Thursday.

18668.0 26308.0 20.0 132.0 j
18896.0 26280.0 628.0 108.0 Detroit's
19608.0 26296.0 568.0 116.0 average
20256.0 26272.0 220.0 108.0 for
20552.0 26268.0 228.0 108.0 the
20856.0 26264.0 316.0 112.0 date

18724.0 26468.0 108.0 80.0 is
18884.0 26456.0 196.0 100.0 37.
19204.0 26456.0 268.0 88.0 But
19524.0 26456.0 616.0 84.0 sunsnine
20196.0 26456.0 260.0 80.0 ana
20516.0 26456.0 592.0 100.0 tempera-

18736.0 26608.0 372.0 104.0 tures
19184.0 26600.0 564.0 128.0 ranging
19828.0 26592.0 344.0 108.0 from
20252.0 26584.0 152.0 108.0 46
20484.0 26588.0 148.0 104.0 to
20700.0 26588.0 160.0 108.0 50
20940.0 26608.0 240.0 80.0 are

18736.0 26760.0 588.0 104.0 forecast
19412.0 26756.0 216.0 104.0 for
19724.0 26748.0 316.0 108.0 both
20128.0 26744.0 696.0 136.0 Thursday
20912.0 26736.0 272.0 116.0 and

18744.0 26916.0 524.0 132.0 Friday.

18888.0 27072.0 280.0 112.0 The
19248.0 27068.0 464.0 112.0 March
19804.0 27064.0 68.0 112.0 1
19968.0 27056.0 456.0 116.0 record
20512.0 27060.0 116.0 112.0 is
20720.0 27056.0 152.0 116.0 58
20956.0 27060.0 152.0 108.0 de-

18740.0 27256.0 304.0 108.0 gree
19284.0 27232.0 548.0 124.0 vintage
19912.0 27224.0 360.0 116.0 18S3.
20992.0 27316.0 48.0 56.0 t

18760.0 27580.0 1424.0 228.0 Democrats
20292.0 27564.0 660.0 240.0 Want

18756.0 27916.0 380.0 232.0 TV
19224.0 27912.0 696.0 232.0 Time
19988.0 27960.0 232.0 180.0 to
20304.0 27900.0 800.0 320.0 Reply

18896.0 28272.0 1188.0 120.0 WASHINGTON
20364.0 28272.0 284.0 128.0 (U.R)
20928.0 28268.0 284.0 112.0 The

18744.0 28444.0 836.0 116.0 Democratic
19724.0 28436.0 568.0 136.0 Party
20424.0 28432.0 412.0 108.0 asked
20976.0 28436.0 236.0 108.0 the

18744.0 28608.0 436.0 132.0 major
19284.0 28600.0 672.0 112.0 networks
20060.0 28592.0 840.0 132.0 Wednesday
20996.0 28592.0 224.0 108.0 for

18744.0 28768.0 384.0 136.0 equal
19208.0 28768.0 324.0 108.0 time
19612.0 28768.0 144.0 100.0 to
19840.0 28752.0 376.0 140.0 reply
20292.0 28756.0 144.0 100.0 to
20520.0 28744.0 700.0 124.0 President

18744.0 28924.0 956.0 116.0 Eisenhower's
19816.0 28908.0 804.0 120.0 nationwide
20736.0 28908.0 424.0 112.0 Radio-

18740.0 29092.0 228.0 116.0 TV
19032.0 29076.0 1056.0 124.0 "second-term"
20160.0 29076.0 588.0 108.0 address.

18908.0 29248.0 336.0 116.0 Paul
19308.0 29252.0 180.0 112.0 M.
19552.0 29240.0 512.0 136.0 Butler,
20120.0 29228.0 600.0 120.0 national
20784.0 29220.0 384.0 116.0 chair-

18748.0 29436.0 292.0 100.0 can,
19152.0 29404.0 392.0 116.0 made
19648.0 29400.0 236.0 112.0 the
19992.0 29396.0 544.0 140.0 request
20636.0 29388.0 144.0 112.0 in
20880.0 29384.0 280.0 112.0 tele

18748.0 29596.0 452.0 116.0 grams
19260.0 29576.0 144.0 104.0 to
19468.0 29564.0 224.0 112.0 the
19752.0 29556.0 612.0 120.0 network
20420.0 29548.0 792.0 152.0 president.

21272.0 7880.0 84.0 384.0 I

21320.0 16856.0 176.0 192.0 if.

10492.0 30200.0 60.0 184.0 I

21472.0 30740.0 88.0 56.0 a.
