19268 28892
2880.0 960.0 1920.0 672.0 THE
5280.0 976.0 5296.0 672.0 CINCINNATI
10880.0 960.0 4928.0 720.0 ENQUIRER

16192.0 992.0 868.0 136.0 WFATHFR
17200.0 992.0 404.0 100.0 OinOi
17660.0 988.0 268.0 104.0 Fair
17988.0 980.0 368.0 128.0 Today

16216.0 1084.0 864.0 100.0 TTcmnciv
17620.0 1144.0 648.0 100.0 Tomorrow,

16196.0 1300.0 756.0 116.0 Temperature
17076.0 1288.0 644.0 116.0 Yetrday:
17788.0 1280.0 344.0 116.0 High,
18192.0 1276.0 152.0 120.0 tt;

16424.0 1444.0 276.0 108.0 I-ow,
16804.0 1448.0 96.0 96.0 4:
16956.0 1440.0 336.0 96.0 Mean
17344.0 1428.0 584.0 120.0 Humidity,
17980.0 1428.0 152.0 92.0 60.

16200.0 1572.0 324.0 84.0 Drtalk
16656.0 1572.0 384.0 80.0 Wralker
17100.0 1572.0 404.0 88.0 Hrportl,
17560.0 1564.0 272.0 92.0 Fates
17884.0 1568.0 52.0 80.0 i
18000.0 1560.0 172.0 80.0 mat
18232.0 1556.0 120.0 84.0 II-

668.0 2008.0 420.0 164.0 VOL
1280.0 2000.0 600.0 168.0 XCVIL
2052.0 1988.0 352.0 168.0 NO.
2584.0 1996.0 1032.0 168.0 81-DAILY

4468.0 2016.0 372.0 84.0 Bntand
4912.0 2036.0 108.0 64.0 u
5084.0 2024.0 592.0 76.0 Meoari-ciass
5752.0 2028.0 344.0 80.0 aatur,

4548.0 2120.0 212.0 80.0 M
4824.0 2124.0 112.0 80.0 Of
4948.0 2128.0 192.0 84.0 no.
5208.0 2124.0 512.0 84.0 Oudaaau.
5800.0 2124.0 232.0 80.0 OkMt

7200.0 2012.0 1316.0 176.0 THURSDAY
8700.0 2016.0 1172.0 184.0 MORNING.
10056.0 2012.0 608.0 168.0 JULY
10860.0 2024.0 160.0 180.0 1.
11208.0 2020.0 560.0 168.0 1937

14212.0 2024.0 688.0 92.0 TiiDrf
15024.0 2016.0 652.0 100.0 nvKTQ.
15956.0 2016.0 40.0 80.0 i
17660.0 1996.0 192.0 84.0 nv
17988.0 1992.0 296.0 80.0 rwr

5184.0 2592.0 304.0 928.0 F

6688.0 2592.0 2144.0 944.0 ACTION
9232.0 2592.0 384.0 928.0 A

14400.0 2600.0 808.0 928.0 IIK
15608.0 2576.0 2488.0 960.0 OUNIOa

744.0 1008.0 1648.0 328.0 FINAL

728.0 1392.0 1680.0 256.0 EDITION

3648.0 2592.0 1184.0 928.0 IS

640.0 3896.0 1792.0 496.0 TROOPSSET,

464.0 4804.0 200.0 268.0 If
860.0 4804.0 576.0 264.0 Mills
1640.0 4788.0 960.0 316.0 Reopen.

468.0 5516.0 892.0 228.0 Townseiul
1448.0 5516.0 548.0 208.0 Issues
2080.0 5504.0 520.0 208.0 Order

600.0 5864.0 220.0 216.0 As
896.0 5848.0 876.0 220.0 "Accord"
1852.0 5840.0 592.0 212.0 Nears.

456.0 6476.0 320.0 168.0 Man
888.0 6472.0 320.0 164.0 Dies
1324.0 6468.0 156.0 156.0 In
1604.0 6460.0 512.0 160.0 Canton
2240.0 6452.0 360.0 184.0 Riot,

628.0 6716.0 440.0 160.0 Police
1184.0 6708.0 396.0 180.0 Quell
1704.0 6692.0 728.0 168.0 Cleveland

752.0 6956.0 480.0 160.0 Fracas
1344.0 6936.0 380.0 160.0 With
1836.0 6932.0 448.0 160.0 Clubs.

564.0 7452.0 740.0 120.0 Indianapolis,
1376.0 7448.0 272.0 104.0 Ind.,
1712.0 7444.0 264.0 96.0 June
2044.0 7448.0 120.0 88.0 30
2312.0 7436.0 272.0 108.0 (AT)

432.0 7628.0 668.0 104.0 (Governor
1204.0 7612.0 596.0 100.0 Townsend
1904.0 7612.0 108.0 92.0 of
2128.0 7608.0 464.0 96.0 Indiana

440.0 7796.0 220.0 96.0 late
756.0 7796.0 412.0 112.0 tonight
1268.0 7784.0 524.0 116.0 suddenly
1892.0 7772.0 700.0 100.0 demobilized

444.0 7972.0 372.0 120.0 tronpi
880.0 7964.0 132.0 100.0 he
1076.0 7956.0 200.0 100.0 hud
1352.0 7948.0 452.0 100.0 ordered
1872.0 7952.0 108.0 92.0 to
2056.0 7944.0 344.0 100.0 stand
2472.0 7944.0 124.0 116.0 by

436.0 8140.0 416.0 112.0 earlier,
1000.0 8132.0 200.0 100.0 and
1352.0 8124.0 244.0 100.0 also
1744.0 8116.0 640.0 100.0 announced
2452.0 8132.0 20.0 68.0 i
2532.0 8140.0 64.0 68.0 a

504.0 8308.0 476.0 116.0 peaceful
1060.0 8288.0 684.0 124.0 agreement"
1820.0 8288.0 340.0 96.0 under
2248.0 8280.0 348.0 96.0 which

440.0 8476.0 328.0 108.0 12,800
852.0 8476.0 256.0 96.0 steel
1200.0 8468.0 488.0 100.0 workers
1780.0 8460.0 340.0 112.0 might
2220.0 8460.0 372.0 88.0 return

432.0 8656.0 120.0 92.0 to
608.0 8652.0 292.0 96.0 work
956.0 8652.0 608.0 88.0 tomorrow.
1688.0 8636.0 156.0 92.0 He
1900.0 8620.0 688.0 120.0 emphasized

436.0 8820.0 244.0 96.0 that
776.0 8820.0 184.0 96.0 the
1060.0 8808.0 632.0 124.0 agreement
1804.0 8824.0 216.0 72.0 was
2128.0 8804.0 200.0 88.0 not
2436.0 8792.0 124.0 96.0 be-

436.0 8992.0 348.0 92.0 tween
852.0 8984.0 216.0 96.0 mill
1136.0 8980.0 208.0 100.0 and
1416.0 8976.0 360.0 112.0 union,
1840.0 8972.0 176.0 96.0 but
2092.0 8992.0 240.0 68.0 was
2400.0 8988.0 188.0 68.0 one

436.0 9156.0 372.0 120.0 signed
868.0 9156.0 320.0 96.0 "with
1248.0 9156.0 188.0 92.0 the
1504.0 9148.0 300.0 92.0 State
1864.0 9140.0 108.0 100.0 of
2036.0 9132.0 552.0 100.0 Indiana."

816.0 9460.0 180.0 80.0 (BY
1076.0 9448.0 680.0 84.0 ASSOCIATED
1828.0 9440.0 384.0 84.0 PRESS)

564.0 9628.0 300.0 124.0 Upon
960.0 9632.0 172.0 96.0 the
1228.0 9628.0 292.0 92.0 heels
1620.0 9620.0 108.0 96.0 of
1820.0 9644.0 56.0 68.0 a
1980.0 9608.0 604.0 96.0 successful

436.0 9800.0 760.0 100.0 back-to-work
1260.0 9796.0 364.0 92.0 thrust
1668.0 9796.0 104.0 88.0 at
1840.0 9784.0 740.0 96.0 strike-bound

440.0 9976.0 408.0 96.0 Canton
908.0 9972.0 256.0 100.0 steel
1228.0 9964.0 316.0 108.0 mills,
1608.0 9972.0 544.0 84.0 Governor
2216.0 9960.0 320.0 92.0 Town-

504.0 10148.0 196.0 96.0 pnd
792.0 10144.0 108.0 92.0 of
1000.0 10140.0 448.0 96.0 Indiana
1544.0 10132.0 428.0 96.0 ordered
2068.0 10124.0 512.0 100.0 National

432.0 10308.0 668.0 96.0 Guardsmen
1168.0 10300.0 560.0 96.0 mobilized
1800.0 10304.0 200.0 92.0 last
2076.0 10300.0 316.0 116.0 night
2464.0 10320.0 112.0 72.0 as

436.0 10484.0 456.0 92.0 massive
952.0 10480.0 348.0 120.0 plants
1356.0 10476.0 108.0 92.0 In
1524.0 10480.0 184.0 92.0 the
1764.0 10472.0 456.0 96.0 Indiana
2284.0 10472.0 252.0 92.0 Com-

436.0 10656.0 364.0 92.0 mittee
876.0 10656.0 200.0 96.0 For
1148.0 10644.0 588.0 100.0 Industrial
1808.0 10644.0 760.0 116.0 Organization

432.0 10824.0 340.0 96.0 Strike
828.0 10824.0 340.0 92.0 sector
1228.0 10820.0 524.0 116.0 prepared
1812.0 10820.0 100.0 92.0 to
1972.0 10836.0 432.0 92.0 reopen.

552.0 10980.0 112.0 100.0 "I
748.0 10988.0 268.0 92.0 have
1096.0 10984.0 332.0 92.0 called
1528.0 10984.0 352.0 112.0 troops
1972.0 10976.0 240.0 92.0 into
2308.0 10976.0 268.0 92.0 their

428.0 11152.0 512.0 104.0 barracks
1076.0 11164.0 164.0 92.0 for
1348.0 11160.0 472.0 112.0 training
1952.0 11148.0 612.0 120.0 purposes,"

400.0 11340.0 264.0 132.0 said
736.0 11332.0 168.0 96.0 the
972.0 11336.0 552.0 92.0 Governor
1596.0 11328.0 104.0 92.0 in
1768.0 11356.0 60.0 68.0 a
1896.0 11328.0 280.0 92.0 brief
2256.0 11328.0 276.0 92.0 state-

432.0 11504.0 320.0 92.0 ment
844.0 11500.0 388.0 92.0 "These
1308.0 11504.0 372.0 108.0 troops
1744.0 11520.0 168.0 72.0 are
1984.0 11496.0 148.0 92.0 all
2208.0 11496.0 108.0 88.0 In
2396.0 11492.0 172.0 92.0 the

436.0 11676.0 500.0 88.0 northern
1032.0 11680.0 232.0 104.0 part
1372.0 11676.0 116.0 88.0 of
1588.0 11672.0 172.0 88.0 the
1844.0 11672.0 316.0 96.0 state,
2264.0 11660.0 308.0 96.0 north

432.0 11840.0 116.0 96.0 of
624.0 11840.0 800.0 116.0 Indianapolis."

556.0 12012.0 244.0 92.0 Two
896.0 12012.0 744.0 112.0 corporations
1756.0 12008.0 104.0 96.0 at
1960.0 12004.0 280.0 96.0 East
2352.0 12004.0 176.0 92.0 Chi-

428.0 12200.0 296.0 84.0 cago,
820.0 12180.0 248.0 108.0 Ind.,
1168.0 12180.0 536.0 116.0 normally
1796.0 12180.0 620.0 116.0 employing
2512.0 12196.0 60.0 68.0 a

424.0 12348.0 272.0 92.0 total
780.0 12352.0 116.0 88.0 of
980.0 12348.0 316.0 100.0 19,000
1388.0 12372.0 284.0 84.0 men,
1764.0 12356.0 152.0 84.0 set
2016.0 12348.0 64.0 88.0 8
2176.0 12344.0 392.0 96.0 o'clock

428.0 12516.0 216.0 96.0 thin
700.0 12520.0 480.0 112.0 morning
1236.0 12544.0 120.0 68.0 as
1416.0 12520.0 188.0 92.0 the
1664.0 12516.0 280.0 96.0 "zero
2004.0 12516.0 348.0 96.0 hour"
2408.0 12516.0 160.0 96.0 for

420.0 12684.0 640.0 120.0 attempting
1116.0 12692.0 108.0 88.0 to
1288.0 12708.0 428.0 68.0 resume
1772.0 12684.0 624.0 112.0 operations
2460.0 12688.0 108.0 92.0 at

424.0 12856.0 356.0 116.0 plants
844.0 12856.0 340.0 96.0 closed
1252.0 12856.0 304.0 92.0 since
1628.0 12856.0 232.0 112.0 May
1928.0 12856.0 148.0 88.0 26.

548.0 13016.0 368.0 96.0 Inland
1020.0 13016.0 272.0 96.0 Steel
1400.0 13016.0 544.0 120.0 Company
2044.0 13016.0 228.0 92.0 and
2400.0 13012.0 168.0 96.0 the

420.0 13180.0 716.0 120.0 Toungstown
1216.0 13188.0 328.0 92.0 Sheet
1628.0 13184.0 196.0 96.0 and
1896.0 13184.0 304.0 104.0 Tube
2280.0 13180.0 248.0 100.0 Com-

424.0 13372.0 280.0 100.0 pany
784.0 13352.0 368.0 120.0 jointly
1232.0 13352.0 704.0 96.0 annnounced
2028.0 13352.0 300.0 92.0 their
2408.0 13348.0 120.0 96.0 de-

412.0 13524.0 336.0 96.0 cision
800.0 13524.0 104.0 92.0 In
956.0 13524.0 172.0 92.0 the
1184.0 13520.0 244.0 96.0 face
1484.0 13520.0 120.0 92.0 of
1648.0 13520.0 264.0 96.0 John
1968.0 13516.0 116.0 96.0 L.
2140.0 13516.0 424.0 100.0 Lewis's

416.0 13692.0 620.0 100.0 Committee
1084.0 13688.0 208.0 96.0 For
1348.0 13688.0 576.0 92.0 Industrial
1984.0 13688.0 548.0 112.0 Organiza-

420.0 13860.0 312.0 104.0 tion's
812.0 13856.0 324.0 96.0 strike
1224.0 13856.0 172.0 92.0 for
1488.0 13852.0 364.0 116.0 signed
1936.0 13856.0 320.0 96.0 labor
2340.0 13872.0 184.0 72.0 con-

416.0 14028.0 688.0 92.0 tractsnow
1152.0 14020.0 116.0 96.0 35
1320.0 14024.0 276.0 112.0 days
1644.0 14020.0 188.0 92.0 old.
1940.0 14020.0 360.0 96.0 Other
2348.0 14044.0 184.0 88.0 pro-

420.0 14192.0 372.0 96.0 ducers
872.0 14188.0 468.0 96.0 affected
1432.0 14188.0 140.0 112.0 by
1660.0 14188.0 164.0 92.0 the
1908.0 14188.0 656.0 88.0 seven-state

424.0 14360.0 328.0 96.0 strike
828.0 14380.0 184.0 72.0 are
1088.0 14356.0 532.0 112.0 Republic
1696.0 14352.0 272.0 96.0 Steel
2048.0 14348.0 484.0 120.0 Corpora-

424.0 14528.0 220.0 96.0 tion
716.0 14532.0 200.0 92.0 and
992.0 14524.0 636.0 96.0 Bethlehem
1704.0 14520.0 264.0 92.0 Steel
2048.0 14516.0 476.0 116.0 Corpora-

424.0 14692.0 248.0 96.0 tion.
1508.0 14688.0 20.0 36.0 '

816.0 14856.0 452.0 92.0 HOPES
1328.0 14856.0 296.0 96.0 FOR
1676.0 14848.0 492.0 100.0 FEACK.

544.0 15056.0 568.0 100.0 Townsend
1264.0 15056.0 396.0 92.0 earlier
1792.0 15048.0 580.0 120.0 expressed
2512.0 15068.0 60.0 72.0 a

428.0 15224.0 268.0 116.0 hope
784.0 15224.0 240.0 100.0 that
1112.0 15224.0 224.0 92.0 mill
1436.0 15224.0 548.0 112.0 operators
2088.0 15220.0 224.0 92.0 and
2396.0 15220.0 172.0 92.0 the

416.0 15392.0 564.0 96.0 Committe
1040.0 15388.0 204.0 92.0 For
1304.0 15384.0 580.0 96.0 Industrial
1944.0 15380.0 588.0 112.0 Organiza-

416.0 15564.0 232.0 96.0 tion
708.0 15560.0 336.0 104.0 would
1112.0 15556.0 388.0 108.0 accept
1560.0 15580.0 68.0 68.0 a
1688.0 15576.0 312.0 96.0 peace
2068.0 15548.0 260.0 116.0 plan
2392.0 15568.0 136.0 72.0 un-

420.0 15732.0 196.0 96.0 der
704.0 15728.0 344.0 100.0 which
1140.0 15724.0 132.0 96.0 he
1376.0 15720.0 448.0 96.0 claimed
1928.0 15712.0 636.0 124.0 production

412.0 15900.0 312.0 100.0 could
784.0 15904.0 124.0 92.0 be
976.0 15892.0 496.0 96.0 resumed
1544.0 15888.0 436.0 92.0 without
2052.0 15880.0 508.0 96.0 disorder.

540.0 16056.0 580.0 108.0 Townsend
1184.0 16084.0 276.0 92.0 gave
1528.0 16084.0 128.0 68.0 no
1708.0 16052.0 692.0 116.0 explanation
2460.0 16044.0 108.0 92.0 of

420.0 16236.0 172.0 96.0 his
720.0 16232.0 396.0 96.0 sudden
1244.0 16224.0 476.0 96.0 decision
1840.0 16224.0 104.0 92.0 to
2088.0 16212.0 476.0 100.0 mobilize

424.0 16408.0 384.0 116.0 troops.

544.0 16572.0 252.0 92.0 Late
852.0 16572.0 104.0 92.0 in
1008.0 16568.0 176.0 92.0 the
1240.0 16564.0 564.0 92.0 afternoon
1856.0 16556.0 132.0 88.0 he
2052.0 16548.0 268.0 108.0 said,
2376.0 16544.0 152.0 96.0 aft

420.0 16764.0 120.0 72.0 er
640.0 16764.0 64.0 68.0 a
804.0 16752.0 552.0 96.0 telepnone
1468.0 16752.0 748.0 68.0 conversation
2324.0 16752.0 244.0 52.0 who

424.0 16908.0 464.0 100.0 Thomas
1000.0 16900.0 116.0 92.0 R-
1236.0 16900.0 456.0 100.0 Hutson,
1808.0 16892.0 304.0 88.0 State
2236.0 16880.0 332.0 92.0 Labor

424.0 17068.0 844.0 108.0 Commissioner,
1380.0 17068.0 240.0 88.0 who
1740.0 17060.0 192.0 88.0 has
2072.0 17052.0 268.0 92.0 been
2468.0 17044.0 100.0 92.0 In

428.0 17240.0 700.0 104.0 Washington
1224.0 17232.0 612.0 108.0 conferring
1920.0 17224.0 280.0 92.0 with
2288.0 17216.0 244.0 92.0 Com-

424.0 17408.0 368.0 96.0 mittee
868.0 17404.0 200.0 88.0 For
1148.0 17396.0 580.0 96.0 Industrial
1800.0 17380.0 768.0 120.0 Organization

428.0 17576.0 440.0 104.0 leaders,
988.0 17568.0 232.0 92.0 that
1340.0 17568.0 184.0 96.0 the
1644.0 17564.0 404.0 120.0 parties
2172.0 17560.0 112.0 88.0 to
2400.0 17548.0 168.0 92.0 the

432.0 17744.0 304.0 100.0 labor
808.0 17736.0 416.0 116.0 dispute
1308.0 17760.0 284.0 64.0 were
1664.0 17756.0 248.0 68.0 near
1996.0 17752.0 144.0 72.0 an
2232.0 17740.0 300.0 96.0 agree-

436.0 17912.0 288.0 96.0 ment
772.0 17936.0 132.0 68.0 on
956.0 17928.0 64.0 72.0 a
1072.0 17924.0 324.0 100.0 peace
1456.0 17904.0 472.0 88.0 formula.

548.0 18068.0 488.0 120.0 "They're
1084.0 18068.0 240.0 96.0 that
1384.0 18060.0 276.0 96.0 close
1708.0 18064.0 504.0 116.0 together
2260.0 18044.0 312.0 116.0 now,"

568.0 18272.0 52.0 64.0 e
760.0 18240.0 544.0 92.0 Governor
1448.0 18232.0 252.0 108.0 said,
1828.0 18228.0 448.0 116.0 placing
2408.0 18220.0 176.0 88.0 the

436.0 18416.0 344.0 120.0 palms
848.0 18408.0 108.0 92.0 of
1024.0 18404.0 164.0 92.0 his
1264.0 18400.0 356.0 96.0 hands
1684.0 18396.0 96.0 92.0 in
1852.0 18392.0 616.0 120.0 proximity.

560.0 18584.0 408.0 88.0 Hutson
1128.0 18568.0 288.0 92.0 after
1576.0 18560.0 688.0 116.0 telephoning
2412.0 18556.0 172.0 88.0 the

448.0 18752.0 88.0 92.0 G
660.0 18764.0 332.0 76.0 -ernor
1080.0 18740.0 196.0 92.0 left
1368.0 18732.0 708.0 112.0 Washington
2180.0 18724.0 132.0 116.0 by
2400.0 18720.0 156.0 92.0 alr-

448.0 18920.0 212.0 124.0 pla.
852.0 18912.0 160.0 96.0 for
1104.0 18900.0 748.0 120.0 Indianapolis.
2016.0 18896.0 232.0 92.0 The
2336.0 18888.0 216.0 96.0 Gov-

452.0 19052.0 312.0 132.0 ern'"
824.0 19052.0 536.0 120.0 'emaincd
1428.0 19076.0 104.0 88.0 in
1592.0 19072.0 152.0 92.0 his
1800.0 19068.0 340.0 88.0 office
2204.0 19068.0 108.0 88.0 to
2364.0 19084.0 192.0 68.0 con-

452.0 19264.0 160.0 88.0 fer
712.0 19284.0 104.0 64.0 t,.
956.0 19228.0 44.0 124.0 I
1056.0 19252.0 172.0 88.0 the
1324.0 19244.0 348.0 92.0 Labor
1760.0 19232.0 832.0 100.0 Commissioner

452.0 19420.0 716.0 108.0 immediately
1228.0 19440.0 292.0 92.0 upon
1580.0 19416.0 152.0 96.0 his
1792.0 19412.0 412.0 88.0 return.

760.0 19620.0 328.0 96.0 RIOT
1164.0 19620.0 176.0 92.0 AT
1420.0 19608.0 880.0 112.0 CLEVELAND.

572.0 19832.0 136.0 92.0 At
848.0 19820.0 600.0 108.0 Cleveland,
1588.0 19812.0 508.0 96.0 mounted
2248.0 19804.0 344.0 116.0 police,

444.0 19996.0 532.0 116.0 swinging
1144.0 19984.0 676.0 120.0 nightsticks,
2004.0 19972.0 596.0 124.0 yesterday,

848.0 20192.0 128.0 84.0 i.p
1048.0 20196.0 56.0 56.0 a
1180.0 20156.0 620.0 100.0 iree-for-all
1872.0 20152.0 304.0 112.0 fight
2244.0 20148.0 108.0 88.0 at
2420.0 20140.0 172.0 92.0 the

856.0 20332.0 488.0 116.0 Knitting
1420.0 20328.0 220.0 96.0 Mill
1708.0 20324.0 592.0 108.0 Company.

592.0 20568.0 8.0 28.0 ,
680.0 20500.0 764.0 120.0 ppiexim-.tely
1500.0 20496.0 168.0 96.0 300
1716.0 20488.0 580.0 100.0 American
2356.0 20480.0 208.0 100.0 Fed-

456.0 20676.0 412.0 88.0 emtkm
944.0 20676.0 100.0 88.0 uf
1124.0 20668.0 40.0 88.0 l
1208.0 20668.0 272.0 92.0 abor
1552.0 20664.0 532.0 92.0 unionists
2160.0 20648.0 440.0 100.0 crashed

448.0 20848.0 120.0 80.0 ih
636.0 20860.0 272.0 92.0 ougn
960.0 20868.0 60.0 60.0 a
1068.0 20836.0 48.0 84.0 C
1156.0 20836.0 548.0 92.0 ommittee
1752.0 20832.0 208.0 92.0 For
2020.0 20820.0 580.0 104.0 Industrial

464.0 21012.0 744.0 108.0 Organization
1356.0 21004.0 344.0 112.0 picket
1828.0 21000.0 224.0 92.0 line
2192.0 20996.0 112.0 92.0 of
2428.0 20992.0 176.0 88.0 the

456.0 21204.0 296.0 68.0 s.'inie
828.0 21172.0 200.0 96.0 size
1152.0 21200.0 56.0 64.0 o
1288.0 21196.0 384.0 92.0 reopen
1748.0 21168.0 176.0 96.0 the
2008.0 21168.0 332.0 112.0 plant,
2412.0 21184.0 192.0 68.0 one

468.0 21376.0 52.0 52.0 r,
544.0 21352.0 32.0 80.0 r
664.0 21352.0 32.0 84.0 f
752.0 21364.0 148.0 68.0 Mir
992.0 21344.0 44.0 72.0 I-
1096.0 21344.0 368.0 112.0 titting
1556.0 21340.0 260.0 92.0 mills
1908.0 21336.0 268.0 92.0 here
2264.0 21328.0 340.0 96.0 closed

464.0 21520.0 108.0 80.0 i.
660.0 21544.0 44.0 52.0 a
772.0 21540.0 60.0 64.0 n
888.0 21536.0 80.0 64.0 s:
1040.0 21516.0 144.0 80.0 ite
1248.0 21532.0 260.0 64.0 over
1564.0 21508.0 308.0 92.0 union
1944.0 21508.0 624.0 108.0 representa

460.0 21688.0 256.0 96.0 tion.

572.0 21852.0 148.0 88.0 W.
788.0 21852.0 120.0 88.0 R.
972.0 21844.0 708.0 100.0 Woodworth,
1748.0 21844.0 304.0 112.0 plant
2124.0 21836.0 432.0 112.0 Superin-

460.0 22016.0 468.0 104.0 tendent,
1008.0 22012.0 228.0 92.0 said
1328.0 22012.0 268.0 92.0 later
1676.0 22008.0 164.0 92.0 225
1920.0 22012.0 124.0 92.0 of
2128.0 22008.0 176.0 92.0 the
2384.0 22028.0 188.0 72.0 nor-

460.0 22196.0 216.0 96.0 mal
732.0 22184.0 480.0 116.0 working
1268.0 22184.0 300.0 92.0 force
1620.0 22180.0 104.0 92.0 of
1776.0 22176.0 180.0 92.0 375
2012.0 22200.0 280.0 68.0 were
2344.0 22172.0 264.0 92.0 back

448.0 22388.0 136.0 72.0 cm
640.0 22360.0 176.0 92.0 the
868.0 22352.0 196.0 120.0 job,
1116.0 22352.0 220.0 96.0 and
1388.0 22344.0 476.0 100.0 declared
1920.0 22344.0 196.0 92.0 the
2168.0 22364.0 440.0 72.0 concern

464.0 22528.0 348.0 96.0 would
876.0 22524.0 224.0 96.0 deal
1164.0 22524.0 260.0 112.0 only
1488.0 22516.0 240.0 96.0 with
1792.0 22516.0 188.0 92.0 the
2048.0 22512.0 560.0 96.0 American

464.0 22696.0 640.0 104.0 Federation
1180.0 22692.0 124.0 92.0 of
1372.0 22688.0 368.0 96.0 Labor.

588.0 22868.0 316.0 92.0 Louis
996.0 22860.0 356.0 108.0 Fried,
1452.0 22864.0 476.0 92.0 business
2032.0 22852.0 328.0 112.0 agent
2448.0 22844.0 168.0 92.0 for

464.0 23004.0 184.0 96.0 the
736.0 23000.0 640.0 96.0 Committee
1468.0 23000.0 200.0 88.0 For
1748.0 22988.0 600.0 100.0 Industrial
2432.0 22988.0 144.0 92.0 Or-

472.0 23136.0 596.0 116.0 ganization
1248.0 23128.0 792.0 100.0 International
2220.0 23120.0 396.0 100.0 Ladies'

472.0 23276.0 516.0 92.0 Garment
1056.0 23268.0 544.0 96.0 Workers'
1668.0 23268.0 388.0 112.0 Union,
2132.0 23288.0 220.0 72.0 was
2420.0 23284.0 196.0 68.0 one

616.0 23508.0 504.0 96.0 oritlnii"d
1200.0 23512.0 176.0 92.0 On
1448.0 23512.0 276.0 112.0 Page
1792.0 23508.0 88.0 104.0 2,
1956.0 23504.0 456.0 96.0 Column
2484.0 23500.0 80.0 92.0 4.

744.0 24184.0 580.0 208.0 Drama
1404.0 24184.0 184.0 208.0 Of
1652.0 24176.0 724.0 204.0 Flowers

732.0 24620.0 648.0 108.0 Claremore,
1464.0 24620.0 320.0 108.0 Okla.,
1868.0 24620.0 296.0 96.0 June
2248.0 24620.0 112.0 88.0 SO

628.0 24788.0 272.0 112.0 (AP)
1048.0 24796.0 260.0 96.0 Two
1396.0 24788.0 340.0 100.0 weeks
1816.0 24812.0 220.0 88.0 ago
620.0 24808.0 1852.0 264.0 seven-jear-old

1164.0 24960.0 488.0 116.0 Dorothy
1732.0 24960.0 228.0 96.0 Lou
2056.0 24952.0 416.0 100.0 Gravltt

624.0 25128.0 404.0 96.0 walked
1140.0 25132.0 236.0 96.0 into
1484.0 25156.0 64.0 68.0 a
1644.0 25128.0 480.0 116.0 hospital
2232.0 25124.0 240.0 96.0 here

620.0 25296.0 208.0 96.0 and
892.0 25300.0 276.0 96.0 said:

744.0 25464.0 112.0 96.0 "I
908.0 25468.0 220.0 112.0 just
1180.0 25468.0 464.0 120.0 brought
1700.0 25468.0 448.0 96.0 flowers
2196.0 25460.0 168.0 100.0 for
2412.0 25488.0 68.0 72.0 a

632.0 25632.0 240.0 112.0 lady
988.0 25636.0 224.0 116.0 just
1288.0 25664.0 216.0 92.0 any
1576.0 25632.0 332.0 124.0 lady."
2052.0 25632.0 388.0 100.0 Attend-

632.0 25812.0 188.0 80.0 ant
956.0 25808.0 444.0 100.0 learned
1484.0 25808.0 184.0 96.0 her
1744.0 25804.0 448.0 100.0 mother
2268.0 25828.0 216.0 76.0 was

636.0 25972.0 100.0 88.0 In
844.0 26004.0 64.0 64.0 a
1008.0 25980.0 416.0 96.0 distant
1532.0 25980.0 644.0 92.0 sanitarium
2276.0 25972.0 204.0 96.0 and

632.0 26144.0 292.0 92.0 "that
1008.0 26148.0 88.0 92.0 Is
1172.0 26152.0 188.0 96.0 too
1440.0 26156.0 164.0 92.0 far
1676.0 26172.0 312.0 88.0 away
2076.0 26148.0 168.0 92.0 for
2320.0 26168.0 160.0 68.0 me

636.0 26320.0 108.0 80.0 to
820.0 26312.0 252.0 96.0 take
1152.0 26324.0 456.0 104.0 flowers,
1684.0 26348.0 116.0 68.0 so
1888.0 26320.0 48.0 96.0 I
2028.0 26316.0 444.0 108.0 brought

636.0 26508.0 284.0 64.0 some
980.0 26484.0 164.0 96.0 for
1200.0 26520.0 72.0 72.0 a
1328.0 26492.0 236.0 112.0 lady
1620.0 26484.0 348.0 100.0 here."
2076.0 26500.0 16.0 24.0 '

756.0 26652.0 420.0 112.0 Sunday
1236.0 26660.0 192.0 92.0 the
1480.0 26660.0 264.0 96.0 ehlld
1808.0 26652.0 512.0 104.0 returned
2376.0 26660.0 108.0 88.0 to

636.0 26820.0 184.0 96.0 the
940.0 26816.0 460.0 120.0 hospital
1528.0 26828.0 200.0 96.0 this
1852.0 26828.0 276.0 92.0 time
2244.0 26824.0 196.0 92.0 serl-

632.0 26992.0 296.0 112.0 only
996.0 26988.0 100.0 92.0 III
1160.0 27000.0 124.0 88.0 of
1344.0 27000.0 420.0 116.0 typhoid
1836.0 26996.0 648.0 112.0 meningitis.

648.0 27164.0 200.0 88.0 She
968.0 27160.0 236.0 92.0 died
1336.0 27164.0 308.0 116.0 today
1768.0 27168.0 112.0 92.0 in
2012.0 27196.0 64.0 64.0 a
2204.0 27188.0 280.0 68.0 room

644.0 27336.0 720.0 112.0 townspeople
1484.0 27332.0 196.0 96.0 had
1804.0 27332.0 312.0 96.0 filled
2240.0 27336.0 244.0 92.0 with

644.0 27504.0 444.0 96.0 flowers.

2880.0 4128.0 348.0 216.0 Girl
3304.0 4136.0 720.0 212.0 Defends
4100.0 4140.0 608.0 212.0 Father

3016.0 8240.0 328.0 432.0 f
3536.0 8216.0 616.0 464.0 A
4232.0 8336.0 600.0 352.0 -7:

3916.0 8736.0 488.0 76.0 Aiisociated
4468.0 8736.0 288.0 76.0 Prem.

2772.0 8848.0 676.0 164.0 Testifying
3600.0 8860.0 268.0 128.0 that
4024.0 8864.0 200.0 128.0 her
4376.0 8864.0 404.0 128.0 father

2780.0 9024.0 256.0 132.0 had
3204.0 9028.0 284.0 132.0 fired
3660.0 9044.0 120.0 116.0 in
3944.0 9032.0 824.0 144.0 self-defense,

2784.0 9200.0 412.0 128.0 Grace
3300.0 9200.0 468.0 140.0 Vance,
3892.0 9204.0 424.0 140.0 above,
2784.0 9216.0 1940.0 312.0 nineteen-year-old

3744.0 9372.0 636.0 132.0 Louisiana
4436.0 9376.0 340.0 128.0 State

2784.0 9536.0 688.0 160.0 University
3604.0 9544.0 412.0 140.0 co-ed,
4148.0 9548.0 624.0 152.0 appeared

2776.0 9740.0 128.0 96.0 at
2960.0 9764.0 76.0 72.0 a
3096.0 9716.0 776.0 156.0 preliminary
3928.0 9716.0 488.0 156.0 hearing
4476.0 9772.0 300.0 76.0 over

2780.0 9880.0 212.0 128.0 the
3136.0 9884.0 564.0 152.0 shooting
3844.0 9888.0 132.0 128.0 of
4108.0 9888.0 192.0 124.0 the
4440.0 9920.0 332.0 100.0 town

2776.0 10052.0 352.0 152.0 night
3192.0 10052.0 528.0 132.0 Marshal
3792.0 10056.0 132.0 128.0 of
3980.0 10056.0 380.0 144.0 Shaw,
4432.0 10056.0 328.0 132.0 Miss.

2772.0 10216.0 280.0 132.0 The
3112.0 10224.0 304.0 152.0 girl's
3472.0 10224.0 408.0 128.0 father
3936.0 10236.0 92.0 116.0 is
4076.0 10276.0 60.0 72.0 a
4196.0 10224.0 576.0 156.0 druggist.

2920.0 10696.0 680.0 384.0 MORE
3760.0 10704.0 872.0 384.0 NAMES

2728.0 11452.0 756.0 260.0 Listed
3612.0 11460.0 264.0 248.0 In
3992.0 11460.0 808.0 256.0 Senate

2692.0 12172.0 228.0 208.0 As
3008.0 12168.0 724.0 264.0 Evading
3808.0 12176.0 624.0 204.0 Income
4520.0 12180.0 332.0 200.0 Tax

2972.0 12512.0 224.0 264.0 I5y
3268.0 12508.0 1300.0 264.0 Incorporation.

2684.0 13080.0 376.0 164.0 Four
3200.0 13080.0 592.0 172.0 Persons
3936.0 13088.0 604.0 160.0 Accused
4696.0 13084.0 180.0 164.0 Of

2776.0 13316.0 516.0 200.0 Saving
3360.0 13320.0 684.0 180.0 $700,000
4116.0 13320.0 648.0 196.0 Through

2916.0 13556.0 556.0 156.0 Method
3648.0 13556.0 460.0 160.0 Under
4264.0 13556.0 356.0 160.0 Fire.

2788.0 14060.0 748.0 112.0 Washington,
3684.0 14076.0 288.0 80.0 June
4108.0 14064.0 116.0 92.0 SO
4356.0 14064.0 288.0 96.0 (AP)
4784.0 14064.0 80.0 92.0 A

2664.0 14224.0 808.0 112.0 congressional
3616.0 14232.0 616.0 88.0 committee
4376.0 14228.0 488.0 92.0 received

2668.0 14392.0 588.0 124.0 testimony
3332.0 14392.0 336.0 120.0 today
3748.0 14396.0 240.0 92.0 that
4060.0 14392.0 368.0 100.0 Alfred
4520.0 14396.0 344.0 104.0 Sloan,

2668.0 14552.0 188.0 116.0 Jr.,
2984.0 14560.0 364.0 112.0 Myron
3464.0 14556.0 116.0 96.0 C.
3700.0 14560.0 412.0 116.0 Taylor,
4216.0 14560.0 292.0 92.0 John
4628.0 14560.0 240.0 116.0 Hay

2664.0 14724.0 544.0 112.0 Whitney,
3348.0 14724.0 220.0 96.0 and
3732.0 14724.0 164.0 96.0 Ed
4040.0 14728.0 340.0 112.0 Wynn
4544.0 14728.0 324.0 92.0 saved

2668.0 14884.0 464.0 112.0 $700,000
3220.0 14892.0 96.0 92.0 In
3416.0 14896.0 320.0 88.0 taxes
3836.0 14892.0 136.0 116.0 by
4060.0 14892.0 808.0 116.0 Incorporating

2664.0 15056.0 428.0 116.0 yachts,
3168.0 15060.0 456.0 116.0 country
3700.0 15060.0 428.0 108.0 estates,
4200.0 15060.0 388.0 112.0 racing
4660.0 15060.0 168.0 92.0 sta-

2668.0 15216.0 236.0 96.0 bles
2996.0 15244.0 124.0 72.0 or
3200.0 15224.0 504.0 116.0 personal
3796.0 15224.0 364.0 92.0 talent.

2788.0 15388.0 420.0 92.0 Arthur
3284.0 15388.0 128.0 92.0 H.
3504.0 15388.0 332.0 108.0 Kent,
3924.0 15388.0 532.0 116.0 Treasury
4540.0 15392.0 292.0 92.0 attor-

2668.0 15572.0 248.0 92.0 ney,
3060.0 15552.0 220.0 92.0 also
3416.0 15548.0 556.0 96.0 informed
4108.0 15552.0 176.0 92.0 the
4432.0 15552.0 400.0 92.0 Senate-

2664.0 15716.0 384.0 92.0 House
3132.0 15716.0 644.0 96.0 Committee
3864.0 15740.0 132.0 72.0 on
4084.0 15716.0 220.0 96.0 Tax
4388.0 15716.0 480.0 96.0 Evasion

2668.0 15880.0 228.0 92.0 and
2964.0 15876.0 612.0 100.0 Avoidance
3640.0 15884.0 248.0 92.0 that
3948.0 15904.0 284.0 72.0 more
4300.0 15884.0 276.0 92.0 than
4640.0 15884.0 232.0 92.0 half

2664.0 16072.0 72.0 68.0 a
2828.0 16044.0 336.0 92.0 dozen
3252.0 16048.0 316.0 92.0 other
3660.0 16048.0 644.0 92.0 individuals
4396.0 16048.0 216.0 96.0 had
4708.0 16072.0 120.0 68.0 ac-

2672.0 16212.0 660.0 112.0 complished
3436.0 16212.0 432.0 96.0 similar
3968.0 16216.0 176.0 88.0 tax
4248.0 16212.0 616.0 96.0 reductions

2668.0 16376.0 120.0 92.0 of
2868.0 16380.0 448.0 92.0 another
3392.0 16376.0 488.0 108.0 $700,000.
4916.0 16376.0 8.0 136.0 j

2796.0 16544.0 300.0 96.0 Kent
3216.0 16548.0 228.0 92.0 said
3584.0 16548.0 360.0 104.0 Sloan,
4068.0 16544.0 568.0 96.0 President
4760.0 16548.0 112.0 92.0 of
4916.0 16536.0 8.0 132.0 j

2668.0 16712.0 472.0 92.0 General
3228.0 16712.0 412.0 96.0 Motors
3724.0 16712.0 732.0 112.0 Corporation,
4548.0 16712.0 320.0 92.0 saved
4916.0 16724.0 12.0 120.0 j

2676.0 16876.0 456.0 112.0 $128,528
3196.0 16904.0 124.0 68.0 on
3400.0 16884.0 168.0 88.0 his
3640.0 16884.0 324.0 112.0 yacht
4036.0 16876.0 336.0 112.0 Rone;
4452.0 16880.0 416.0 112.0 Taylor,
4916.0 16848.0 12.0 168.0 j

2672.0 17072.0 128.0 68.0 or
2892.0 17048.0 172.0 88.0 his
3148.0 17048.0 264.0 108.0 wife,
3508.0 17052.0 288.0 88.0 from
3888.0 17044.0 312.0 108.0 $4,400
4284.0 17056.0 112.0 84.0 to
4492.0 17048.0 436.0 128.0 $16,800;

2672.0 17236.0 140.0 68.0 on
2892.0 17216.0 280.0 88.0 their
3240.0 17216.0 292.0 112.0 large
3612.0 17216.0 644.0 104.0 residences;
4336.0 17216.0 536.0 112.0 Whitney,

2676.0 17380.0 248.0 92.0 well
2984.0 17380.0 376.0 92.0 known
3424.0 17380.0 180.0 92.0 for
3660.0 17380.0 172.0 92.0 his
3888.0 17380.0 436.0 92.0 Interest
4388.0 17380.0 108.0 88.0 in
4560.0 17380.0 312.0 92.0 horse

2676.0 17544.0 420.0 116.0 racing,
3168.0 17544.0 452.0 112.0 $396,125
3692.0 17572.0 140.0 68.0 on
3916.0 17548.0 156.0 92.0 his
4144.0 17544.0 440.0 104.0 stables,
4660.0 17548.0 212.0 88.0 and

2672.0 17708.0 400.0 116.0 Wynn,
3144.0 17716.0 324.0 104.0 actor,
3544.0 17716.0 312.0 92.0 radio
3928.0 17712.0 664.0 92.0 entertainer
4660.0 17708.0 208.0 92.0 and

2676.0 17880.0 312.0 88.0 show
3068.0 17880.0 552.0 112.0 producer,
3704.0 17876.0 436.0 108.0 $196,728
4212.0 17876.0 136.0 112.0 by
4428.0 17876.0 444.0 112.0 turning

2680.0 18064.0 272.0 68.0 over
3028.0 18040.0 156.0 92.0 his
3260.0 18044.0 564.0 96.0 contracts
3904.0 18048.0 104.0 88.0 to
4084.0 18044.0 164.0 92.0 his
4328.0 18064.0 244.0 72.0 own
4652.0 18064.0 180.0 72.0 cor-

2684.0 18208.0 580.0 112.0 porations.
2820.0 18368.0 132.0 92.0 In
3056.0 18368.0 244.0 92.0 New
3400.0 18372.0 308.0 92.0 York
3820.0 18376.0 308.0 92.0 Sloan
4228.0 18372.0 348.0 92.0 called
4680.0 18368.0 176.0 96.0 the

2692.0 18536.0 620.0 112.0 Treasury's
3408.0 18536.0 496.0 120.0 figuring
3992.0 18536.0 612.0 120.0 "illogical,"
4696.0 18540.0 124.0 88.0 de-

2692.0 18708.0 428.0 112.0 claring
3168.0 18704.0 128.0 100.0 all
3352.0 18704.0 640.0 100.0 deductions
4040.0 18716.0 124.0 88.0 he
4216.0 18712.0 320.0 92.0 made
4592.0 18732.0 268.0 68.0 were

2700.0 18876.0 316.0 116.0 legal.
3076.0 18880.0 156.0 88.0 He
3288.0 18872.0 236.0 92.0 said
3592.0 18872.0 116.0 92.0 80
3768.0 18884.0 292.0 88.0 cents
4120.0 18884.0 188.0 88.0 out
4372.0 18876.0 116.0 100.0 of
4548.0 18900.0 316.0 88.0 every

2696.0 19048.0 360.0 92.0 dollar
3112.0 19044.0 112.0 92.0 of
3280.0 19044.0 168.0 92.0 his
3516.0 19044.0 416.0 88.0 income
3996.0 19044.0 196.0 88.0 last
4256.0 19072.0 264.0 88.0 year
4584.0 19048.0 280.0 88.0 went

2696.0 19216.0 120.0 92.0 to
2884.0 19216.0 184.0 96.0 the
3132.0 19212.0 444.0 100.0 Federal
3620.0 19236.0 120.0 64.0 or
3780.0 19216.0 272.0 84.0 state
4116.0 19228.0 764.0 88.0 governments

2700.0 19412.0 128.0 64.0 or
2928.0 19392.0 112.0 84.0 to
3128.0 19380.0 452.0 116.0 charity.

2828.0 19552.0 284.0 96.0 Soon
3176.0 19556.0 284.0 88.0 after
3532.0 19548.0 292.0 92.0 Kent
3896.0 19544.0 200.0 96.0 had
4160.0 19544.0 476.0 92.0 finished
4700.0 19548.0 164.0 92.0 his

2704.0 19724.0 736.0 112.0 presentation
3552.0 19716.0 892.0 116.0 Representative
4552.0 19712.0 276.0 92.0 Ham-

2704.0 19892.0 276.0 92.0 ilton
3064.0 19892.0 272.0 104.0 Fish,
3420.0 19884.0 704.0 116.0 Republican,
4204.0 19880.0 268.0 96.0 New
4552.0 19876.0 320.0 108.0 York,

2704.0 20060.0 268.0 92.0 took
3040.0 20064.0 168.0 92.0 the
3268.0 20060.0 376.0 88.0 House
3708.0 20056.0 312.0 92.0 Floor
4080.0 20056.0 100.0 88.0 to
4240.0 20076.0 268.0 84.0 urge
4568.0 20048.0 320.0 112.0 again

2704.0 20232.0 256.0 96.0 that
3048.0 20228.0 172.0 92.0 the
3308.0 20228.0 636.0 92.0 committee
4028.0 20220.0 576.0 96.0 scrutinize
4696.0 20216.0 180.0 92.0 the

2704.0 20400.0 200.0 92.0 tax
3020.0 20400.0 424.0 88.0 returns
3568.0 20396.0 120.0 88.0 of
3808.0 20392.0 556.0 96.0 President
4488.0 20388.0 352.0 92.0 Roose-

2704.0 20568.0 260.0 92.0 velt.
3096.0 20564.0 156.0 92.0 He
3324.0 20564.0 248.0 96.0 said
3652.0 20564.0 184.0 92.0 the
3912.0 20560.0 304.0 96.0 Chief
4292.0 20556.0 584.0 92.0 Executive

2704.0 20740.0 164.0 88.0 "is
2952.0 20732.0 304.0 112.0 using
3332.0 20732.0 292.0 112.0 legal
3708.0 20724.0 592.0 120.0 loopholes"
4388.0 20728.0 216.0 96.0 and
4684.0 20724.0 196.0 88.0 has

2708.0 20900.0 584.0 100.0 "admitted
3360.0 20904.0 248.0 88.0 that
3680.0 20904.0 132.0 92.0 he
3880.0 20900.0 84.0 92.0 is
4024.0 20896.0 316.0 112.0 using
4404.0 20888.0 384.0 100.0 them."

2836.0 21072.0 580.0 92.0 Chairman
3536.0 21068.0 408.0 96.0 Robert
4052.0 21068.0 104.0 92.0 L
4264.0 21064.0 616.0 112.0 Doughton,

2712.0 21240.0 608.0 104.0 Democrat,
3472.0 21244.0 356.0 92.0 North
3976.0 21232.0 536.0 108.0 Carolina,
4656.0 21228.0 228.0 96.0 said

2716.0 21408.0 264.0 92.0 Fish
3072.0 21408.0 332.0 96.0 would
3512.0 21408.0 412.0 92.0 receive
4012.0 21432.0 60.0 68.0 a
4164.0 21404.0 276.0 88.0 "fair
4528.0 21428.0 336.0 88.0 oppor

2712.0 21576.0 420.0 116.0 tunity"
3204.0 21580.0 108.0 92.0 to
3384.0 21580.0 444.0 112.0 present
3904.0 21596.0 204.0 92.0 any
4180.0 21568.0 504.0 96.0 material
4756.0 21568.0 132.0 92.0 he

2716.0 21716.0 352.0 108.0 might
3136.0 21712.0 376.0 104.0 desire,
3588.0 21712.0 436.0 112.0 adding:

2840.0 21852.0 112.0 88.0 "I
3048.0 21848.0 552.0 108.0 challenge
3700.0 21848.0 176.0 92.0 the
3968.0 21848.0 592.0 92.0 statement
4648.0 21844.0 240.0 92.0 that

2788.0 22084.0 596.0 92.0 Continued
3464.0 22084.0 176.0 88.0 On
3720.0 22088.0 284.0 100.0 Page
4076.0 22088.0 84.0 96.0 3,
4228.0 22080.0 460.0 92.0 Column
4768.0 22080.0 84.0 92.0 8.

3048.0 22512.0 536.0 384.0 FIST
3720.0 22512.0 848.0 384.0 FIGHTS

2740.0 23220.0 320.0 136.0 Flare
3152.0 23220.0 144.0 124.0 As
3400.0 23220.0 212.0 124.0 100
3708.0 23216.0 212.0 128.0 Are
4012.0 23212.0 476.0 160.0 Ejected
4588.0 23212.0 316.0 128.0 From

2860.0 23424.0 316.0 128.0 WPA
3244.0 23420.0 468.0 160.0 Project
3784.0 23416.0 840.0 164.0 Headquarters

3052.0 23628.0 448.0 124.0 Protest
3620.0 23624.0 272.0 124.0 Cuts
3996.0 23628.0 120.0 124.0 In
4232.0 23620.0 352.0 128.0 Staff.

2852.0 24132.0 256.0 92.0 New
3176.0 24128.0 332.0 108.0 York,
3580.0 24128.0 288.0 92.0 June
3936.0 24124.0 120.0 96.0 30
4188.0 24124.0 284.0 96.0 (AP)
4612.0 24120.0 296.0 96.0 More

2716.0 24300.0 272.0 92.0 than
3120.0 24300.0 160.0 92.0 100
3408.0 24296.0 508.0 92.0 sit-down
4036.0 24292.0 860.0 96.0 demonstrators

2716.0 24492.0 284.0 68.0 were
3140.0 24464.0 464.0 112.0 forcibly
3744.0 24460.0 400.0 112.0 ejected
4288.0 24460.0 288.0 92.0 from
4716.0 24460.0 184.0 92.0 the

2716.0 24636.0 388.0 96.0 Works
3284.0 24636.0 536.0 108.0 Progress
3988.0 24628.0 908.0 92.0 Administration

2720.0 24808.0 328.0 92.0 Adult
3200.0 24800.0 628.0 96.0 Education
3984.0 24796.0 440.0 116.0 Project
4524.0 24796.0 272.0 92.0 head-

2720.0 24976.0 488.0 116.0 quarters
3308.0 24968.0 500.0 116.0 building
3900.0 24968.0 416.0 112.0 tonight
4420.0 24992.0 124.0 68.0 as
4636.0 24964.0 220.0 92.0 hun-

2728.0 25144.0 320.0 96.0 dreds
3152.0 25168.0 304.0 68.0 more
3572.0 25140.0 804.0 96.0 demonstrated
4500.0 25136.0 108.0 88.0 in
4716.0 25136.0 184.0 92.0 the

2724.0 25320.0 336.0 88.0 street
3124.0 25308.0 456.0 104.0 outside.

2852.0 25484.0 340.0 92.0 Police
3268.0 25480.0 432.0 92.0 started
3780.0 25476.0 436.0 112.0 making
4292.0 25476.0 412.0 96.0 arrests
4780.0 25496.0 124.0 72.0 as

2728.0 25656.0 200.0 92.0 fist
3016.0 25648.0 332.0 116.0 fights
3448.0 25644.0 424.0 100.0 started
3960.0 25644.0 660.0 112.0 throughout
4716.0 25644.0 188.0 92.0 the

2724.0 25820.0 356.0 96.0 crowd
3172.0 25816.0 212.0 96.0 and
3484.0 25816.0 508.0 92.0 windows
4080.0 25836.0 288.0 68.0 were
4464.0 25808.0 436.0 96.0 broken.

2860.0 25988.0 212.0 92.0 The
3184.0 25984.0 536.0 116.0 ejections
3844.0 26008.0 264.0 64.0 were
4228.0 25980.0 424.0 92.0 started
4764.0 25980.0 140.0 116.0 by

2728.0 26156.0 120.0 92.0 75
2928.0 26156.0 372.0 92.0 Works
3392.0 26160.0 524.0 108.0 Progress
4000.0 26148.0 904.0 92.0 Administration

2732.0 26324.0 416.0 112.0 guards.
3320.0 26324.0 236.0 88.0 The
3668.0 26324.0 852.0 92.0 demonstrators
4628.0 26340.0 276.0 68.0 were

2732.0 26492.0 592.0 116.0 protesting
3404.0 26492.0 436.0 108.0 against
3916.0 26488.0 384.0 92.0 Works
4388.0 26488.0 516.0 108.0 Progress

2740.0 26660.0 892.0 92.0 Administration
3716.0 26660.0 268.0 92.0 staff
4048.0 26664.0 272.0 92.0 cuts.
4400.0 26652.0 324.0 96.0 11.800
4796.0 26652.0 112.0 96.0 of

2736.0 26828.0 340.0 88.0 which
3144.0 26852.0 276.0 64.0 were
3496.0 26824.0 564.0 92.0 scheduled
4132.0 26820.0 172.0 92.0 for
4368.0 26824.0 348.0 108.0 today.

2868.0 26992.0 212.0 92.0 The
3216.0 26992.0 688.0 92.0 sit-downers
4044.0 26992.0 604.0 112.0 attempted
4796.0 26992.0 112.0 92.0 to

2752.0 27160.0 412.0 92.0 forstall
3256.0 27160.0 192.0 92.0 the
3540.0 27160.0 512.0 112.0 ejections
4144.0 27160.0 140.0 112.0 by
4380.0 27156.0 492.0 92.0 barricad-

2744.0 27300.0 184.0 120.0 ing
3016.0 27300.0 648.0 88.0 themselves
3760.0 27320.0 124.0 68.0 on
3972.0 27296.0 176.0 92.0 the
4248.0 27296.0 288.0 96.0 sixth
4632.0 27296.0 280.0 92.0 floor

2740.0 27436.0 120.0 92.0 of
2972.0 27436.0 172.0 88.0 the
3260.0 27432.0 524.0 112.0 building,
3904.0 27432.0 180.0 96.0 but
4200.0 27440.0 192.0 84.0 the
4512.0 27436.0 396.0 104.0 guards

2740.0 27572.0 424.0 112.0 jumped
3272.0 27580.0 108.0 84.0 in
3488.0 27572.0 368.0 92.0 before
3952.0 27572.0 316.0 96.0 doors
4372.0 27572.0 308.0 92.0 could
4780.0 27568.0 128.0 96.0 be

2744.0 27712.0 436.0 96.0 blocked
3268.0 27712.0 276.0 92.0 with
3640.0 27712.0 560.0 96.0 furniture.

5360.0 3920.0 1440.0 464.0 SUBSIDIES

5000.0 4804.0 304.0 260.0 To
5440.0 4804.0 960.0 260.0 Restore
6536.0 4804.0 624.0 320.0 Flag.

5008.0 5524.0 776.0 264.0 Program
5968.0 5528.0 156.0 204.0 Is
6304.0 5516.0 852.0 216.0 Disclosed

5072.0 5860.0 312.0 208.0 For
5460.0 5860.0 848.0 208.0 Merchant
6388.0 5856.0 684.0 212.0 Marine.

5004.0 6432.0 828.0 200.0 Agreement
5992.0 6432.0 640.0 168.0 Reached
6784.0 6432.0 384.0 164.0 With

5236.0 6672.0 156.0 160.0 16
5468.0 6676.0 712.0 164.0 American
6256.0 6676.0 404.0 160.0 Lines
6736.0 6676.0 192.0 156.0 To

5308.0 6916.0 588.0 192.0 Operate
6028.0 6908.0 236.0 160.0 151
6404.0 6912.0 432.0 192.0 Ships.

5104.0 7412.0 176.0 96.0 BY
5384.0 7416.0 484.0 100.0 EDWIN
5964.0 7416.0 152.0 96.0 W.
6212.0 7412.0 820.0 108.0 GABLF.MAV.

4988.0 7576.0 552.0 92.0 W.nhlnjliin
5592.0 7580.0 368.0 80.0 llurrau,
6008.0 7576.0 196.0 76.0 ltlSl
6284.0 7576.0 240.0 80.0 Nt'l
6592.0 7576.0 144.0 76.0 Prr
6900.0 7576.0 248.0 88.0 BMf.

5048.0 7740.0 288.0 64.0 PtCUl
5396.0 7740.0 424.0 60.0 IMXI'ATCH
5884.0 7740.0 104.0 56.0 TO
6048.0 7736.0 176.0 64.0 THF
6292.0 7740.0 436.0 76.0 KMH'ISM.

5100.0 7856.0 744.0 116.0 Washington,
5924.0 7860.0 280.0 92.0 June
6300.0 7860.0 124.0 92.0 30
6540.0 7860.0 396.0 116.0 Joseph
7036.0 7860.0 108.0 92.0 P.

4976.0 8052.0 552.0 124.0 Kennedy,
5616.0 8060.0 584.0 96.0 Chairman
6288.0 8060.0 120.0 96.0 of
6492.0 8064.0 172.0 92.0 the
6752.0 8056.0 396.0 104.0 United

4980.0 8260.0 356.0 96.0 States
5460.0 8260.0 544.0 96.0 Maritime
6124.0 8260.0 740.0 108.0 Commission,
6992.0 8264.0 120.0 92.0 to-

4976.0 8460.0 212.0 120.0 day
5292.0 8460.0 312.0 96.0 made
5716.0 8460.0 348.0 120.0 public
6172.0 8460.0 188.0 92.0 the
6464.0 8464.0 644.0 92.0 administra-

4972.0 8660.0 316.0 96.0 tion's
5376.0 8664.0 736.0 116.0 far-reaching
6200.0 8688.0 496.0 92.0 program
6784.0 8668.0 112.0 88.0 to
6988.0 8688.0 120.0 68.0 re-

4976.0 8860.0 284.0 96.0 store
5336.0 8864.0 180.0 92.0 the
5596.0 8864.0 564.0 92.0 American
6244.0 8864.0 224.0 120.0 flag
6544.0 8868.0 100.0 88.0 to
6724.0 8864.0 128.0 92.0 Its
6924.0 8864.0 180.0 92.0 for-

4988.0 9056.0 228.0 64.0 mer
5296.0 9036.0 556.0 88.0 eminence
5936.0 9032.0 104.0 92.0 In
6128.0 9032.0 184.0 96.0 the
6404.0 9032.0 404.0 96.0 world's
6888.0 9056.0 236.0 68.0 mer-

4968.0 9204.0 328.0 92.0 chant
5368.0 9204.0 444.0 100.0 marine.

5092.0 9364.0 528.0 116.0 Kennedy
5688.0 9368.0 636.0 96.0 announced
6404.0 9372.0 172.0 88.0 the
6644.0 9372.0 460.0 88.0 commis-

4972.0 9536.0 228.0 96.0 sion
5292.0 9536.0 192.0 92.0 has
5572.0 9536.0 452.0 96.0 reached
6112.0 9544.0 676.0 104.0 agreements
6872.0 9540.0 264.0 92.0 with

4972.0 9700.0 116.0 96.0 16
5176.0 9708.0 568.0 92.0 American
5836.0 9704.0 264.0 92.0 lines
6188.0 9704.0 260.0 96.0 with
6536.0 9708.0 172.0 92.0 the
6800.0 9708.0 340.0 92.0 result

4972.0 9872.0 240.0 100.0 that
5320.0 9868.0 584.0 124.0 beginning
6008.0 9876.0 216.0 88.0 this
6332.0 9872.0 524.0 116.0 midnight
6964.0 9872.0 176.0 96.0 151

4972.0 10036.0 400.0 92.0 vessels
5440.0 10036.0 212.0 100.0 will
5724.0 10036.0 124.0 96.0 be
5916.0 10044.0 568.0 116.0 operating
6552.0 10044.0 332.0 92.0 under
6952.0 10044.0 188.0 88.0 the

4976.0 10200.0 568.0 100.0 American
5604.0 10208.0 228.0 116.0 flag
5884.0 10204.0 100.0 96.0 In
6044.0 10208.0 420.0 112.0 foreign
6520.0 10212.0 300.0 92.0 trade
6876.0 10212.0 264.0 92.0 with

4972.0 10372.0 184.0 92.0 the
5240.0 10372.0 168.0 96.0 aid
5500.0 10372.0 124.0 96.0 of
5712.0 10376.0 808.0 112.0 governmental
6608.0 10376.0 536.0 96.0 subsidies

4972.0 10540.0 340.0 92.0 under
5436.0 10540.0 344.0 92.0 terms
5900.0 10544.0 684.0 112.0 conforming
6708.0 10548.0 116.0 92.0 to
6952.0 10548.0 188.0 88.0 the

4976.0 10708.0 564.0 92.0 Merchant
5608.0 10708.0 412.0 96.0 Marine
6088.0 10712.0 200.0 92.0 Act
6356.0 10712.0 112.0 96.0 of
6532.0 10712.0 248.0 92.0 1936.
6912.0 10712.0 228.0 92.0 The

4976.0 10872.0 168.0 96.0 151
5264.0 10876.0 296.0 112.0 ships
5676.0 10876.0 532.0 112.0 comprise
6332.0 10880.0 440.0 116.0 roughly
6892.0 10904.0 212.0 68.0 one-

4972.0 11040.0 284.0 92.0 third
5344.0 11044.0 120.0 88.0 of
5548.0 11044.0 184.0 92.0 the
5820.0 11044.0 472.0 116.0 tonnage
6384.0 11048.0 440.0 108.0 eligible,
6920.0 11048.0 220.0 92.0 and

4968.0 11208.0 180.0 88.0 the
5224.0 11212.0 684.0 92.0 commission
5988.0 11212.0 88.0 88.0 is
6144.0 11236.0 244.0 64.0 now
6468.0 11216.0 672.0 112.0 negotiating

4972.0 11376.0 252.0 92.0 with
5324.0 11380.0 316.0 92.0 other
5732.0 11384.0 624.0 108.0 companies
6460.0 11388.0 160.0 88.0 for
6716.0 11380.0 424.0 92.0 similar

4964.0 11548.0 708.0 100.0 agreements.

5088.0 11712.0 220.0 92.0 The
5376.0 11720.0 680.0 104.0 agreements
6120.0 11720.0 632.0 92.0 announced
6824.0 11720.0 332.0 108.0 today

4968.0 11904.0 124.0 68.0 as
5152.0 11884.0 220.0 88.0 well
5436.0 11904.0 120.0 68.0 as
5616.0 11880.0 304.0 92.0 those
5980.0 11884.0 348.0 88.0 which
6396.0 11908.0 172.0 68.0 are
6624.0 11884.0 108.0 92.0 to
6792.0 11884.0 364.0 92.0 follow

4968.0 12072.0 184.0 64.0 are
5228.0 12044.0 320.0 92.0 based
5632.0 12072.0 128.0 68.0 on
5840.0 12056.0 572.0 108.0 operating
6484.0 12048.0 668.0 96.0 differential

4968.0 12212.0 528.0 96.0 subsidies
5604.0 12212.0 508.0 116.0 designed
6224.0 12220.0 116.0 88.0 to
6444.0 12240.0 416.0 68.0 remove
6968.0 12216.0 188.0 88.0 the

4968.0 12380.0 688.0 112.0 competitive
5736.0 12380.0 536.0 112.0 handicap
6348.0 12380.0 112.0 92.0 of
6532.0 12380.0 316.0 96.0 lower
6916.0 12388.0 240.0 88.0 cost

4968.0 12548.0 560.0 112.0 operation
5592.0 12548.0 120.0 96.0 of
5772.0 12548.0 416.0 112.0 foreign
6256.0 12552.0 424.0 92.0 vessels.
6804.0 12552.0 348.0 88.0 While

4968.0 12716.0 184.0 92.0 the
5244.0 12716.0 272.0 96.0 total
5616.0 12720.0 496.0 88.0 estimate
6212.0 12716.0 120.0 92.0 of
6420.0 12716.0 524.0 92.0 subsidies
7044.0 12720.0 112.0 88.0 to

4968.0 12880.0 128.0 92.0 be
5192.0 12880.0 508.0 116.0 provided
5796.0 12884.0 392.0 112.0 during
6280.0 12884.0 180.0 92.0 the
6548.0 12884.0 608.0 112.0 remaining

4972.0 13048.0 164.0 92.0 six
5244.0 13052.0 436.0 92.0 months
5792.0 13048.0 112.0 96.0 of
6008.0 13052.0 224.0 92.0 this
6344.0 13072.0 252.0 92.0 year
6704.0 13052.0 88.0 92.0 is
6904.0 13052.0 252.0 112.0 only

4972.0 13208.0 560.0 120.0 $4,600,000,
5656.0 13212.0 524.0 116.0 Kennedy
6304.0 13216.0 476.0 92.0 revealed
6908.0 13220.0 248.0 92.0 that

4968.0 13384.0 188.0 92.0 the
5224.0 13380.0 688.0 96.0 commission
5984.0 13380.0 196.0 96.0 has
6260.0 13380.0 512.0 92.0 available
6852.0 13408.0 300.0 64.0 more

4968.0 13548.0 264.0 92.0 than
5328.0 13548.0 656.0 108.0 $200,000,000
6072.0 13552.0 112.0 92.0 to
6280.0 13548.0 128.0 92.0 be
6500.0 13548.0 440.0 92.0 devoted
7044.0 13556.0 108.0 84.0 to

4968.0 13720.0 260.0 88.0 such
5316.0 13740.0 520.0 92.0 purposes
5920.0 13716.0 104.0 92.0 in
6112.0 13716.0 188.0 92.0 the
6384.0 13716.0 380.0 96.0 future.

5160.0 13912.0 824.0 100.0 CONTRACTS
6064.0 13916.0 296.0 92.0 ARE
6440.0 13916.0 520.0 96.0 ENDED.

5092.0 14116.0 136.0 92.0 At
5352.0 14120.0 188.0 92.0 the
5664.0 14116.0 620.0 92.0 conclusion
6412.0 14116.0 112.0 92.0 of
6640.0 14120.0 180.0 88.0 the
6952.0 14116.0 164.0 92.0 six-

4976.0 14284.0 368.0 92.0 month
5464.0 14288.0 252.0 92.0 trial
5828.0 14288.0 396.0 112.0 period,
6344.0 14284.0 512.0 120.0 Kennedy
6972.0 14308.0 140.0 68.0 an-

4972.0 14452.0 480.0 92.0 nounced
5560.0 14452.0 184.0 92.0 the
5844.0 14452.0 688.0 92.0 commission
6632.0 14448.0 308.0 116.0 plans
7048.0 14452.0 104.0 88.0 to

4972.0 14620.0 540.0 112.0 negotiate
5708.0 14620.0 576.0 112.0 long-term
6472.0 14620.0 684.0 108.0 agreements

4972.0 14788.0 344.0 92.0 which
5388.0 14784.0 216.0 92.0 will
5684.0 14784.0 428.0 116.0 provide
6192.0 14784.0 172.0 92.0 for
6436.0 14784.0 176.0 92.0 the
6684.0 14784.0 432.0 116.0 replace-

4972.0 14956.0 292.0 92.0 ment
5352.0 14952.0 116.0 92.0 of
5560.0 14952.0 140.0 92.0 all
5792.0 14952.0 404.0 92.0 vessels
6292.0 14972.0 248.0 72.0 over
6628.0 14948.0 112.0 96.0 15
6832.0 14972.0 320.0 92.0 years

4968.0 15112.0 196.0 96.0 old.

5088.0 15284.0 908.0 112.0 Simultaneously
6168.0 15280.0 264.0 92.0 with
6604.0 15280.0 180.0 92.0 the
6968.0 15304.0 140.0 68.0 an-

4972.0 15452.0 720.0 92.0 nouncement
5748.0 15448.0 120.0 100.0 of
5924.0 15452.0 316.0 112.0 plans
6308.0 15448.0 168.0 96.0 for
6536.0 15448.0 176.0 96.0 the
6776.0 15448.0 376.0 96.0 future

4968.0 15616.0 524.0 124.0 Kennedy
5600.0 15616.0 308.0 92.0 made
6008.0 15612.0 364.0 120.0 public
6476.0 15616.0 172.0 96.0 the
6752.0 15616.0 400.0 92.0 results

4968.0 15784.0 120.0 96.0 of
5140.0 15784.0 180.0 92.0 the
5380.0 15780.0 780.0 96.0 commission's
6224.0 15780.0 384.0 96.0 efforts
6660.0 15780.0 116.0 96.0 to
6832.0 15780.0 320.0 92.0 settle

4972.0 15952.0 368.0 92.0 claims
5448.0 15952.0 416.0 120.0 arising
5960.0 15952.0 188.0 92.0 out
6252.0 15952.0 120.0 92.0 of
6460.0 15972.0 324.0 68.0 ocean
6896.0 15948.0 256.0 92.0 mail

4972.0 16124.0 548.0 88.0 contracts
5576.0 16120.0 340.0 88.0 which
5976.0 16140.0 280.0 72.0 were
6316.0 16112.0 640.0 96.0 terminated
7024.0 16116.0 136.0 112.0 by

4972.0 16288.0 172.0 88.0 act
5228.0 16288.0 108.0 92.0 of
5420.0 16284.0 528.0 112.0 Congress
6032.0 16308.0 120.0 68.0 as
6236.0 16284.0 116.0 92.0 of
6428.0 16284.0 344.0 112.0 today.

5108.0 16448.0 276.0 92.0 "The
5472.0 16444.0 780.0 108.0 commission,"
6340.0 16448.0 176.0 92.0 he.
6548.0 16444.0 256.0 108.0 said,
6892.0 16440.0 260.0 96.0 "has

4992.0 16620.0 464.0 92.0 effected
5572.0 16620.0 600.0 88.0 settlement
6300.0 16616.0 244.0 92.0 with
6656.0 16616.0 112.0 92.0 2S
6876.0 16640.0 236.0 68.0 com-

5000.0 16792.0 396.0 108.0 panies,
5516.0 16788.0 428.0 108.0 holding
6060.0 16788.0 116.0 88.0 32
6292.0 16788.0 112.0 88.0 of
6508.0 16788.0 108.0 92.0 43
6732.0 16788.0 420.0 108.0 foreign

4992.0 16984.0 324.0 64.0 ocean
5412.0 16956.0 252.0 92.0 mail
5756.0 16964.0 572.0 84.0 contracts.
6480.0 16956.0 212.0 92.0 The
6784.0 16980.0 332.0 92.0 aggre-

4992.0 17132.0 244.0 108.0 gate
5308.0 17128.0 384.0 92.0 claims
5772.0 17128.0 304.0 88.0 made
6156.0 17128.0 420.0 108.0 against
6652.0 17128.0 180.0 92.0 the
6912.0 17152.0 208.0 88.0 gov-

4992.0 17300.0 492.0 84.0 ernment
5592.0 17292.0 132.0 120.0 by
5828.0 17296.0 176.0 92.0 the
6112.0 17296.0 424.0 92.0 holders
6632.0 17300.0 116.0 92.0 of
6852.0 17296.0 308.0 88.0 these

4980.0 17472.0 580.0 100.0 contracts,
5724.0 17468.0 816.0 112.0 approximated
6700.0 17464.0 420.0 108.0 $73,000,-

4988.0 17632.0 200.0 96.0 000.
5304.0 17632.0 348.0 96.0 These
5704.0 17632.0 372.0 96.0 claims
6128.0 17636.0 276.0 88.0 have
6456.0 17632.0 256.0 96.0 been
6764.0 17632.0 392.0 96.0 settled

4992.0 17804.0 112.0 88.0 at
5172.0 17828.0 64.0 64.0 a
5304.0 17812.0 184.0 84.0 net
5548.0 17808.0 224.0 84.0 cost
5844.0 17804.0 112.0 88.0 to
6020.0 17804.0 188.0 92.0 the
6280.0 17808.0 700.0 104.0 government
7048.0 17808.0 116.0 88.0 of

4988.0 17968.0 208.0 92.0 less
5276.0 17972.0 272.0 88.0 than
5636.0 17968.0 464.0 108.0 $750,000.
6248.0 17972.0 220.0 96.0 The
6544.0 17972.0 384.0 100.0 claims
7016.0 17968.0 100.0 96.0 In-

4992.0 18136.0 560.0 96.0 volvethe
5628.0 18140.0 440.0 96.0 balance
6148.0 18144.0 116.0 96.0 of
6336.0 18140.0 172.0 96.0 the
6588.0 18144.0 568.0 112.0 payments

5044.0 18372.0 604.0 96.0 Continued
5728.0 18380.0 160.0 88.0 On
5964.0 18384.0 300.0 104.0 Page
6340.0 18388.0 84.0 96.0 S,
6488.0 18380.0 452.0 92.0 Column
7024.0 18388.0 84.0 88.0 S.

5240.0 18816.0 1640.0 384.0 MOTORCYCLE

4992.0 19532.0 752.0 216.0 Collides
5912.0 19532.0 512.0 212.0 With
6596.0 19540.0 560.0 216.0 Auto.

5008.0 20120.0 252.0 128.0 Two
5348.0 20120.0 380.0 128.0 Hitlers
5804.0 20120.0 208.0 124.0 Are
6092.0 20120.0 520.0 168.0 Severely
6696.0 20124.0 460.0 156.0 Injured

5364.0 20320.0 396.0 132.0 Driver
5812.0 20320.0 140.0 120.0 Of
6004.0 20332.0 248.0 132.0 Car,
6304.0 20324.0 320.0 140.0 Wife.
6684.0 20328.0 244.0 128.0 And

5432.0 20524.0 304.0 132.0 Bahv
5804.0 20520.0 252.0 124.0 Also
6132.0 20528.0 204.0 124.0 Are
6408.0 20528.0 308.0 124.0 Hurl.

5128.0 21032.0 252.0 96.0 Two
5476.0 21036.0 648.0 116.0 motorcycle
6224.0 21028.0 328.0 92.0 riders
6640.0 21048.0 280.0 68.0 were
7020.0 21032.0 92.0 84.0 in-

5016.0 21208.0 296.0 112.0 jured
5412.0 21200.0 480.0 120.0 severely
5980.0 21204.0 100.0 92.0 in
6188.0 21228.0 60.0 64.0 a
6340.0 21196.0 468.0 100.0 collision
6908.0 21196.0 252.0 88.0 with

5016.0 21400.0 132.0 68.0 an
5232.0 21368.0 648.0 100.0 automobile
5964.0 21376.0 112.0 88.0 at
6160.0 21368.0 364.0 96.0 Wider
6604.0 21368.0 208.0 92.0 and
6908.0 21364.0 252.0 92.0 Blue

5020.0 21544.0 300.0 92.0 Rock
5396.0 21544.0 408.0 92.0 Streets
5884.0 21540.0 208.0 92.0 last
6176.0 21540.0 324.0 108.0 night.
6584.0 21536.0 348.0 92.0 Three
7012.0 21560.0 116.0 68.0 oc-

5016.0 21716.0 456.0 108.0 cupants
5540.0 21712.0 116.0 92.0 of
5720.0 21712.0 176.0 92.0 the
5968.0 21708.0 636.0 92.0 automobile
6684.0 21704.0 480.0 96.0 received

5020.0 21884.0 200.0 92.0 less
5292.0 21880.0 416.0 96.0 serious
5788.0 21876.0 472.0 116.0 injuries.

5136.0 22048.0 460.0 96.0 Clifford
5676.0 22048.0 360.0 108.0 Riede,
6108.0 22044.0 116.0 92.0 24
6288.0 22068.0 304.0 92.0 years
6660.0 22044.0 208.0 104.0 old.
6944.0 22040.0 232.0 92.0 1607

5016.0 22216.0 284.0 96.0 Carll
5424.0 22216.0 380.0 104.0 Street,
5924.0 22216.0 484.0 92.0 received
6524.0 22240.0 64.0 64.0 a
6708.0 22212.0 464.0 116.0 possible

5020.0 22384.0 276.0 96.0 skull
5392.0 22388.0 508.0 120.0 fracture,
6000.0 22384.0 592.0 116.0 compound
6692.0 22384.0 480.0 92.0 fracture

5020.0 22552.0 112.0 92.0 of
5220.0 22552.0 180.0 96.0 the
5496.0 22552.0 196.0 92.0 left
5780.0 22576.0 264.0 92.0 arm,
6136.0 22552.0 212.0 96.0 and
6436.0 22548.0 232.0 96.0 cuts
6760.0 22572.0 140.0 68.0 on
6996.0 22548.0 176.0 92.0 the

5020.0 22720.0 272.0 92.0 head
5388.0 22724.0 220.0 92.0 and
5700.0 22720.0 304.0 96.0 back.
6096.0 22716.0 400.0 112.0 Joseph
6584.0 22716.0 360.0 124.0 Klein,
7036.0 22716.0 140.0 116.0 22,

5012.0 22912.0 300.0 68.0 same
5400.0 22888.0 476.0 112.0 address,
5956.0 22896.0 248.0 92.0 who
6288.0 22916.0 216.0 68.0 was
6592.0 22888.0 368.0 116.0 riding
7040.0 22916.0 136.0 68.0 on

5016.0 23056.0 180.0 96.0 the
5284.0 23060.0 648.0 116.0 motorcycle
6020.0 23060.0 268.0 92.0 with
6368.0 23052.0 332.0 96.0 Riede
6792.0 23060.0 120.0 88.0 at
6996.0 23060.0 180.0 96.0 the

5016.0 23228.0 508.0 108.0 controls,
5580.0 23228.0 484.0 96.0 suffered
6124.0 23248.0 64.0 68.0 a
6244.0 23228.0 596.0 112.0 compound
6904.0 23228.0 236.0 92.0 frac-

5016.0 23396.0 240.0 92.0 ture
5320.0 23396.0 124.0 92.0 of
5504.0 23396.0 184.0 92.0 the
5752.0 23396.0 196.0 96.0 left
6016.0 23396.0 200.0 112.0 leg.

5124.0 23556.0 372.0 100.0 Elmer
5568.0 23564.0 432.0 116.0 Mullen,
6072.0 23564.0 152.0 124.0 18,
6296.0 23564.0 216.0 92.0 Box
6588.0 23560.0 140.0 112.0 22,
6816.0 23564.0 352.0 96.0 Salem

5004.0 23724.0 296.0 116.0 Pike,
5380.0 23728.0 360.0 100.0 driver
5812.0 23736.0 116.0 88.0 of
6000.0 23732.0 188.0 96.0 the
6260.0 23732.0 676.0 108.0 automobile,
7020.0 23756.0 108.0 72.0 re-

4996.0 23892.0 364.0 92.0 ceived
5444.0 23920.0 68.0 68.0 a
5592.0 23900.0 184.0 92.0 cut
5860.0 23896.0 200.0 100.0 left
6148.0 23896.0 312.0 96.0 hand.
6600.0 23896.0 204.0 92.0 His
6892.0 23900.0 280.0 108.0 wife,

5004.0 24060.0 252.0 96.0 Mrs.
5336.0 24060.0 284.0 96.0 Rose
5704.0 24064.0 436.0 112.0 Mullen,
6216.0 24088.0 216.0 72.0 was
6508.0 24076.0 176.0 84.0 cut
6768.0 24088.0 140.0 68.0 on
6992.0 24072.0 172.0 88.0 the

5004.0 24232.0 236.0 92.0 face
5308.0 24232.0 216.0 92.0 and
5592.0 24256.0 252.0 68.0 over
5904.0 24236.0 188.0 92.0 the
6156.0 24236.0 280.0 108.0 right
6500.0 24256.0 216.0 92.0 eye.
6844.0 24232.0 328.0 96.0 Their

5004.0 24396.0 932.0 108.0 eight-month-old
6016.0 24404.0 556.0 112.0 daughter,
6640.0 24400.0 528.0 124.0 Caroline,

5004.0 24584.0 216.0 72.0 was
5288.0 24560.0 468.0 100.0 bruised.

5112.0 24724.0 224.0 100.0 The
5412.0 24732.0 416.0 112.0 Injured
5896.0 24728.0 220.0 100.0 had
6184.0 24732.0 216.0 116.0 Just
6464.0 24732.0 260.0 92.0 been
6796.0 24732.0 368.0 116.0 placed

5012.0 24896.0 100.0 92.0 in
5216.0 24924.0 68.0 72.0 a
5380.0 24900.0 336.0 108.0 police
5816.0 24924.0 188.0 72.0 car
6096.0 24904.0 308.0 92.0 when
6500.0 24904.0 180.0 92.0 the
6780.0 24912.0 348.0 84.0 motor-

5000.0 25068.0 288.0 108.0 cycle
5380.0 25060.0 308.0 100.0 burst
5780.0 25068.0 228.0 104.0 Into
6104.0 25068.0 408.0 96.0 flames.
6664.0 25068.0 500.0 96.0 Firemen

5004.0 25232.0 752.0 112.0 extinguished
5832.0 25236.0 188.0 92.0 the
6108.0 25236.0 316.0 96.0 blaze.
6568.0 25236.0 368.0 96.0 Police
7016.0 25264.0 112.0 68.0 re-

5004.0 25400.0 380.0 92.0 moved
5480.0 25404.0 140.0 92.0 all
5708.0 25404.0 112.0 92.0 of
5896.0 25404.0 192.0 92.0 the
6172.0 25404.0 412.0 112.0 injured
6672.0 25404.0 116.0 96.0 to
6872.0 25408.0 292.0 92.0 Good

5008.0 25564.0 616.0 96.0 Samaritan
5692.0 25564.0 532.0 120.0 Hospital.

5116.0 25732.0 224.0 92.0 The
5416.0 25736.0 648.0 112.0 motorcycle
6140.0 25732.0 208.0 100.0 and
6428.0 25736.0 496.0 96.0 Mullen's
6996.0 25764.0 136.0 68.0 au-

5008.0 25900.0 504.0 92.0 tomobile
5608.0 25924.0 272.0 72.0 were
5972.0 25904.0 640.0 116.0 proceeding
6700.0 25916.0 272.0 84.0 west
7060.0 25908.0 112.0 92.0 of

5000.0 26068.0 264.0 96.0 Blue
5320.0 26068.0 308.0 92.0 Rock
5684.0 26068.0 348.0 96.0 Street
6088.0 26072.0 300.0 92.0 when
6444.0 26076.0 176.0 92.0 the
6680.0 26076.0 480.0 100.0 collision

5004.0 26240.0 544.0 88.0 occurred.

5152.0 26536.0 416.0 120.0 BANK
5652.0 26536.0 572.0 124.0 ROBBED
6300.0 26540.0 168.0 120.0 OF
6540.0 26540.0 488.0 144.0 $3,000.

5132.0 26732.0 428.0 92.0 Kansas
5636.0 26732.0 260.0 116.0 City,
5976.0 26736.0 236.0 112.0 Mo.,
6280.0 26740.0 268.0 92.0 June
6624.0 26740.0 120.0 96.0 30
6884.0 26736.0 272.0 100.0 (APl

5020.0 26900.0 236.0 88.0 -In
5336.0 26896.0 428.0 92.0 Kansas
5840.0 26896.0 240.0 116.0 City
6124.0 26924.0 52.0 64.0 a
6252.0 26912.0 236.0 84.0 fust
6568.0 26900.0 296.0 96.0 bank
6948.0 26908.0 184.0 88.0 rob-

5016.0 27060.0 252.0 112.0 bery
5356.0 27060.0 108.0 96.0 in
5560.0 27084.0 284.0 80.0 more
5932.0 27064.0 272.0 88.0 than
6296.0 27064.0 236.0 92.0 four
6612.0 27092.0 324.0 88.0 years
7024.0 27072.0 108.0 88.0 to-

5012.0 27224.0 208.0 112.0 day
5284.0 27224.0 304.0 96.0 three
5656.0 27248.0 236.0 68.0 men
5964.0 27224.0 248.0 92.0 held
6280.0 27248.0 136.0 88.0 up
6480.0 27228.0 180.0 92.0 the
6728.0 27228.0 400.0 96.0 Univer-

5016.0 27384.0 208.0 112.0 sity
5308.0 27384.0 308.0 92.0 Bank
5704.0 27384.0 100.0 92.0 in
5896.0 27392.0 188.0 88.0 the
6172.0 27392.0 504.0 92.0 southern
6764.0 27396.0 408.0 92.0 section

5020.0 27556.0 248.0 88.0 with
5368.0 27584.0 64.0 68.0 a
5524.0 27556.0 492.0 88.0 machine
6112.0 27580.0 208.0 88.0 gun
6408.0 27560.0 208.0 92.0 and
6712.0 27560.0 448.0 116.0 escaped

5020.0 27720.0 252.0 92.0 with
5344.0 27720.0 372.0 116.0 nearly
5788.0 27716.0 356.0 112.0 $3,000.

7612.0 4140.0 692.0 216.0 Lewis's
8380.0 4148.0 684.0 216.0 Brother

8360.0 8900.0 600.0 76.0 International
9024.0 8908.0 280.0 72.0 New..

7348.0 9028.0 148.0 124.0 A.
7552.0 9024.0 148.0 132.0 D.
7748.0 9024.0 420.0 144.0 Lewis,
8240.0 9076.0 540.0 104.0 younger
8832.0 9028.0 500.0 128.0 brother

7356.0 9200.0 128.0 124.0 of
7580.0 9196.0 328.0 156.0 John
8012.0 9196.0 124.0 128.0 L.
8252.0 9200.0 412.0 144.0 Lewis,
8776.0 9196.0 308.0 132.0 head
9196.0 9200.0 140.0 128.0 of

7356.0 9368.0 192.0 128.0 the
7604.0 9372.0 744.0 124.0 Committee
8420.0 9372.0 224.0 128.0 For
8712.0 9364.0 624.0 132.0 Industrial

7348.0 9540.0 904.0 152.0 Organization,
8336.0 9544.0 220.0 124.0 has
8624.0 9540.0 472.0 156.0 opened
9176.0 9596.0 156.0 72.0 an

7352.0 9712.0 360.0 124.0 office
7800.0 9724.0 112.0 116.0 in
8004.0 9712.0 832.0 152.0 Washington,
8928.0 9712.0 408.0 128.0 where

7356.0 9880.0 140.0 128.0 he
7616.0 9896.0 92.0 112.0 is
7816.0 9900.0 656.0 136.0 preparing
8592.0 9916.0 124.0 92.0 to
8832.0 9884.0 308.0 128.0 form

7356.0 10060.0 360.0 120.0 union
7820.0 10056.0 132.0 128.0 of
8048.0 10084.0 340.0 112.0 state,
8500.0 10088.0 472.0 120.0 county,
9080.0 10056.0 252.0 128.0 and

7352.0 10220.0 652.0 160.0 municipal
8180.0 10224.0 704.0 156.0 employees
9060.0 10240.0 216.0 112.0 esti-

7352.0 10392.0 408.0 128.0 mated
7936.0 10424.0 128.0 92.0 to
8236.0 10396.0 516.0 128.0 number
8920.0 10396.0 416.0 156.0 nearly

7672.0 10564.0 708.0 140.0 2,000,000
8468.0 10616.0 524.0 100.0 persons.

7616.0 11040.0 1440.0 376.0 COMMITTEE

7264.0 11816.0 568.0 260.0 Asks
7948.0 11816.0 444.0 260.0 For
8504.0 11820.0 928.0 320.0 Figures

7272.0 12540.0 212.0 200.0 On
7616.0 12532.0 800.0 268.0 riayfield
8552.0 12540.0 864.0 264.0 Operation

7444.0 12876.0 224.0 196.0 On
7760.0 12868.0 832.0 208.0 Curtailed
8688.0 12872.0 528.0 212.0 Basis.

7272.0 13480.0 304.0 192.0 City
7704.0 13476.0 640.0 164.0 Officials
8472.0 13480.0 568.0 196.0 Angling
9172.0 13484.0 268.0 156.0 For

7388.0 13720.0 480.0 156.0 Means
7944.0 13720.0 188.0 156.0 To
8212.0 13720.0 380.0 196.0 Keep
8664.0 13720.0 620.0 160.0 Grounds

7676.0 13952.0 384.0 196.0 Open
8180.0 13956.0 388.0 160.0 Until
8680.0 13952.0 324.0 164.0 Fall.

7384.0 14456.0 88.0 92.0 A
7544.0 14456.0 248.0 116.0 plan
7860.0 14456.0 108.0 92.0 to
8036.0 14460.0 268.0 116.0 keep
8376.0 14460.0 712.0 116.0 playgrounds
9160.0 14484.0 272.0 88.0 open

7272.0 14624.0 264.0 92.0 until
7592.0 14624.0 196.0 96.0 fall
7844.0 14624.0 88.0 92.0 is
7992.0 14628.0 108.0 88.0 to
8152.0 14624.0 128.0 92.0 be
8336.0 14624.0 424.0 100.0 worked
8816.0 14628.0 176.0 92.0 out
9056.0 14628.0 136.0 120.0 by
9248.0 14632.0 188.0 88.0 the

7272.0 14788.0 364.0 96.0 Public
7712.0 14792.0 652.0 92.0 Recreation
8432.0 14792.0 704.0 96.0 Commission
9216.0 14796.0 212.0 92.0 and

7264.0 14952.0 528.0 108.0 Council's
7872.0 14960.0 476.0 96.0 Finance
8424.0 14960.0 656.0 112.0 Committee,
9156.0 14988.0 276.0 68.0 even

7264.0 15124.0 88.0 96.0 if
7436.0 15156.0 68.0 72.0 a
7600.0 15128.0 216.0 92.0 few
7904.0 15128.0 728.0 116.0 playgrounds
8728.0 15128.0 260.0 96.0 have
9092.0 15136.0 108.0 88.0 to
9304.0 15128.0 124.0 96.0 be

7264.0 15296.0 348.0 92.0 closed
7692.0 15296.0 216.0 92.0 late
7984.0 15296.0 216.0 92.0 this
8272.0 15300.0 404.0 92.0 month.

7380.0 15460.0 256.0 96.0 This
7700.0 15464.0 624.0 96.0 conclusion
8396.0 15488.0 224.0 72.0 was
8684.0 15464.0 448.0 96.0 reached
9208.0 15464.0 220.0 96.0 late

7260.0 15632.0 572.0 116.0 yesterday
7932.0 15632.0 284.0 92.0 after
8316.0 15656.0 68.0 68.0 a
8484.0 15632.0 424.0 120.0 lengthy
9004.0 15636.0 388.0 92.0 confer-

7264.0 15824.0 252.0 72.0 ence
7596.0 15800.0 112.0 92.0 at
7784.0 15796.0 244.0 116.0 City
8100.0 15800.0 280.0 96.0 Hall.
8524.0 15800.0 216.0 96.0 The
8808.0 15804.0 620.0 96.0 committee

7264.0 15968.0 328.0 92.0 asked
7696.0 15968.0 184.0 92.0 the
7980.0 15968.0 688.0 96.0 commission
8764.0 15972.0 104.0 92.0 to
8968.0 15996.0 460.0 92.0 prepare

7268.0 16156.0 132.0 72.0 an
7488.0 16140.0 504.0 88.0 estimate
8076.0 16144.0 116.0 92.0 of
8280.0 16136.0 184.0 96.0 the
8556.0 16140.0 548.0 92.0 minimum
9192.0 16148.0 236.0 88.0 cost

7268.0 16308.0 112.0 92.0 of
7440.0 16308.0 568.0 112.0 operating
8076.0 16304.0 716.0 120.0 playgrounds
8860.0 16332.0 132.0 68.0 on
9060.0 16332.0 64.0 68.0 a
9196.0 16332.0 196.0 72.0 cur-

7272.0 16472.0 316.0 96.0 tailed
7672.0 16472.0 312.0 92.0 basis.

7388.0 16640.0 364.0 92.0 Funds
7828.0 16668.0 180.0 64.0 are
8080.0 16668.0 240.0 68.0 now
8392.0 16644.0 508.0 92.0 available
8972.0 16648.0 112.0 88.0 to
9156.0 16644.0 272.0 116.0 keep

7272.0 16808.0 720.0 116.0 playgrounds
8096.0 16816.0 328.0 116.0 going
8528.0 16816.0 256.0 88.0 until
8892.0 16812.0 208.0 96.0 late
9212.0 16816.0 220.0 92.0 this

7272.0 16980.0 396.0 104.0 month,
7724.0 16980.0 180.0 88.0 the
7960.0 16980.0 196.0 92.0 end
8220.0 16980.0 116.0 92.0 of
8380.0 17004.0 140.0 68.0 an
8572.0 16980.0 628.0 116.0 eight-week
9264.0 17008.0 124.0 88.0 pe-

7272.0 17144.0 220.0 92.0 riod
7644.0 17148.0 340.0 88.0 which
8136.0 17144.0 348.0 112.0 began
8628.0 17152.0 292.0 84.0 when
9076.0 17148.0 356.0 116.0 public

7268.0 17316.0 416.0 92.0 schools
7832.0 17316.0 384.0 96.0 closed.
8376.0 17316.0 216.0 92.0 The
8736.0 17320.0 692.0 88.0 commission

7276.0 17484.0 316.0 88.0 needs
7712.0 17512.0 136.0 68.0 an
7968.0 17492.0 308.0 84.0 extra
8396.0 17484.0 796.0 116.0 appropriation
9324.0 17492.0 108.0 88.0 to

7272.0 17652.0 264.0 116.0 keep
7608.0 17652.0 724.0 112.0 playgrounds
8404.0 17652.0 100.0 96.0 In
8572.0 17652.0 548.0 116.0 operation
9192.0 17656.0 204.0 88.0 dur-

7272.0 17820.0 176.0 116.0 ing
7532.0 17824.0 180.0 88.0 the
7792.0 17844.0 320.0 68.0 seven
8192.0 17828.0 356.0 92.0 weeks
8624.0 17824.0 260.0 96.0 until
8968.0 17820.0 188.0 96.0 the
9244.0 17820.0 188.0 92.0 fall

7272.0 17992.0 364.0 96.0 school
7716.0 17996.0 268.0 88.0 term
8072.0 17992.0 400.0 112.0 begins.

7372.0 18164.0 252.0 92.0 Max
7676.0 18168.0 428.0 100.0 Hirsc.h,
8164.0 18168.0 548.0 96.0 President
8772.0 18172.0 108.0 88.0 of
8920.0 18172.0 176.0 88.0 the
9140.0 18192.0 240.0 64.0 com-

7260.0 18332.0 472.0 108.0 mission,
7816.0 18336.0 224.0 88.0 said
8124.0 18336.0 80.0 88.0 it
8284.0 18336.0 340.0 88.0 would
8708.0 18332.0 244.0 108.0 take
9036.0 18332.0 388.0 100.0 $33,000

7260.0 18500.0 104.0 92.0 to
7416.0 18528.0 316.0 64.0 cover
7788.0 18508.0 180.0 84.0 the
8020.0 18524.0 320.0 68.0 seven
8404.0 18500.0 372.0 96.0 weeks.

7380.0 18668.0 376.0 112.0 Mayor
7828.0 18672.0 420.0 88.0 Russell
8332.0 18668.0 388.0 92.0 Wilson
8788.0 18672.0 204.0 88.0 and
9076.0 18668.0 300.0 92.0 Coun-

7256.0 18836.0 388.0 100.0 cilman
7716.0 18836.0 340.0 96.0 Willis
8128.0 18840.0 120.0 88.0 D.
8324.0 18840.0 548.0 100.0 Gradison,
8940.0 18840.0 480.0 88.0 Finance

7256.0 19008.0 636.0 88.0 Committee
8056.0 19004.0 612.0 108.0 Chairman,
8828.0 19004.0 592.0 92.0 warned

7260.0 19176.0 432.0 92.0 Hirsch:
7812.0 19176.0 732.0 100.0 "Remember,
8608.0 19176.0 344.0 112.0 you're
9024.0 19172.0 396.0 112.0 asking

7260.0 19364.0 120.0 68.0 us
7444.0 19344.0 112.0 88.0 to
7620.0 19340.0 252.0 92.0 take
7940.0 19364.0 388.0 96.0 money
8396.0 19340.0 272.0 88.0 from
8732.0 19336.0 392.0 96.0 relief."

7372.0 19516.0 696.0 92.0 Councilman
8136.0 19512.0 376.0 100.0 James
8576.0 19516.0 116.0 88.0 R.
8756.0 19508.0 356.0 104.0 Clark,
9180.0 19512.0 244.0 88.0 who

7260.0 19680.0 520.0 116.0 presided,
7880.0 19680.0 332.0 92.0 asked
8320.0 19680.0 388.0 92.0 Hirsch
8808.0 19680.0 84.0 88.0 if
8992.0 19680.0 140.0 88.0 all
9236.0 19680.0 184.0 88.0 the

7256.0 19852.0 724.0 112.0 playgrounds
8064.0 19848.0 312.0 92.0 could
8460.0 19852.0 124.0 88.0 be
8660.0 19848.0 504.0 112.0 operated
9252.0 19844.0 172.0 92.0 for

7252.0 20020.0 180.0 92.0 the
7508.0 20020.0 668.0 96.0 seven-week
8256.0 20016.0 392.0 116.0 period,
8720.0 20020.0 80.0 92.0 If
8872.0 20016.0 180.0 96.0 the
9132.0 20036.0 248.0 92.0 pres

7248.0 20192.0 184.0 84.0 ent
7492.0 20212.0 208.0 88.0 pay
7760.0 20188.0 192.0 92.0 roll
8008.0 20212.0 224.0 68.0 was
8284.0 20188.0 176.0 92.0 cut
8524.0 20188.0 328.0 92.0 down.
8968.0 20184.0 168.0 92.0 He
9184.0 20208.0 200.0 88.0 sug-

7248.0 20356.0 368.0 104.0 gested
7692.0 20356.0 676.0 92.0 elimination
8440.0 20360.0 116.0 88.0 of
8616.0 20356.0 316.0 112.0 piano
9004.0 20372.0 372.0 72.0 accom

7256.0 20520.0 448.0 116.0 panists,
7776.0 20524.0 528.0 96.0 assistant
8380.0 20528.0 244.0 108.0 play
8692.0 20524.0 436.0 96.0 leaders,
9212.0 20528.0 208.0 88.0 and

7252.0 20684.0 612.0 124.0 swimming
7948.0 20692.0 672.0 92.0 Instructors.
8764.0 20688.0 292.0 96.0 More
9156.0 20688.0 264.0 92.0 than

7256.0 20840.0 388.0 112.0 $11,000
7696.0 20856.0 256.0 88.0 thus
8008.0 20856.0 312.0 92.0 could
8388.0 20856.0 120.0 88.0 be
8568.0 20856.0 344.0 104.0 saved,
8968.0 20856.0 136.0 88.0 he
9164.0 20852.0 268.0 92.0 said.

7372.0 21012.0 372.0 108.0 Mayor
7808.0 21024.0 400.0 88.0 Wilson
8280.0 21028.0 228.0 88.0 said
8576.0 21028.0 280.0 108.0 pools
8920.0 21024.0 312.0 88.0 could
9300.0 21020.0 124.0 92.0 be

7264.0 21180.0 496.0 112.0 operated
7884.0 21188.0 200.0 88.0 and
8212.0 21192.0 584.0 108.0 lifeguards
8916.0 21192.0 260.0 108.0 kept
9296.0 21216.0 128.0 64.0 on

7260.0 21348.0 288.0 112.0 duty,
7604.0 21352.0 184.0 88.0 hut
7856.0 21352.0 268.0 100.0 that,
8196.0 21352.0 100.0 96.0 In
8368.0 21364.0 264.0 84.0 view
8688.0 21364.0 108.0 88.0 of
8860.0 21364.0 184.0 84.0 the
9116.0 21360.0 312.0 92.0 relief

7336.0 21584.0 596.0 92.0 Continued
8008.0 21588.0 156.0 88.0 On
8252.0 21584.0 288.0 108.0 I'uge
8612.0 21592.0 76.0 100.0 3,
8760.0 21584.0 452.0 92.0 Column
9296.0 21588.0 76.0 88.0 7.

7600.0 22024.0 536.0 376.0 RAIL
8264.0 22024.0 832.0 376.0 WRECK

7300.0 22740.0 268.0 128.0 Kills
7648.0 22740.0 256.0 124.0 Two
7984.0 22740.0 116.0 124.0 In
8180.0 22736.0 308.0 120.0 West
8564.0 22732.0 480.0 164.0 Virginia
9128.0 22736.0 320.0 124.0 After

7440.0 22944.0 448.0 164.0 Setting
7956.0 22940.0 376.0 128.0 House
8396.0 22936.0 300.0 124.0 Afire
8932.0 22936.0 340.0 128.0 Third

7632.0 23140.0 500.0 132.0 Victim's
8208.0 23140.0 352.0 128.0 DeMlh
8636.0 23136.0 452.0 132.0 Feared.

7400.0 23648.0 564.0 112.0 Bluefield,
8040.0 23648.0 156.0 96.0 W.
8272.0 23648.0 212.0 100.0 Va.,
8552.0 23644.0 276.0 92.0 June
8896.0 23640.0 124.0 96.0 30
9160.0 23644.0 268.0 96.0 (AP)

7400.0 23820.0 252.0 92.0 Two
7712.0 23844.0 244.0 68.0 men
8020.0 23840.0 280.0 72.0 were
8368.0 23812.0 308.0 96.0 killed
8736.0 23816.0 432.0 112.0 tonight
9236.0 23816.0 200.0 92.0 and

7280.0 23992.0 456.0 92.0 another
7804.0 24016.0 220.0 68.0 was
8084.0 23984.0 520.0 112.0 critically
8664.0 23984.0 424.0 116.0 injured
9160.0 23988.0 284.0 88.0 after

7280.0 24180.0 68.0 68.0 a
7448.0 24156.0 636.0 96.0 locomotive
8184.0 24160.0 116.0 92.0 of
8400.0 24156.0 172.0 92.0 the
8668.0 24152.0 464.0 96.0 Norfolk
9236.0 24156.0 204.0 92.0 anl

7276.0 24328.0 492.0 92.0 Western
7868.0 24332.0 488.0 108.0 Railway
8448.0 24324.0 428.0 96.0 became
8968.0 24328.0 472.0 92.0 derailed

7280.0 24496.0 212.0 92.0 and
7580.0 24500.0 292.0 92.0 then-
7928.0 24496.0 540.0 116.0 exploded,
8556.0 24500.0 396.0 112.0 setting
9040.0 24496.0 208.0 92.0 fire
9340.0 24504.0 108.0 88.0 to

7272.0 24692.0 68.0 68.0 a
7420.0 24672.0 408.0 108.0 nearby
7908.0 24672.0 328.0 92.0 house
8320.0 24668.0 204.0 92.0 and
8604.0 24668.0 112.0 96.0 18
8792.0 24692.0 276.0 72.0 cars.

7300.0 24936.0 28.0 32.0 4
7392.0 24836.0 228.0 96.0 The
7716.0 24840.0 392.0 96.0 known
8208.0 24840.0 264.0 92.0 dead
8564.0 24840.0 152.0 92.0 W.
8808.0 24840.0 156.0 92.0 W.
9060.0 24836.0 376.0 104.0 Snead,

7272.0 25012.0 540.0 108.0 engineer,
7972.0 25012.0 216.0 96.0 and
8360.0 25008.0 320.0 96.0 Israel
8844.0 25008.0 596.0 120.0 Mahaffey,

7276.0 25180.0 500.0 96.0 fireman.

7404.0 25348.0 372.0 96.0 James
7956.0 25356.0 268.0 108.0 Ball,
8408.0 25352.0 616.0 108.0 biakeman,
9212.0 25380.0 216.0 68.0 was

7272.0 25516.0 464.0 120.0 brought
7864.0 25524.0 116.0 92.0 to
8104.0 25552.0 64.0 68.0 a
8296.0 25524.0 516.0 96.0 Bluefield
8932.0 25528.0 504.0 112.0 Hospital

7276.0 25692.0 352.0 96.0 where
7732.0 25696.0 500.0 92.0 attaches
8336.0 25696.0 224.0 88.0 said
8660.0 25692.0 164.0 92.0 his
8932.0 25720.0 508.0 88.0 recovery

7276.0 25860.0 280.0 96.0 from
7632.0 25888.0 64.0 68.0 a
7768.0 25864.0 408.0 96.0 broken
8252.0 25868.0 264.0 88.0 back
8592.0 25864.0 204.0 92.0 and
8868.0 25868.0 356.0 112.0 pelvic
9300.0 25868.0 96.0 96.0 In-

7272.0 26032.0 336.0 116.0 juries
7684.0 26036.0 88.0 88.0 is
7844.0 26036.0 528.0 96.0 doubtful.

7392.0 26200.0 348.0 96.0 Cause
7836.0 26208.0 112.0 88.0 of
8040.0 26208.0 184.0 92.0 the
8316.0 26204.0 524.0 116.0 explosion
8944.0 26236.0 224.0 68.0 was
9264.0 26236.0 132.0 68.0 un-

7272.0 26372.0 700.0 96.0 determined.
7396.0 26540.0 344.0 92.0 Oscar
7828.0 26552.0 116.0 88.0 A.
8036.0 26544.0 308.0 112.0 Buff,
8440.0 26576.0 56.0 60.0 a
8592.0 26572.0 176.0 64.0 car
8864.0 26552.0 276.0 112.0 shop
9236.0 26580.0 160.0 64.0 em-

7276.0 26712.0 364.0 112.0 ployee
7704.0 26716.0 116.0 88.0 of
7880.0 26716.0 184.0 92.0 the
8132.0 26716.0 224.0 92.0 Mill
8424.0 26716.0 324.0 92.0 Cieek
8816.0 26720.0 256.0 92.0 Coal
9144.0 26720.0 252.0 96.0 Com-

7276.0 26904.0 308.0 88.0 pany,
7688.0 26884.0 240.0 88.0 who
8028.0 26888.0 564.0 88.0 witnessed
8696.0 26892.0 180.0 84.0 the
8984.0 26892.0 452.0 108.0 mishap,

7276.0 27052.0 224.0 88.0 said
7596.0 27052.0 184.0 92.0 the
7872.0 27056.0 496.0 92.0 accident
8456.0 27056.0 496.0 92.0 occurred
9052.0 27084.0 124.0 64.0 as
9264.0 27060.0 172.0 88.0 the

7272.0 27220.0 284.0 88.0 train
7696.0 27216.0 448.0 116.0 bearing
8280.0 27252.0 64.0 64.0 a
8472.0 27224.0 236.0 112.0 long
8840.0 27228.0 356.0 104.0 string
9332.0 27228.0 104.0 88.0 of

7280.0 27388.0 396.0 108.0 freight
7744.0 27412.0 272.0 80.0 cars,
8084.0 27396.0 660.0 112.0 apptoached
8820.0 27420.0 60.0 64.0 a
7276.0 27392.0 2156.0 268.0 100-foot-high

7672.0 27560.0 368.0 88.0 trestle
8184.0 27580.0 260.0 76.0 near
8576.0 27564.0 616.0 116.0 Maybeury,
9332.0 27564.0 108.0 92.0 21

7272.0 27724.0 308.0 92.0 miles
7644.0 27724.0 284.0 100.0 from
7992.0 27728.0 292.0 108.0 here.

9728.0 4132.0 760.0 372.0 Elder
10588.0 4128.0 1524.0 380.0 Roosevelts
12220.0 4128.0 800.0 372.0 Beam
13120.0 4128.0 276.0 368.0 In
13504.0 4120.0 1772.0 468.0 Background

10052.0 4636.0 384.0 372.0 As
10544.0 4636.0 1572.0 372.0 President's
12216.0 4632.0 1480.0 372.0 Namesake
13792.0 4628.0 872.0 376.0 Takes
14764.0 4624.0 868.0 448.0 Bride;

10540.0 5136.0 888.0 460.0 Newly
11440.0 5140.0 728.0 376.0 weds
12244.0 5140.0 376.0 368.0 To
12712.0 5132.0 512.0 376.0 Sail
13304.0 5132.0 504.0 376.0 For
13884.0 5132.0 1016.0 460.0 Europe
14988.0 5128.0 608.0 456.0 July
15704.0 5148.0 124.0 340.0 1
15872.0 5144.0 160.0 344.0 0

9664.0 5832.0 728.0 120.0 Wilmington,
10476.0 5836.0 260.0 112.0 Del,,
10812.0 5840.0 276.0 100.0 June
11168.0 5836.0 516.0 100.0 30-IAP)

9672.0 6004.0 112.0 96.0 In
9892.0 6040.0 64.0 68.0 a
10056.0 6012.0 552.0 92.0 candle-lit
10716.0 6008.0 352.0 92.0 bower
11168.0 6008.0 112.0 92.0 of
11376.0 6036.0 316.0 88.0 green

9548.0 6176.0 204.0 96.0 and
9884.0 6184.0 348.0 108.0 white,
10360.0 6180.0 564.0 100.0 President
11052.0 6184.0 648.0 92.0 Roosevelt's

9556.0 6348.0 276.0 96.0 third
9932.0 6376.0 192.0 68.0 son
10236.0 6352.0 212.0 96.0 and
10560.0 6348.0 580.0 96.0 namesake
11244.0 6356.0 452.0 92.0 married

9548.0 6520.0 172.0 96.0 the
9792.0 6524.0 488.0 120.0 reigning
10348.0 6528.0 388.0 120.0 beauty
10804.0 6524.0 108.0 92.0 of
10980.0 6524.0 176.0 96.0 the
11224.0 6524.0 136.0 96.0 du
11424.0 6524.0 272.0 96.0 Pont

9552.0 6692.0 236.0 92.0 clan
9868.0 6696.0 352.0 112.0 today.

9668.0 6864.0 252.0 92.0 Rev.
10008.0 6864.0 508.0 92.0 F.ndicott
10604.0 6860.0 520.0 116.0 Peabody,
11200.0 6864.0 232.0 88.0 who
11512.0 6868.0 192.0 88.0 has

9556.0 7032.0 544.0 92.0 officiated
10200.0 7036.0 116.0 92.0 at
10408.0 7036.0 180.0 88.0 the
10684.0 7036.0 528.0 104.0 marriage
11300.0 7032.0 108.0 92.0 of
11496.0 7040.0 208.0 92.0 two

9552.0 7200.0 300.0 92.0 other
9960.0 7200.0 576.0 92.0 Roosevelt
10644.0 7224.0 276.0 84.0 sons,
11036.0 7208.0 668.0 108.0 pronounced

9556.0 7372.0 508.0 92.0 Franklin
10204.0 7380.0 124.0 88.0 D.
10464.0 7372.0 596.0 108.0 Roosevelt,
11184.0 7372.0 180.0 108.0 Jr.,
11492.0 7380.0 212.0 92.0 and

9552.0 7536.0 304.0 96.0 Ethel
9956.0 7544.0 144.0 96.0 du
10212.0 7544.0 276.0 92.0 Pont
10592.0 7568.0 244.0 68.0 man
10936.0 7544.0 208.0 92.0 and
11252.0 7548.0 236.0 88.0 wife
11588.0 7556.0 104.0 84.0 at

9544.0 7708.0 220.0 96.0 4:14
9844.0 7712.0 428.0 92.0 o'clock.

9668.0 7880.0 220.0 96.0 The
10012.0 7880.0 568.0 96.0 President
10700.0 7908.0 212.0 64.0 was
11028.0 7880.0 420.0 116.0 looking
11572.0 7912.0 132.0 68.0 on

9548.0 8052.0 276.0 88.0 from
9924.0 8080.0 64.0 64.0 a
10096.0 8056.0 292.0 88.0 front
10496.0 8076.0 220.0 88.0 pew
10816.0 8056.0 104.0 88.0 in
11024.0 8056.0 176.0 92.0 the
11300.0 8056.0 164.0 92.0 old
11564.0 8060.0 136.0 88.0 du

9548.0 8220.0 272.0 96.0 Pont
9968.0 8220.0 384.0 116.0 family
10500.0 8224.0 324.0 92.0 house
10968.0 8224.0 112.0 88.0 of
11224.0 8224.0 484.0 116.0 worship,

9548.0 8392.0 356.0 92.0 Christ
9988.0 8392.0 464.0 108.0 Church,
10540.0 8396.0 100.0 92.0 In
10732.0 8392.0 284.0 92.0 rural
11100.0 8392.0 608.0 100.0 Christiana

9548.0 8564.0 548.0 92.0 Hundred.
10228.0 8564.0 292.0 92.0 With
10596.0 8564.0 216.0 92.0 him
10884.0 8564.0 100.0 92.0 In
11056.0 8568.0 176.0 88.0 the
11304.0 8568.0 404.0 112.0 packed

9552.0 8728.0 264.0 96.0 little
9884.0 8732.0 484.0 112.0 building
10436.0 8760.0 276.0 64.0 were
10780.0 8760.0 436.0 88.0 persons
11284.0 8736.0 252.0 108.0 high
11608.0 8740.0 104.0 96.0 in

9548.0 8904.0 172.0 92.0 the
9816.0 8904.0 464.0 88.0 nation's
10372.0 8912.0 732.0 104.0 government,
11200.0 8908.0 508.0 120.0 industry,

9548.0 9072.0 200.0 92.0 and
9848.0 9076.0 432.0 112.0 society.

9672.0 9240.0 692.0 112.0 Throughout
10460.0 9248.0 176.0 92.0 the
10708.0 9244.0 304.0 108.0 brief,
11088.0 9248.0 616.0 116.0 single-ring

9560.0 9412.0 564.0 120.0 Episcopal
10204.0 9444.0 564.0 92.0 ceremony
10844.0 9424.0 176.0 88.0 the
11096.0 9424.0 212.0 104.0 tall,
11388.0 9424.0 280.0 96.0 hand-

9556.0 9612.0 288.0 68.0 some
9960.0 9588.0 672.0 116.0 bridegroom
10748.0 9592.0 368.0 92.0 looked
11232.0 9596.0 476.0 116.0 tenderly

9556.0 9760.0 304.0 92.0 down
9920.0 9768.0 112.0 84.0 at
10092.0 9764.0 180.0 88.0 the
10336.0 9760.0 332.0 116.0 lovely
10732.0 9760.0 312.0 96.0 blond
11100.0 9760.0 196.0 112.0 girl
11360.0 9760.0 128.0 112.0 by
11548.0 9764.0 168.0 92.0 his

9556.0 9928.0 244.0 96.0 side.

9676.0 10100.0 424.0 116.0 Kindly,
10240.0 10104.0 860.0 112.0 understanding
11236.0 10104.0 480.0 92.0 smiles

9560.0 10272.0 372.0 116.0 passed
10012.0 10296.0 256.0 68.0 over
10348.0 10272.0 180.0 92.0 the
10604.0 10276.0 300.0 96.0 faces
10976.0 10276.0 112.0 88.0 of
11164.0 10276.0 136.0 92.0 du
11384.0 10272.0 332.0 96.0 Ponts

9556.0 10472.0 132.0 72.0 on
9760.0 10448.0 180.0 92.0 the
10020.0 10444.0 196.0 96.0 left
10292.0 10444.0 224.0 96.0 side
10592.0 10448.0 112.0 92.0 of
10780.0 10448.0 176.0 88.0 the
11024.0 10448.0 400.0 88.0 church
11508.0 10440.0 204.0 96.0 and

9560.0 10588.0 624.0 88.0 Roosevelts
10268.0 10608.0 136.0 68.0 on
10492.0 10588.0 176.0 88.0 the
10752.0 10584.0 316.0 112.0 right,
11148.0 10588.0 304.0 88.0 when
11536.0 10584.0 180.0 88.0 the

9552.0 11024.0 960.0 376.0 Senate
10640.0 11024.0 952.0 368.0 Passes
11720.0 11016.0 1288.0 456.0 Highway
13120.0 11008.0 488.0 368.0 Bill

9752.0 11536.0 616.0 360.0 And
10720.0 11528.0 1520.0 456.0 "Stopgap"
12576.0 11528.0 1192.0 368.0 Measure

9896.0 12032.0 384.0 376.0 To
10344.0 12032.0 1768.0 464.0 Appropriate
12184.0 12024.0 1792.0 456.0 $31,000,000

9592.0 12752.0 288.0 68.0 ru'Uf.
9940.0 12752.0 432.0 60.0 hiitatck
10436.0 12752.0 104.0 56.0 to
10600.0 12748.0 112.0 60.0 th
10836.0 12752.0 440.0 68.0 KsqriaM.

9648.0 12872.0 620.0 112.0 Columbus,
10356.0 12868.0 304.0 112.0 Ohio,
10744.0 12868.0 248.0 116.0 July
11084.0 12868.0 40.0 96.0 1
11276.0 12864.0 396.0 104.0 (Thurs-

9548.0 13036.0 252.0 112.0 day)
10000.0 13032.0 232.0 96.0 The
10392.0 13036.0 392.0 92.0 Senate
10936.0 13032.0 296.0 120.0 early
11388.0 13036.0 316.0 108.0 today-

9536.0 13208.0 372.0 120.0 passed
10032.0 13208.0 188.0 92.0 the
10332.0 13212.0 456.0 104.0 stopgap
10904.0 13204.0 800.0 116.0 appropriation

9556.0 13372.0 168.0 96.0 hill
9804.0 13372.0 132.0 116.0 by
10012.0 13400.0 68.0 64.0 a
10152.0 13376.0 248.0 88.0 vote
10464.0 13372.0 116.0 92.0 of
10652.0 13372.0 112.0 96.0 23
10836.0 13372.0 108.0 92.0 to
11016.0 13372.0 84.0 104.0 4,
11168.0 13368.0 208.0 96.0 and
11456.0 13368.0 256.0 92.0 then

9548.0 13540.0 592.0 112.0 adjourned
10212.0 13540.0 268.0 92.0 until
10544.0 13540.0 496.0 108.0 Monday.
11096.0 13540.0 224.0 88.0 The
11380.0 13564.0 296.0 68.0 meas-

9556.0 13736.0 184.0 64.0 ure
9820.0 13736.0 240.0 68.0 now
10144.0 13736.0 256.0 92.0 goes
10480.0 13716.0 112.0 84.0 to
10672.0 13708.0 180.0 96.0 the
10936.0 13712.0 388.0 88.0 House.

9820.0 13984.0 184.0 100.0 BY
10072.0 13984.0 656.0 96.0 CHARI.KS
10796.0 13984.0 136.0 92.0 M.
10992.0 13984.0 428.0 92.0 DF.AN.

9540.0 14172.0 340.0 60.0 SIT'ltl.
9944.0 14168.0 428.0 60.0 lilrtrT'H
10436.0 14168.0 104.0 56.0 TO
10600.0 14168.0 176.0 60.0 THH
10840.0 14172.0 440.0 64.0 KMjrtllKK.

9660.0 14284.0 616.0 104.0 Columbus,
10336.0 14284.0 308.0 108.0 Ohio,
10700.0 14284.0 280.0 96.0 June
11040.0 14284.0 116.0 96.0 30
11284.0 14284.0 392.0 92.0 Follow-

9552.0 14452.0 176.0 116.0 ing
9804.0 14480.0 64.0 68.0 a
9952.0 14452.0 252.0 116.0 long
10284.0 14452.0 684.0 92.0 Democratic
11052.0 14476.0 396.0 68.0 cauctis
11532.0 14456.0 180.0 84.0 the

9548.0 14624.0 384.0 92.0 Senate
9996.0 14620.0 424.0 112.0 tonight
10496.0 14624.0 376.0 116.0 passed
10940.0 14624.0 176.0 92.0 the
11184.0 14620.0 532.0 104.0 $4,812,000

9548.0 14792.0 808.0 116.0 appropriation
10440.0 14788.0 176.0 96.0 bill
10696.0 14792.0 172.0 92.0 for
10944.0 14788.0 500.0 116.0 highway
11524.0 14788.0 144.0 92.0 im-

9544.0 14968.0 684.0 108.0 provements
10312.0 14956.0 212.0 96.0 and
10612.0 14964.0 516.0 112.0 prepared
11216.0 14964.0 108.0 88.0 to
11408.0 14956.0 296.0 96.0 work

9544.0 15128.0 172.0 92.0 far
9796.0 15132.0 224.0 88.0 Into
10108.0 15128.0 180.0 96.0 the
10376.0 15128.0 308.0 112.0 night
10768.0 15128.0 108.0 92.0 in
10956.0 15152.0 136.0 72.0 an
11176.0 15128.0 336.0 92.0 effort
11596.0 15128.0 112.0 92.0 to

9544.0 15320.0 236.0 96.0 pass
9848.0 15296.0 180.0 96.0 the
10088.0 15300.0 504.0 112.0 stop-gap
10648.0 15296.0 808.0 112.0 appropriation
11524.0 15292.0 180.0 96.0 bill

9544.0 15464.0 564.0 116.0 providing
10208.0 15464.0 596.0 108.0 $31,000,000
10900.0 15464.0 172.0 96.0 for
11168.0 15468.0 180.0 92.0 the
11452.0 15464.0 256.0 92.0 first

9520.0 15640.0 240.0 88.0 nine
9844.0 15636.0 440.0 96.0 months
10364.0 15640.0 116.0 88.0 of
10556.0 15632.0 260.0 112.0 1937,
10896.0 15636.0 172.0 92.0 for
11140.0 15636.0 180.0 88.0 the
11396.0 15656.0 260.0 88.0 oper-

9536.0 15800.0 300.0 112.0 ating
9912.0 15804.0 116.0 92.0 of
10104.0 15800.0 288.0 96.0 state
10468.0 15804.0 728.0 112.0 government.

9652.0 15968.0 488.0 112.0 lacking
10204.0 15968.0 180.0 92.0 the
10448.0 15968.0 116.0 96.0 27
10616.0 15976.0 300.0 84.0 votes
10980.0 15964.0 484.0 120.0 required
11532.0 15968.0 168.0 92.0 for

9540.0 16140.0 632.0 112.0 suspension
10288.0 16140.0 116.0 92.0 of
10524.0 16140.0 176.0 92.0 the
10816.0 16136.0 280.0 92.0 rules
11208.0 16140.0 176.0 92.0 the
11504.0 16140.0 200.0 88.0 "no

9544.0 16332.0 220.0 68.0 new
9824.0 16304.0 360.0 96.0 taxes"
10248.0 16332.0 336.0 92.0 group
10644.0 16308.0 100.0 92.0 In
10808.0 16308.0 176.0 92.0 the
11044.0 16312.0 384.0 88.0 Senate
11488.0 16304.0 208.0 96.0 had

9540.0 16480.0 204.0 88.0 two
9800.0 16480.0 312.0 116.0 plans
10172.0 16476.0 168.0 92.0 for
10392.0 16480.0 612.0 88.0 enactment
11060.0 16480.0 112.0 88.0 of
11228.0 16480.0 176.0 88.0 the
11464.0 16480.0 240.0 112.0 stop

9540.0 16640.0 204.0 88.0 gap
9836.0 16616.0 180.0 88.0 bill
10108.0 16616.0 348.0 88.0 which
10544.0 16620.0 88.0 84.0 is
10720.0 16612.0 428.0 116.0 bitterly
11236.0 16612.0 460.0 116.0 opposed

9540.0 17060.0 1036.0 372.0 Woman
10692.0 17068.0 972.0 360.0 Proves
11788.0 17060.0 584.0 368.0 Star
12480.0 17060.0 1068.0 368.0 Witness

9756.0 17568.0 500.0 364.0 For
10372.0 17568.0 1124.0 368.0 Defense
11616.0 17568.0 280.0 360.0 In
12008.0 17564.0 840.0 368.0 Ballot
12964.0 17564.0 752.0 436.0 Case;

9960.0 18068.0 1008.0 376.0 Battles
11160.0 18076.0 1048.0 368.0 Ironton
12396.0 18072.0 1564.0 360.0 Prosecutor

9668.0 18768.0 176.0 96.0 BV
9904.0 18764.0 700.0 96.0 1IKRBKRT
10668.0 18764.0 120.0 92.0 R.
10848.0 18760.0 724.0 100.0 MKNGERT.

10132.0 18928.0 248.0 76.0 Staff
10436.0 18928.0 708.0 84.0 rorrpupondniO

9532.0 19116.0 344.0 60.0 SprrML
9940.0 19116.0 428.0 60.0 OiaPATI'H
10428.0 19116.0 108.0 56.0 TO
10596.0 19112.0 172.0 56.0 THH
10884.0 19112.0 140.0 68.0 Ngl
11068.0 19116.0 200.0 52.0 IKhl.

9660.0 19232.0 484.0 112.0 Ironton,
10240.0 19236.0 304.0 108.0 Ohio,
10640.0 19232.0 276.0 96.0 June
11016.0 19232.0 116.0 92.0 30
11432.0 19228.0 208.0 92.0 Mis

9540.0 19408.0 552.0 88.0 Elizabeth
10172.0 19400.0 492.0 108.0 Griffith,
10704.0 19404.0 400.0 112.0 comely
11152.0 19400.0 536.0 112.0 politician

9540.0 19580.0 200.0 88.0 and
9808.0 19576.0 312.0 92.0 relief
10176.0 19576.0 448.0 104.0 worker,
10684.0 19572.0 388.0 112.0 proved
11116.0 19576.0 176.0 88.0 the
11332.0 19592.0 320.0 92.0 super-

9544.0 19756.0 224.0 84.0 star
9852.0 19752.0 448.0 88.0 witness
10388.0 19748.0 112.0 88.0 of
10584.0 19744.0 184.0 92.0 the
10848.0 19744.0 436.0 92.0 defense
11376.0 19740.0 320.0 112.0 today

9544.0 19920.0 104.0 92.0 in
9700.0 19920.0 180.0 92.0 the
9936.0 19916.0 580.0 92.0 Lawrence
10568.0 19916.0 420.0 116.0 County
11040.0 19912.0 324.0 96.0 ballot
11420.0 19932.0 276.0 72.0 case.

9540.0 20092.0 204.0 88.0 She
9828.0 20096.0 452.0 96.0 resisted
10368.0 20088.0 256.0 92.0 with
10708.0 20084.0 288.0 96.0 what
11080.0 20088.0 420.0 88.0 seemed
11584.0 20088.0 112.0 88.0 to

9544.0 20264.0 120.0 92.0 be
9744.0 20264.0 404.0 88.0 almost
10240.0 20260.0 524.0 112.0 complete
10856.0 20280.0 428.0 68.0 success
11376.0 20276.0 320.0 92.0 every

9540.0 20436.0 372.0 88.0 attack
9996.0 20432.0 316.0 92.0 made
10400.0 20452.0 272.0 92.0 upon
10752.0 20424.0 192.0 96.0 her
11016.0 20428.0 136.0 112.0 by
11228.0 20424.0 472.0 92.0 Thomas

9544.0 20600.0 116.0 96.0 A.
9748.0 20600.0 400.0 104.0 Burke,
10240.0 20600.0 184.0 112.0 Jr.,
10516.0 20596.0 416.0 116.0 Special
11028.0 20600.0 672.0 92.0 Prosecutor.

9544.0 20772.0 208.0 92.0 For
9828.0 20772.0 360.0 100.0 hours.
10264.0 20772.0 360.0 88.0 Burke
10700.0 20768.0 400.0 96.0 battled
11176.0 20768.0 256.0 92.0 with
11512.0 20764.0 188.0 92.0 her

9544.0 20940.0 204.0 92.0 and
9852.0 20940.0 192.0 96.0 she
10136.0 20940.0 500.0 92.0 returned
10744.0 20940.0 220.0 88.0 oral
11068.0 20940.0 352.0 88.0 thrust
11532.0 20936.0 164.0 88.0 for

9544.0 21112.0 384.0 88.0 thrust.
10096.0 21108.0 96.0 92.0 It
10292.0 21136.0 220.0 60.0 was
10608.0 21132.0 56.0 68.0 a
10768.0 21108.0 196.0 96.0 bad
11072.0 21108.0 352.0 112.0 period
11532.0 21100.0 168.0 92.0 for

9544.0 21280.0 176.0 88.0 the
9808.0 21276.0 376.0 92.0 state's
10280.0 21300.0 240.0 68.0 case
10616.0 21280.0 204.0 88.0 and
10912.0 21276.0 164.0 88.0 for
11168.0 21276.0 176.0 88.0 the
11448.0 21272.0 236.0 88.0 first

9544.0 21448.0 252.0 88.0 time
9936.0 21448.0 184.0 92.0 the
10272.0 21448.0 300.0 88.0 court
10724.0 21468.0 288.0 64.0 room
11164.0 21440.0 528.0 108.0 laughter,

9536.0 21612.0 432.0 108.0 quickly
10104.0 21612.0 672.0 112.0 suppressed,
10912.0 21608.0 532.0 116.0 appeared
11588.0 21612.0 108.0 88.0 to

9532.0 21780.0 412.0 96.0 certain
10032.0 21776.0 560.0 100.0 observers
10676.0 21784.0 112.0 88.0 to
10868.0 21776.0 464.0 100.0 indicate
11420.0 21804.0 232.0 88.0 sym-

9536.0 21948.0 332.0 116.0 pathy
9968.0 21952.0 172.0 88.0 for
10224.0 21952.0 180.0 96.0 the
10496.0 21952.0 484.0 92.0 accused.

9652.0 22112.0 100.0 96.0 It
9864.0 22144.0 228.0 68.0 was
10200.0 22124.0 180.0 88.0 the
10488.0 22124.0 304.0 88.0 court
10892.0 22144.0 288.0 72.0 room
11296.0 22124.0 396.0 112.0 feeling

9536.0 22284.0 232.0 92.0 that
9848.0 22292.0 492.0 92.0 whereas
10416.0 22292.0 304.0 92.0 other
10796.0 22292.0 436.0 96.0 defense
11316.0 22292.0 340.0 116.0 princi

9536.0 22456.0 224.0 112.0 pals
9908.0 22460.0 316.0 96.0 made
10364.0 22488.0 304.0 88.0 sorry
10804.0 22488.0 120.0 68.0 or
11060.0 22464.0 628.0 92.0 indifferent

9540.0 22624.0 544.0 116.0 showings
10136.0 22632.0 176.0 92.0 for
10368.0 22632.0 676.0 108.0 themselves,
11100.0 22636.0 260.0 88.0 Miss
11416.0 22632.0 244.0 96.0 Grif-

9540.0 22800.0 200.0 92.0 fith
9804.0 22792.0 252.0 104.0 held
10124.0 22800.0 192.0 100.0 her
10380.0 22828.0 232.0 72.0 own
10680.0 22800.0 84.0 92.0 if
10828.0 22804.0 184.0 92.0 not
11072.0 22824.0 328.0 72.0 more.

9648.0 22964.0 224.0 100.0 The
9972.0 22976.0 620.0 96.0 courtroom
10716.0 23004.0 224.0 68.0 was
11068.0 22980.0 408.0 116.0 packed
11580.0 23000.0 116.0 68.0 so

9544.0 23408.0 1064.0 380.0 Former
10824.0 23420.0 824.0 372.0 Sailor

9968.0 23924.0 288.0 364.0 In
10456.0 23924.0 1044.0 456.0 Slaying

9652.0 24624.0 640.0 112.0 Inglewood,
10376.0 24624.0 336.0 116.0 Calif.,
10796.0 24628.0 272.0 92.0 June
11148.0 24620.0 116.0 96.0 30
11400.0 24620.0 272.0 100.0 (AP)

9656.0 24796.0 356.0 92.0 Police
10080.0 24796.0 112.0 88.0 of
10252.0 24796.0 176.0 92.0 the
10492.0 24788.0 208.0 96.0 Los
10760.0 24792.0 452.0 108.0 Angeles
11272.0 24788.0 408.0 88.0 central

9528.0 24956.0 328.0 92.0 detail
9924.0 24956.0 232.0 96.0 said
10224.0 24956.0 424.0 112.0 tonight
10712.0 24952.0 244.0 96.0 Mrs.
11020.0 24956.0 352.0 108.0 Jenny
11432.0 24948.0 248.0 92.0 Vise

9528.0 25124.0 212.0 92.0 and
9848.0 25120.0 352.0 96.0 Helen
10312.0 25120.0 324.0 92.0 Diard
10752.0 25120.0 204.0 88.0 had
11064.0 25108.0 616.0 120.0 "positively

9536.0 25284.0 624.0 92.0 Identified"
10264.0 25280.0 400.0 100.0 Luther
10768.0 25284.0 284.0 108.0 Dow,
11152.0 25280.0 116.0 92.0 33
11368.0 25296.0 312.0 96.0 years

9532.0 25448.0 196.0 112.0 old,
9796.0 25452.0 416.0 96.0 former
10272.0 25448.0 348.0 112.0 sailor,
10688.0 25472.0 116.0 64.0 as
10872.0 25448.0 176.0 88.0 the
11112.0 25468.0 248.0 68.0 man
11432.0 25440.0 252.0 108.0 they

9528.0 25636.0 224.0 68.0 saw
9832.0 25612.0 440.0 116.0 playing
10356.0 25616.0 104.0 88.0 in
10540.0 25636.0 64.0 72.0 a
10684.0 25608.0 264.0 116.0 park
11036.0 25608.0 192.0 92.0 last
11320.0 25604.0 320.0 88.0 Satur-

9532.0 25780.0 204.0 112.0 day
9808.0 25780.0 264.0 92.0 with
10148.0 25780.0 300.0 96.0 three
10528.0 25772.0 592.0 112.0 Inglewood
11200.0 25764.0 476.0 96.0 children

9528.0 25948.0 240.0 88.0 who
9848.0 25944.0 280.0 92.0 later
10208.0 25964.0 276.0 68.0 were
10568.0 25940.0 300.0 88.0 slain.

9648.0 26108.0 360.0 92.0 Police
10152.0 26104.0 456.0 116.0 Captain
10752.0 26096.0 404.0 96.0 Hubert
11308.0 26092.0 372.0 92.0 Wallis

9532.0 26272.0 228.0 92.0 said
9884.0 26276.0 184.0 88.0 the
10192.0 26292.0 432.0 76.0 women,
10748.0 26268.0 236.0 88.0 who
11100.0 26264.0 200.0 88.0 live
11420.0 26280.0 260.0 68.0 near

9532.0 26436.0 552.0 96.0 Centinela
10208.0 26436.0 316.0 96.0 Park,
10644.0 26428.0 272.0 88.0 from
11032.0 26424.0 352.0 88.0 where
11500.0 26424.0 176.0 84.0 the

9532.0 26604.0 476.0 96.0 children
10080.0 26596.0 696.0 112.0 disappeared
10848.0 26592.0 192.0 96.0 last
11120.0 26584.0 556.0 108.0 Saturday,

9532.0 26768.0 348.0 92.0 stated
9948.0 26764.0 252.0 108.0 they
10260.0 26784.0 216.0 64.0 saw
10540.0 26756.0 252.0 88.0 Dow
10856.0 26752.0 408.0 116.0 talking
11328.0 26764.0 108.0 76.0 to
11496.0 26748.0 180.0 92.0 the

9536.0 26928.0 264.0 92.0 little
9932.0 26928.0 288.0 108.0 girls,
10352.0 26920.0 520.0 92.0 Madeline
10996.0 26916.0 200.0 88.0 and
11332.0 26912.0 344.0 92.0 Melba

9536.0 27088.0 436.0 92.0 Everett
10140.0 27088.0 208.0 88.0 and
10512.0 27080.0 492.0 92.0 Jeanette
11176.0 27080.0 504.0 108.0 Marjorle

9532.0 27252.0 560.0 108.0 Stephens.

9656.0 27412.0 260.0 92.0 Dow
9992.0 27436.0 216.0 68.0 was
10292.0 27408.0 396.0 92.0 booked
10772.0 27408.0 96.0 96.0 in
10948.0 27404.0 204.0 92.0 Los
11232.0 27408.0 452.0 112.0 Angeles

9536.0 27600.0 128.0 68.0 on
9728.0 27600.0 64.0 68.0 a
9856.0 27576.0 400.0 104.0 charge
10316.0 27572.0 116.0 92.0 of
10484.0 27572.0 536.0 112.0 suspicion
11080.0 27572.0 112.0 88.0 of
11256.0 27572.0 432.0 96.0 murder

9536.0 27736.0 208.0 100.0 and
9812.0 27740.0 468.0 116.0 brought
10340.0 27736.0 284.0 116.0 here,
10684.0 27740.0 348.0 92.0 where
11096.0 27736.0 128.0 96.0 he
11296.0 27760.0 220.0 68.0 was
11584.0 27740.0 108.0 92.0 to

11800.0 5840.0 376.0 116.0 couple
12232.0 5832.0 284.0 100.0 knelt
12580.0 5860.0 136.0 72.0 on
12780.0 5860.0 64.0 72.0 a
12900.0 5832.0 304.0 96.0 white
13252.0 5832.0 300.0 96.0 satin
13616.0 5832.0 340.0 120.0 pillow

11812.0 6012.0 164.0 96.0 for
12028.0 6008.0 260.0 96.0 Rev.
12344.0 6000.0 584.0 120.0 Peobody's
12984.0 6004.0 248.0 92.0 final
13292.0 6000.0 500.0 112.0 blessing.

11924.0 6180.0 344.0 96.0 About
12364.0 6180.0 176.0 92.0 J0O
12620.0 6172.0 528.0 96.0 members
13236.0 6172.0 216.0 92.0 and
13556.0 6168.0 404.0 96.0 friends

11812.0 6360.0 112.0 92.0 of
12008.0 6352.0 180.0 96.0 the
12284.0 6360.0 204.0 88.0 two
12584.0 6344.0 492.0 104.0 families,
13168.0 6340.0 256.0 96.0 both
13524.0 6340.0 436.0 112.0 socially

11816.0 6524.0 596.0 112.0 prominent
12524.0 6516.0 192.0 92.0 but
12828.0 6512.0 288.0 96.0 often
13224.0 6504.0 736.0 116.0 differing

11816.0 6692.0 424.0 116.0 sharply
12304.0 6692.0 100.0 88.0 in
12472.0 6680.0 476.0 120.0 political
13004.0 6676.0 400.0 108.0 beliefs,
13472.0 6700.0 276.0 68.0 were
13808.0 6700.0 116.0 68.0 as-

11820.0 6860.0 448.0 96.0 sembled
12340.0 6856.0 100.0 104.0 In
12500.0 6856.0 368.0 96.0 Christ
12928.0 6848.0 416.0 100.0 Church
13412.0 6848.0 308.0 88.0 when
13788.0 6844.0 172.0 92.0 the

11820.0 7032.0 328.0 96.0 bridal
12216.0 7036.0 308.0 112.0 party
12584.0 7024.0 352.0 108.0 began
12996.0 7020.0 508.0 108.0 arriving.

11924.0 7204.0 400.0 112.0 Among
12396.0 7204.0 180.0 92.0 the
12660.0 7196.0 364.0 112.0 guests
13100.0 7212.0 272.0 72.0 were
13460.0 7184.0 476.0 92.0 Ijunmnt

11808.0 7368.0 204.0 100.0 and
12120.0 7372.0 356.0 92.0 Irenee
12584.0 7376.0 148.0 88.0 du
12840.0 7368.0 292.0 100.0 Pont,
13236.0 7372.0 216.0 84.0 two
13556.0 7356.0 116.0 92.0 of
13768.0 7360.0 176.0 88.0 the

11804.0 7540.0 408.0 92.0 leaders
12300.0 7552.0 108.0 92.0 of
12492.0 7544.0 188.0 92.0 the
12780.0 7532.0 504.0 124.0 powerful
13384.0 7528.0 564.0 92.0 Industrial

11812.0 7712.0 364.0 116.0 family
12304.0 7724.0 108.0 92.0 of
12540.0 7708.0 360.0 96.0 which
13024.0 7704.0 404.0 96.0 Ethel's
13568.0 7704.0 384.0 104.0 father,

11808.0 7884.0 460.0 108.0 Eugene,
12328.0 7892.0 80.0 88.0 is
12464.0 7912.0 60.0 68.0 a
12588.0 7884.0 504.0 96.0 member.

11928.0 8060.0 272.0 92.0 Both
12336.0 8052.0 348.0 116.0 Ethel,
12828.0 8056.0 100.0 88.0 In
13060.0 8048.0 184.0 92.0 her
13376.0 8044.0 316.0 92.0 cloud
13744.0 8044.0 204.0 92.0 like

11808.0 8252.0 300.0 92.0 gown
12176.0 8228.0 108.0 92.0 of
12344.0 8228.0 320.0 92.0 white
12788.0 8224.0 224.0 104.0 ulle,
13072.0 8216.0 392.0 96.0 tucked
13540.0 8216.0 100.0 92.0 In
13704.0 8216.0 244.0 92.0 here

11808.0 8396.0 204.0 96.0 and
12116.0 8400.0 288.0 92.0 there
12504.0 8396.0 268.0 92.0 with
12872.0 8416.0 220.0 68.0 wax
13184.0 8404.0 416.0 92.0 orange
13696.0 8380.0 224.0 96.0 blos-

11808.0 8592.0 312.0 84.0 soms,
12188.0 8568.0 200.0 92.0 and
12460.0 8564.0 548.0 108.0 Franklin,
13068.0 8560.0 492.0 96.0 stalwart
13628.0 8556.0 100.0 92.0 in
13792.0 8556.0 164.0 92.0 his

11808.0 8740.0 308.0 92.0 black
12192.0 8744.0 520.0 108.0 cutaway,
12792.0 8732.0 520.0 116.0 appeared
13392.0 8728.0 284.0 92.0 calm
13748.0 8724.0 200.0 92.0 and

11812.0 8932.0 248.0 96.0 very
12148.0 8912.0 404.0 88.0 serious
12648.0 8908.0 380.0 112.0 during
13112.0 8904.0 180.0 88.0 the
13384.0 8920.0 572.0 88.0 ceremony

11808.0 9080.0 344.0 92.0 which
12244.0 9076.0 524.0 96.0 climaxed
12864.0 9104.0 56.0 72.0 a
13008.0 9092.0 512.0 76.0 romance
13612.0 9064.0 340.0 116.0 begun

11816.0 9260.0 240.0 84.0 four
12124.0 9276.0 308.0 92.0 years
12504.0 9272.0 232.0 84.0 ago.

11928.0 9420.0 740.0 116.0 Immediately
12784.0 9420.0 276.0 92.0 after
13168.0 9416.0 180.0 92.0 the
13472.0 9412.0 480.0 108.0 wedding

11816.0 9596.0 172.0 88.0 the
12064.0 9616.0 348.0 96.0 young
12480.0 9592.0 380.0 112.0 couple
12936.0 9592.0 296.0 100.0 went,
13304.0 9588.0 328.0 108.0 along
13704.0 9584.0 248.0 88.0 with

11816.0 9764.0 172.0 92.0 the
12076.0 9772.0 356.0 104.0 guests
12516.0 9768.0 108.0 88.0 at
12716.0 9760.0 176.0 92.0 the
12968.0 9756.0 436.0 104.0 church,
13488.0 9756.0 112.0 88.0 to
13680.0 9752.0 280.0 92.0 Owls

11812.0 9936.0 292.0 100.0 Nest,
12216.0 9936.0 172.0 88.0 the
12492.0 9932.0 144.0 96.0 du
12748.0 9932.0 268.0 92.0 Pont
13116.0 9932.0 388.0 96.0 estate,
13612.0 9924.0 344.0 92.0 where

11812.0 10100.0 248.0 116.0 they
12152.0 10108.0 344.0 112.0 joined
12596.0 10104.0 324.0 92.0 about
13008.0 10096.0 256.0 104.0 1,000
13356.0 10100.0 368.0 88.0 others
13816.0 10092.0 100.0 92.0 In-

11816.0 10272.0 280.0 96.0 vited
12176.0 10276.0 104.0 88.0 to
12356.0 10272.0 636.0 120.0 participate
13068.0 10272.0 96.0 88.0 In
13244.0 10292.0 60.0 68.0 a
13388.0 10264.0 568.0 112.0 reception.

11932.0 10440.0 220.0 92.0 The
12284.0 10448.0 208.0 88.0 two
12636.0 10440.0 480.0 116.0 pNnned,
13252.0 10440.0 396.0 104.0 during
13732.0 10436.0 224.0 92.0 'the

11812.0 10584.0 476.0 108.0 evening,
12408.0 10592.0 108.0 88.0 to
12636.0 10580.0 212.0 116.0 slip
12960.0 10600.0 296.0 92.0 away
13380.0 10576.0 284.0 92.0 from
13780.0 10576.0 176.0 88.0 the

11816.0 12732.0 140.0 112.0 by
12016.0 12724.0 876.0 96.0 administration
12948.0 12720.0 448.0 96.0 leaders.
13516.0 12720.0 220.0 96.0 The
13804.0 12720.0 172.0 96.0 bill

11832.0 12920.0 216.0 68.0 was
12128.0 12900.0 248.0 92.0 read
12460.0 12896.0 188.0 92.0 the
12732.0 12892.0 376.0 92.0 second
13192.0 12896.0 268.0 88.0 time
13544.0 12888.0 200.0 96.0 and
13836.0 12912.0 108.0 72.0 re-

11832.0 13064.0 344.0 96.0 ferred
12276.0 13068.0 108.0 88.0 to
12480.0 13064.0 192.0 92.0 the
12780.0 13060.0 460.0 96.0 Finance
13344.0 13060.0 636.0 96.0 Committee

11828.0 13232.0 300.0 92.0 when
12216.0 13232.0 172.0 92.0 the
12468.0 13212.0 400.0 108.0 Senate
12944.0 13232.0 404.0 112.0 opened
13444.0 13228.0 176.0 92.0 the
13704.0 13228.0 244.0 92.0 "eve-

11812.0 13404.0 252.0 104.0 ning
12120.0 13400.0 468.0 96.0 session"
12652.0 13412.0 112.0 84.0 at
12832.0 13400.0 108.0 96.0 10
12996.0 13400.0 476.0 92.0 minutes
13528.0 13400.0 276.0 88.0 after
13864.0 13392.0 104.0 96.0 11

11828.0 13568.0 420.0 92.0 o'clock.

11932.0 13748.0 88.0 88.0 A
12084.0 13740.0 672.0 88.0 five-minute
12828.0 13760.0 336.0 68.0 recess
13236.0 13764.0 228.0 64.0 was
13532.0 13736.0 436.0 92.0 ordered

11808.0 13908.0 208.0 92.0 and
12084.0 13912.0 172.0 88.0 the
12324.0 13908.0 476.0 96.0 Finance
12860.0 13908.0 644.0 92.0 Committee
13568.0 13908.0 404.0 92.0 started

11816.0 14104.0 68.0 68.0 a
11996.0 14080.0 440.0 112.0 hearing
12552.0 14104.0 140.0 64.0 on
12816.0 14080.0 172.0 88.0 the
13096.0 14084.0 248.0 108.0 stop
13468.0 14104.0 204.0 88.0 gap
13792.0 14076.0 180.0 92.0 bill

11816.0 14252.0 404.0 116.0 shortly
12284.0 14248.0 368.0 92.0 before
12728.0 14248.0 552.0 116.0 midnight.
13420.0 14248.0 308.0 92.0 After
13796.0 14248.0 180.0 92.0 the

11820.0 14444.0 348.0 68.0 recess
12284.0 14420.0 80.0 92.0 it
12476.0 14444.0 232.0 64.0 was
12828.0 14420.0 448.0 112.0 planned
13408.0 14420.0 112.0 88.0 to
13632.0 14416.0 348.0 92.0 either

11812.0 14592.0 308.0 92.0 make
12180.0 14608.0 128.0 80.0 an
12368.0 14588.0 344.0 100.0 effort
12768.0 14592.0 104.0 92.0 to
12924.0 14588.0 464.0 112.0 suspend
13460.0 14584.0 176.0 96.0 the
13692.0 14588.0 280.0 92.0 rules

11804.0 14784.0 124.0 68.0 or
11984.0 14768.0 108.0 88.0 to
12152.0 14760.0 456.0 108.0 adjourn
12676.0 14760.0 264.0 96.0 until
12996.0 14756.0 56.0 100.0 1
13112.0 14760.0 408.0 96.0 o'clock
13588.0 14756.0 344.0 96.0 Thurs-

11804.0 14932.0 208.0 116.0 day
12104.0 14932.0 500.0 112.0 morning
12692.0 14932.0 292.0 92.0 when
13076.0 14956.0 68.0 68.0 a
13232.0 14948.0 244.0 72.0 new
13564.0 14928.0 404.0 92.0 session

11804.0 15104.0 304.0 92.0 could
12196.0 15100.0 120.0 96.0 be
12392.0 15100.0 416.0 120.0 opened
12892.0 15104.0 196.0 96.0 and
13184.0 15104.0 188.0 88.0 the
13460.0 15092.0 172.0 100.0 bill
13712.0 15096.0 252.0 96.0 read

11808.0 15272.0 176.0 96.0 the
12068.0 15268.0 284.0 96.0 third
12444.0 15276.0 268.0 88.0 time
12800.0 15272.0 440.0 92.0 without
13332.0 15268.0 632.0 116.0 suspension

11800.0 15444.0 116.0 92.0 of
11976.0 15444.0 180.0 92.0 the
12216.0 15444.0 320.0 96.0 rules.

11920.0 15612.0 332.0 96.0 There
12320.0 15636.0 224.0 68.0 was
12608.0 15636.0 140.0 68.0 no
12808.0 15604.0 404.0 100.0 trouble
13288.0 15608.0 108.0 96.0 In
13464.0 15608.0 456.0 112.0 suspend-

11808.0 15788.0 176.0 104.0 ing
12060.0 15784.0 176.0 92.0 the
12320.0 15784.0 284.0 92.0 rules
12692.0 15788.0 108.0 84.0 to
12876.0 15804.0 240.0 96.0 pass
13200.0 15784.0 188.0 88.0 the
13476.0 15780.0 492.0 116.0 highway

11792.0 15952.0 804.0 116.0 appropriation
12672.0 15948.0 208.0 96.0 bill.
12972.0 15952.0 468.0 92.0 Senator
13504.0 15948.0 456.0 92.0 William

11804.0 16092.0 116.0 88.0 R.
12004.0 16092.0 288.0 104.0 Foss,
12368.0 16092.0 136.0 92.0 its
12588.0 16092.0 412.0 100.0 author,
13076.0 16084.0 568.0 112.0 explained
13724.0 16088.0 232.0 88.0 that

11796.0 16252.0 132.0 68.0 an
12016.0 16252.0 636.0 88.0 emergency
12736.0 16232.0 348.0 88.0 clause
13168.0 16244.0 228.0 72.0 was
13476.0 16224.0 484.0 112.0 required

11800.0 16388.0 132.0 68.0 on
12016.0 16372.0 212.0 88.0 this
12304.0 16368.0 796.0 112.0 appropriation
13188.0 16392.0 124.0 64.0 so
13392.0 16388.0 120.0 64.0 as
13592.0 16372.0 176.0 84.0 not
13856.0 16372.0 108.0 80.0 to

11868.0 16600.0 592.0 96.0 Continued
12544.0 16608.0 168.0 84.0 On
12792.0 16604.0 276.0 104.0 Fage
13144.0 16604.0 88.0 104.0 9,
13308.0 16600.0 448.0 92.0 Column
13840.0 16600.0 76.0 92.0 1.

11808.0 18772.0 232.0 96.0 that
12096.0 18792.0 256.0 64.0 even
12420.0 18792.0 64.0 68.0 a
12544.0 18788.0 312.0 88.0 space
12916.0 18764.0 200.0 92.0 had
13180.0 18760.0 112.0 92.0 to
13356.0 18760.0 124.0 92.0 be
13536.0 18756.0 412.0 92.0 cleared

11808.0 18936.0 104.0 88.0 to
12004.0 18936.0 260.0 116.0 keep
12352.0 18936.0 600.0 108.0 spectators
13036.0 18928.0 284.0 88.0 from
13416.0 18920.0 536.0 112.0 crowding

11808.0 19104.0 172.0 88.0 the
12060.0 19108.0 348.0 108.0 Jurors
12496.0 19104.0 108.0 88.0 In
12688.0 19104.0 272.0 88.0 their
13032.0 19096.0 232.0 104.0 box,
13348.0 19100.0 180.0 88.0 the
13596.0 19096.0 348.0 92.0 crowd

11804.0 19272.0 492.0 112.0 enjoying
12432.0 19272.0 296.0 88.0 what
12828.0 19276.0 432.0 80.0 veteran
13404.0 19272.0 548.0 100.0 attorneys

11804.0 19440.0 336.0 92.0 called
12264.0 19440.0 176.0 88.0 the
12560.0 19436.0 232.0 96.0 best
12884.0 19440.0 436.0 84.0 witness
13428.0 19432.0 112.0 96.0 of
13672.0 19436.0 284.0 84.0 their

11804.0 19608.0 280.0 92.0 lives.
12180.0 19612.0 132.0 88.0 At
12376.0 19608.0 188.0 88.0 the
12636.0 19608.0 636.0 96.0 conclusion,
13352.0 19604.0 256.0 88.0 Miss
13668.0 19600.0 240.0 92.0 Grif-

11804.0 19776.0 208.0 96.0 fith
12080.0 19772.0 368.0 96.0 smiled
12532.0 19776.0 208.0 88.0 and
12820.0 19776.0 416.0 88.0 seemed
13320.0 19772.0 112.0 88.0 at
13504.0 19772.0 256.0 100.0 east,
13844.0 19768.0 100.0 84.0 In

11800.0 19948.0 328.0 112.0 sharp
12196.0 19948.0 488.0 92.0 contrast
12756.0 19940.0 104.0 92.0 to
12936.0 19944.0 188.0 92.0 her
13204.0 19940.0 496.0 112.0 previous
13772.0 19964.0 136.0 84.0 ap-

11808.0 20116.0 372.0 108.0 parent
12284.0 20116.0 284.0 84.0 state
12700.0 20112.0 108.0 88.0 of
12932.0 20132.0 708.0 68.0 nervousness
13736.0 20108.0 208.0 92.0 and

11804.0 20276.0 364.0 96.0 alarm.
12300.0 20280.0 100.0 92.0 If
12504.0 20280.0 304.0 88.0 there
12932.0 20276.0 84.0 92.0 is
13152.0 20300.0 140.0 68.0 an
13408.0 20272.0 540.0 112.0 acquittal,

11808.0 20452.0 256.0 92.0 Miss
12116.0 20448.0 460.0 92.0 Griffith
12636.0 20448.0 200.0 92.0 will
12892.0 20448.0 120.0 92.0 be
13068.0 20444.0 520.0 96.0 accorded
13660.0 20464.0 284.0 68.0 more

11804.0 20624.0 324.0 88.0 credit
12196.0 20620.0 264.0 88.0 than
12528.0 20644.0 212.0 92.0 any
12796.0 20620.0 296.0 92.0 other
13156.0 20616.0 344.0 108.0 single
13568.0 20636.0 376.0 92.0 person

11808.0 20792.0 96.0 88.0 in
11996.0 20792.0 176.0 88.0 the
12260.0 20808.0 284.0 84.0 case,
12656.0 20788.0 344.0 88.0 unless
13096.0 20784.0 184.0 88.0 the
13380.0 20788.0 272.0 84.0 state
13740.0 20804.0 204.0 68.0 can

11812.0 20960.0 220.0 88.0 find
12148.0 20956.0 528.0 108.0 anything
12824.0 20956.0 96.0 88.0 in
13068.0 20956.0 196.0 88.0 her
13380.0 20952.0 572.0 108.0 testimony

11808.0 21144.0 272.0 84.0 upon
12152.0 21124.0 344.0 92.0 which
12576.0 21152.0 60.0 64.0 a
12704.0 21120.0 492.0 96.0 different
13276.0 21120.0 360.0 104.0 aspect
13704.0 21136.0 244.0 84.0 may

11804.0 21288.0 120.0 92.0 he
11996.0 21288.0 364.0 120.0 placed
12444.0 21296.0 268.0 88.0 than
12788.0 21316.0 200.0 64.0 was
13064.0 21284.0 448.0 96.0 obvious
13580.0 21288.0 108.0 88.0 to
13764.0 21284.0 180.0 88.0 the

11804.0 21464.0 596.0 88.0 courtroom
12480.0 21460.0 344.0 108.0 today.

11924.0 21628.0 420.0 112.0 Having
12412.0 21628.0 424.0 92.0 worked
12908.0 21648.0 132.0 88.0 up
13108.0 21636.0 112.0 80.0 to
13288.0 21652.0 64.0 64.0 a
13424.0 21624.0 524.0 88.0 dramatic

11800.0 21796.0 416.0 104.0 climax,
12340.0 21800.0 184.0 88.0 the
12636.0 21792.0 416.0 92.0 defense
13172.0 21792.0 352.0 88.0 rested
13636.0 21792.0 304.0 84.0 when

11800.0 21968.0 184.0 88.0 she
12048.0 21964.0 584.0 96.0 concluded
12704.0 21960.0 200.0 96.0 late
12968.0 21968.0 100.0 88.0 in
13140.0 21964.0 188.0 88.0 the
13400.0 21964.0 228.0 112.0 day.
13720.0 21960.0 224.0 92.0 The

11808.0 22140.0 276.0 84.0 state
12188.0 22128.0 712.0 120.0 Immediately
13012.0 22128.0 344.0 112.0 began
13488.0 22124.0 456.0 92.0 rebuttal

11804.0 22304.0 568.0 116.0 testimony
12452.0 22304.0 184.0 92.0 the
12716.0 22304.0 240.0 108.0 high
13028.0 22300.0 304.0 112.0 point
13412.0 22296.0 112.0 92.0 of
13596.0 22300.0 344.0 88.0 which

11804.0 22496.0 216.0 68.0 was
12080.0 22472.0 228.0 92.0 that
12376.0 22472.0 320.0 96.0 Pearl
12756.0 22468.0 324.0 104.0 Pratt,
13144.0 22468.0 424.0 112.0 County
13628.0 22468.0 268.0 88.0 Audi-

11804.0 22612.0 192.0 104.0 tor,
12056.0 22608.0 172.0 92.0 did
12296.0 22616.0 184.0 84.0 not
12544.0 22612.0 260.0 84.0 have
12868.0 22604.0 152.0 92.0 his
13080.0 22624.0 240.0 72.0 arm
13388.0 22604.0 104.0 92.0 In
13548.0 22628.0 60.0 68.0 a
13664.0 22604.0 280.0 108.0 sling

11800.0 22752.0 112.0 84.0 at
11980.0 22744.0 180.0 92.0 the
12224.0 22744.0 452.0 88.0 election
12744.0 22740.0 244.0 92.0 time
13060.0 22764.0 120.0 68.0 as
13260.0 22744.0 132.0 92.0 he
13460.0 22744.0 200.0 88.0 had
13736.0 22740.0 208.0 84.0 tes-

11864.0 22972.0 592.0 92.0 Contlnued
12532.0 22976.0 168.0 84.0 On
12776.0 22972.0 276.0 108.0 Page
13124.0 22972.0 92.0 108.0 t.
13292.0 22972.0 444.0 88.0 Column
13812.0 22968.0 88.0 92.0 1.

11856.0 23424.0 228.0 360.0 Is
12284.0 23416.0 1272.0 368.0 Arrested

11704.0 23920.0 344.0 368.0 Of
12232.0 23920.0 824.0 364.0 Three
13272.0 23916.0 668.0 372.0 Girls

11792.0 24620.0 120.0 96.0 be
11980.0 24620.0 636.0 92.0 confronted
12688.0 24616.0 124.0 112.0 by
12876.0 24616.0 300.0 92.0 Olive
13256.0 24612.0 460.0 112.0 Everett,
13788.0 24612.0 144.0 104.0 11.

11784.0 24792.0 316.0 88.0 sister
12172.0 24784.0 116.0 88.0 of
12368.0 24784.0 520.0 92.0 Madeline
12964.0 24776.0 216.0 96.0 and
13264.0 24776.0 376.0 116.0 Mclba,
13720.0 24780.0 208.0 88.0 and

11792.0 24948.0 128.0 112.0 by
12000.0 24948.0 300.0 92.0 other
12384.0 24964.0 440.0 92.0 persons
12908.0 24944.0 236.0 88.0 who
13228.0 24964.0 224.0 68.0 saw
13528.0 24964.0 64.0 68.0 a
13676.0 24960.0 256.0 72.0 man

11788.0 25108.0 380.0 96.0 known
12248.0 25108.0 252.0 112.0 only
12584.0 25132.0 120.0 64.0 as
12784.0 25104.0 392.0 88.0 "Eddie
13264.0 25104.0 184.0 88.0 the
13532.0 25104.0 400.0 92.0 Sailor"

11788.0 25272.0 292.0 88.0 drive
12172.0 25292.0 304.0 92.0 away
12572.0 25268.0 244.0 92.0 with
12912.0 25272.0 184.0 84.0 the
13196.0 25264.0 436.0 96.0 murder
13724.0 25268.0 168.0 88.0 vic-

11784.0 25436.0 248.0 92.0 tims
12100.0 25444.0 96.0 88.0 in
12268.0 25460.0 136.0 68.0 an
12480.0 25432.0 172.0 88.0 old
12720.0 25428.0 676.0 100.0 automobile.

11896.0 25592.0 344.0 96.0 Police
12352.0 25596.0 240.0 92.0 said
12696.0 25588.0 248.0 96.0 Dow
13060.0 25592.0 216.0 92.0 had
13388.0 25592.0 548.0 96.0 scratches

11784.0 25788.0 132.0 64.0 on
12024.0 25764.0 160.0 88.0 his
12284.0 25760.0 344.0 108.0 chest,
12732.0 25760.0 516.0 104.0 stomach,
13352.0 25760.0 588.0 104.0 shoulders,

11788.0 25936.0 260.0 108.0 hips,
12120.0 25932.0 204.0 92.0 and
12400.0 25956.0 324.0 68.0 arms.
12848.0 25928.0 292.0 112.0 They
13212.0 25928.0 232.0 88.0 said
13520.0 25928.0 132.0 92.0 he
13716.0 25956.0 224.0 64.0 was

11788.0 26104.0 456.0 108.0 wearing
12340.0 26100.0 592.0 108.0 dungarees
13028.0 26096.0 252.0 92.0 that
13376.0 26096.0 204.0 96.0 had
13672.0 26096.0 268.0 96.0 been

11784.0 26272.0 396.0 112.0 freshly
12232.0 26272.0 468.0 100.0 washed,
12752.0 26268.0 200.0 92.0 and
13012.0 26264.0 220.0 96.0 had
13296.0 26292.0 64.0 68.0 a
13416.0 26268.0 484.0 92.0 handker-

11784.0 26440.0 284.0 92.0 chief
12116.0 26440.0 204.0 92.0 and
12384.0 26464.0 68.0 68.0 a
12512.0 26444.0 304.0 88.0 skate
12872.0 26440.0 204.0 112.0 key
13132.0 26440.0 252.0 88.0 that
13444.0 26440.0 500.0 92.0 relatives

11784.0 26612.0 112.0 88.0 of
11980.0 26612.0 176.0 84.0 the
12240.0 26604.0 452.0 96.0 Everett
12776.0 26616.0 368.0 84.0 sisters
13240.0 26608.0 232.0 92.0 said
13560.0 26608.0 380.0 92.0 looked

11788.0 26784.0 260.0 112.0 "Just
12132.0 26776.0 268.0 96.0 like"
12476.0 26808.0 68.0 64.0 a
12616.0 26776.0 780.0 100.0 handkerchief
13460.0 26780.0 204.0 92.0 and
13740.0 26780.0 204.0 116.0 key

11788.0 26956.0 180.0 88.0 the
12040.0 26960.0 204.0 80.0 tots
12320.0 26948.0 248.0 108.0 had,
12640.0 26952.0 196.0 92.0 and
12912.0 26948.0 356.0 92.0 which
13344.0 26948.0 264.0 92.0 have
13676.0 26948.0 264.0 92.0 been

11796.0 27124.0 460.0 104.0 missing.

11900.0 27292.0 452.0 112.0 Captain
12448.0 27292.0 364.0 92.0 Wallis
12852.0 27288.0 224.0 96.0 said
13124.0 27292.0 264.0 88.0 Dow
13424.0 27288.0 524.0 96.0 admitted

11792.0 27468.0 416.0 100.0 serving
12336.0 27488.0 356.0 84.0 prison
12816.0 27476.0 568.0 76.0 sentences
13496.0 27464.0 112.0 84.0 at
13728.0 27460.0 216.0 92.0 San

11856.0 27732.0 548.0 96.0 C'oninued
12492.0 27736.0 168.0 92.0 On
12736.0 27732.0 280.0 116.0 Page
13104.0 27736.0 96.0 116.0 2,
13280.0 27732.0 444.0 100.0 Column
13808.0 27736.0 88.0 92.0 4.

14052.0 5832.0 848.0 120.0 merry-making
15032.0 5832.0 396.0 112.0 throng
15560.0 5824.0 208.0 100.0 and
15904.0 5820.0 304.0 116.0 begin

14052.0 6004.0 288.0 96.0 their
14444.0 6004.0 700.0 112.0 honeymoon.
15280.0 6004.0 160.0 92.0 On
15544.0 5992.0 252.0 128.0 July
15900.0 5988.0 140.0 116.0 10,
16136.0 5992.0 76.0 92.0 it

14060.0 6200.0 224.0 68.0 was
14404.0 6172.0 524.0 116.0 reported,
15044.0 6172.0 256.0 112.0 they
15412.0 6164.0 208.0 96.0 will
15736.0 6160.0 200.0 96.0 sail
16052.0 6156.0 164.0 96.0 for

14052.0 6336.0 560.0 120.0 Liverpool
14712.0 6340.0 408.0 92.0 aboard
15220.0 6340.0 180.0 92.0 the
15496.0 6336.0 516.0 112.0 Empress
16104.0 6328.0 116.0 92.0 of

14056.0 6508.0 456.0 100.0 Britain.

14188.0 6676.0 228.0 96.0 The
14520.0 6676.0 680.0 112.0 bridegroom
15296.0 6676.0 332.0 112.0 spoke
15736.0 6672.0 164.0 96.0 his
15992.0 6668.0 224.0 120.0 part

14072.0 6844.0 104.0 96.0 In
14248.0 6852.0 184.0 88.0 the
14496.0 6868.0 572.0 88.0 ceremony
15136.0 6844.0 104.0 96.0 In
15308.0 6872.0 56.0 68.0 a
15432.0 6844.0 292.0 92.0 clear
15792.0 6836.0 432.0 96.0 distinct

14072.0 7016.0 284.0 88.0 tone.
14568.0 7012.0 192.0 92.0 His
14912.0 7016.0 356.0 84.0 words
15420.0 7032.0 276.0 68.0 were
15848.0 7004.0 380.0 112.0 clearly

14072.0 7180.0 432.0 92.0 audible
14628.0 7180.0 308.0 92.0 when
15068.0 7176.0 128.0 92.0 he
15328.0 7172.0 500.0 120.0 repeated
15956.0 7172.0 276.0 92.0 after

14072.0 7348.0 264.0 92.0 Rev.
14428.0 7348.0 524.0 112.0 Feahody,
15040.0 7340.0 168.0 96.0 his
15292.0 7344.0 168.0 96.0 old
15548.0 7336.0 680.0 100.0 headmaster

14072.0 7532.0 116.0 84.0 at
14284.0 7516.0 404.0 92.0 Groton
14788.0 7508.0 420.0 112.0 School,
15304.0 7508.0 168.0 96.0 his
15572.0 7508.0 464.0 116.0 promise
16132.0 7508.0 108.0 88.0 to

14072.0 7684.0 320.0 92.0 "take
14484.0 7684.0 264.0 100.0 thee,
14836.0 7676.0 560.0 96.0 Ethel-to
15476.0 7676.0 280.0 92.0 have
15840.0 7676.0 208.0 96.0 and
16132.0 7676.0 108.0 84.0 to

14076.0 7852.0 248.0 92.0 hold
14436.0 7848.0 272.0 96.0 from
14816.0 7844.0 228.0 92.0 this
15148.0 7844.0 204.0 116.0 day
15460.0 7832.0 508.0 112.0 forward,
16072.0 7836.0 172.0 92.0 for

14072.0 8016.0 360.0 92.0 better
14516.0 8044.0 116.0 68.0 or
14712.0 8016.0 176.0 92.0 for
14972.0 8036.0 372.0 80.0 worse,
15428.0 8008.0 176.0 92.0 for
15692.0 8004.0 348.0 96.0 rlrher
16116.0 8024.0 124.0 68.0 or

14080.0 8184.0 176.0 92.0 for
14388.0 8204.0 404.0 96.0 poorer.
14932.0 8184.0 108.0 88.0 In
15172.0 8176.0 492.0 96.0 sickness
15800.0 8168.0 204.0 96.0 and
16136.0 8164.0 104.0 96.0 In

14076.0 8352.0 408.0 108.0 health,
14560.0 8352.0 108.0 88.0 to
14744.0 8348.0 236.0 96.0 love
15068.0 8344.0 208.0 96.0 and
15352.0 8348.0 112.0 88.0 to
15540.0 8340.0 460.0 108.0 cherish,
16080.0 8336.0 160.0 96.0 till

14080.0 8516.0 332.0 96.0 death
14484.0 8516.0 136.0 96.0 do
14684.0 8536.0 124.0 72.0 us
14888.0 8508.0 332.0 124.0 part."

14204.0 8684.0 168.0 96.0 He
14456.0 8680.0 368.0 100.0 looked
14916.0 8680.0 316.0 92.0 down
15308.0 8676.0 108.0 92.0 at
15500.0 8676.0 196.0 92.0 her
15776.0 8668.0 468.0 116.0 directly,

14076.0 8880.0 128.0 68.0 as
14284.0 8852.0 84.0 92.0 If
14440.0 8856.0 108.0 88.0 to
14616.0 8844.0 616.0 116.0 emphnslr.e
15304.0 8844.0 180.0 92.0 the
15556.0 8836.0 508.0 116.0 sincerity
16128.0 8836.0 116.0 92.0 of

14080.0 9024.0 268.0 96.0 each
14432.0 9016.0 312.0 96.0 word.

14208.0 9188.0 408.0 92.0 Ethel's
14704.0 9184.0 300.0 88.0 voice
15100.0 9200.0 216.0 68.0 was
15412.0 9168.0 792.0 108.0 undlstingulsh-

14080.0 9356.0 244.0 92.0 able
14440.0 9356.0 100.0 88.0 at
14660.0 9352.0 184.0 92.0 the
14968.0 9372.0 244.0 68.0 rear
15324.0 9344.0 112.0 96.0 of
15548.0 9344.0 184.0 92.0 the
15848.0 9336.0 396.0 92.0 church

14092.0 9524.0 308.0 92.0 when
14476.0 9520.0 184.0 92.0 she
14736.0 9516.0 320.0 96.0 made
15132.0 9512.0 176.0 92.0 the
15388.0 9532.0 296.0 68.0 same
15768.0 9500.0 480.0 120.0 promise,

14088.0 9688.0 192.0 96.0 but
14372.0 9688.0 188.0 92.0 she
14648.0 9680.0 372.0 120.0 tipped
15112.0 9656.0 272.0 116.0 back
15476.0 9676.0 196.0 92.0 her
15764.0 9668.0 296.0 112.0 head,
16148.0 9664.0 100.0 96.0 in

14092.0 9856.0 140.0 96.0 Its
14296.0 9852.0 368.0 112.0 dainty
14728.0 9848.0 340.0 96.0 Juliet
15132.0 9868.0 228.0 92.0 cap,
15424.0 9852.0 112.0 88.0 to
15600.0 9840.0 240.0 96.0 look
15916.0 9832.0 336.0 92.0 better

14088.0 10032.0 112.0 84.0 at
14268.0 10024.0 184.0 88.0 the
14520.0 10040.0 240.0 72.0 man
14832.0 10012.0 192.0 96.0 she
15096.0 10012.0 324.0 92.0 loved.

14216.0 10188.0 312.0 92.0 After
14604.0 10184.0 172.0 92.0 the
14856.0 10180.0 580.0 96.0 minister's
15512.0 10172.0 496.0 108.0 blessing,
16084.0 10168.0 176.0 92.0 the

14088.0 10328.0 384.0 108.0 couple
14600.0 10316.0 424.0 96.0 turned.
15228.0 10316.0 260.0 92.0 Miss
15624.0 10308.0 368.0 92.0 Almee
16120.0 10300.0 144.0 96.0 du

14148.0 10560.0 600.0 96.0 Continued
14828.0 10560.0 176.0 88.0 On
15092.0 10552.0 280.0 96.0 1'aie
15448.0 10556.0 84.0 100.0 i,
15608.0 10548.0 448.0 92.0 Column
16128.0 10540.0 84.0 92.0 S.

14304.0 11000.0 968.0 384.0 SECOND
15424.0 10992.0 608.0 376.0 LEAD

14092.0 11788.0 664.0 324.0 Spurs
14848.0 11780.0 728.0 256.0 Arson
15680.0 11768.0 576.0 276.0 Quiz.

14108.0 12496.0 936.0 220.0 Ciiicinnali
15232.0 12508.0 692.0 256.0 Snsped
16100.0 12492.0 160.0 204.0 Is

14328.0 12840.0 396.0 208.0 Held
14904.0 12840.0 172.0 200.0 In
15252.0 12828.0 764.0 264.0 Chicago.

14108.0 13424.0 452.0 164.0 Police
14660.0 13420.0 268.0 156.0 Are
15040.0 13416.0 192.0 160.0 To
15336.0 13412.0 524.0 164.0 Return
15960.0 13412.0 308.0 156.0 Man

14236.0 13660.0 524.0 196.0 Sought
14836.0 13660.0 400.0 156.0 Since
15312.0 13656.0 340.0 160.0 Last
15712.0 13648.0 412.0 172.0 Week

14512.0 13904.0 260.0 156.0 For
14900.0 13892.0 948.0 188.0 Questioning.

14228.0 14404.0 252.0 96.0 Two
14552.0 14404.0 596.0 92.0 detectives
15216.0 14424.0 180.0 68.0 are
15472.0 14400.0 112.0 92.0 to
15660.0 14420.0 132.0 88.0 go
15864.0 14400.0 104.0 88.0 to
16036.0 14388.0 192.0 96.0 Chi-

14092.0 14596.0 276.0 92.0 cago
14424.0 14576.0 316.0 112.0 today
14804.0 14576.0 112.0 92.0 to
14984.0 14572.0 376.0 96.0 retuvrT
15412.0 14580.0 64.0 80.0 a
15536.0 14588.0 252.0 72.0 man
15852.0 14556.0 416.0 96.0 wanted

14088.0 14748.0 108.0 92.0 in
14256.0 14744.0 612.0 96.0 Cincinnati
14936.0 14744.0 172.0 92.0 for
15144.0 14736.0 692.0 120.0 questioning
15892.0 14732.0 96.0 92.0 In
16028.0 14756.0 196.0 64.0 con-

14096.0 14916.0 432.0 92.0 nection
14588.0 14916.0 264.0 96.0 with
14916.0 14912.0 188.0 96.0 the
15164.0 14908.0 364.0 100.0 recent
15592.0 14928.0 300.0 72.0 wave
15948.0 14900.0 112.0 92.0 of
16124.0 14896.0 96.0 96.0 in-

14096.0 15088.0 508.0 112.0 cendiary
14676.0 15084.0 276.0 92.0 fires
15024.0 15076.0 104.0 100.0 In
15200.0 15080.0 216.0 92.0 this
15484.0 15076.0 252.0 112.0 city.

14220.0 15256.0 376.0 96.0 Notice
14660.0 15248.0 496.0 100.0 received
15220.0 15252.0 284.0 96.0 from
15572.0 15244.0 464.0 108.0 Chicago
16096.0 15260.0 136.0 96.0 po-

14084.0 15428.0 200.0 92.0 lice
14344.0 15424.0 572.0 116.0 yesterday
14984.0 15420.0 232.0 100.0 that
15280.0 15412.0 452.0 96.0 Charles
15768.0 15412.0 500.0 100.0 Jackson,

14092.0 15596.0 240.0 96.0 1119
14384.0 15596.0 232.0 92.0 Elm
14672.0 15596.0 396.0 104.0 Street,
15120.0 15584.0 648.0 104.0 Cincinnati,
15820.0 15604.0 212.0 68.0 was
16084.0 15608.0 140.0 68.0 un-

14088.0 15768.0 200.0 96.0 der
14356.0 15768.0 344.0 92.0 arrest
14772.0 15764.0 312.0 96.0 there
15152.0 15756.0 408.0 120.0 opened
15632.0 15756.0 180.0 92.0 the
15880.0 15752.0 384.0 92.0 second

14092.0 15936.0 356.0 116.0 major
14500.0 15932.0 744.0 116.0 development
15316.0 15936.0 100.0 92.0 In
15480.0 15932.0 304.0 88.0 three
15840.0 15924.0 256.0 108.0 dayg
16156.0 15916.0 108.0 96.0 In

14088.0 16112.0 188.0 92.0 the
14356.0 16104.0 664.0 116.0 widespread
15104.0 16128.0 320.0 72.0 arson
15508.0 16092.0 756.0 112.0 Investigation

14080.0 16276.0 320.0 112.0 being
14556.0 16272.0 644.0 120.0 prosecuted
15364.0 16268.0 136.0 112.0 by
15660.0 16264.0 600.0 96.0 Cincinnati

14084.0 16448.0 336.0 112.0 police
14488.0 16444.0 204.0 92.0 and
14768.0 16448.0 212.0 88.0 fire
15048.0 16440.0 508.0 92.0 officials.

14200.0 16616.0 224.0 92.0 The
14532.0 16616.0 248.0 96.0 first
14892.0 16612.0 756.0 112.0 development
15756.0 16632.0 212.0 68.0 was
16072.0 16600.0 184.0 92.0 the

14076.0 16800.0 340.0 80.0 arrest
14508.0 16784.0 116.0 88.0 of
14708.0 16784.0 464.0 88.0 another
15248.0 16780.0 468.0 112.0 suspect,
15796.0 16772.0 460.0 96.0 Thomas

14084.0 16952.0 316.0 108.0 King,
14512.0 16948.0 108.0 92.0 25
14724.0 16972.0 324.0 96.0 years
15156.0 16940.0 196.0 116.0 old,
15468.0 16940.0 236.0 96.0 1017
15816.0 16936.0 440.0 112.0 Findlay

14076.0 17120.0 384.0 100.0 Street,
14524.0 17116.0 500.0 112.0 Monday.
15144.0 17112.0 316.0 108.0 King,
15520.0 17104.0 540.0 96.0 described
16128.0 17108.0 132.0 112.0 by

14080.0 17288.0 336.0 112.0 police
14512.0 17284.0 208.0 92.0 and
14824.0 17280.0 472.0 116.0 hospital
15396.0 17276.0 636.0 96.0 authorities
16128.0 17300.0 128.0 64.0 as

14076.0 17452.0 516.0 112.0 mentally
14648.0 17448.0 664.0 108.0 subnormal,
15376.0 17444.0 556.0 96.0 confessed
16004.0 17444.0 212.0 88.0 hav-

14080.0 17620.0 184.0 112.0 ing
14376.0 17620.0 408.0 92.0 started
14904.0 17616.0 412.0 96.0 several
15436.0 17616.0 120.0 92.0 of
15672.0 17616.0 176.0 88.0 the
15956.0 17628.0 300.0 72.0 more

14068.0 17792.0 272.0 92.0 than
14396.0 17788.0 112.0 92.0 20
14568.0 17784.0 628.0 112.0 Incendiary
15252.0 17784.0 264.0 88.0 fires
15580.0 17780.0 336.0 92.0 which
15976.0 17776.0 276.0 96.0 have

14072.0 17956.0 452.0 92.0 claimed
14612.0 17952.0 420.0 92.0 several
15124.0 17952.0 288.0 100.0 Uvea,
15488.0 17952.0 192.0 92.0 but
15764.0 17952.0 260.0 84.0 later
16100.0 17968.0 120.0 72.0 re-

14076.0 18124.0 508.0 116.0 pudiated
14676.0 18124.0 176.0 92.0 his
14940.0 18120.0 652.0 92.0 confession.

14196.0 18292.0 356.0 88.0 Police
14692.0 18284.0 504.0 120.0 reported
15308.0 18284.0 572.0 116.0 yesterday
16012.0 18280.0 240.0 92.0 that

14076.0 18464.0 256.0 108.0 they
14436.0 18460.0 200.0 92.0 had
14752.0 18456.0 268.0 92.0 been
15124.0 18456.0 452.0 108.0 seeking
15676.0 18456.0 112.0 88.0 to
15888.0 18472.0 328.0 92.0 appre-

14072.0 18624.0 280.0 92.0 hend
14424.0 18624.0 480.0 96.0 Jackson
14980.0 18624.0 168.0 92.0 for
15208.0 18620.0 688.0 116.0 questioning
15956.0 18616.0 296.0 92.0 since

14068.0 18788.0 416.0 92.0 several
14556.0 18788.0 268.0 112.0 dayg
14904.0 18788.0 368.0 96.0 before
15348.0 18784.0 300.0 112.0 King
15720.0 18776.0 528.0 120.0 appeared

14068.0 18984.0 124.0 68.0 as
14280.0 18960.0 176.0 88.0 the
14540.0 18956.0 208.0 92.0 self
14796.0 18952.0 524.0 92.0 admitted
15404.0 18948.0 396.0 120.0 culprit
15884.0 18952.0 96.0 92.0 in
16068.0 18948.0 180.0 92.0 the

14072.0 19148.0 276.0 72.0 case,

14196.0 19292.0 468.0 88.0 Officers
14732.0 19288.0 436.0 92.0 learned
15232.0 19288.0 236.0 92.0 that
15532.0 19284.0 464.0 92.0 Jackson
16064.0 19280.0 188.0 92.0 left

14068.0 19460.0 612.0 92.0 Cincinnati
14808.0 19456.0 212.0 92.0 last
15132.0 19456.0 600.0 108.0 Thursday,
15844.0 19452.0 408.0 92.0 several

14072.0 19632.0 328.0 88.0 hours
14544.0 19632.0 296.0 92.0 after
14992.0 19648.0 132.0 68.0 an
15276.0 19624.0 628.0 112.0 Incendiary
16044.0 19624.0 212.0 88.0 fire

14072.0 19800.0 464.0 108.0 ravaged
14644.0 19828.0 64.0 64.0 a
14816.0 19800.0 484.0 108.0 building
15404.0 19800.0 116.0 88.0 at
15628.0 19792.0 228.0 96.0 1716
15956.0 19796.0 300.0 88.0 Race

14068.0 19972.0 384.0 108.0 Street,
14548.0 19972.0 188.0 88.0 the
14836.0 19968.0 292.0 92.0 third
15228.0 19964.0 624.0 112.0 incendiary
15952.0 19960.0 300.0 96.0 blaze

14072.0 20144.0 500.0 88.0 recorded
14640.0 20144.0 244.0 88.0 that
14948.0 20140.0 232.0 112.0 day.
15268.0 20140.0 224.0 88.0 The
15552.0 20144.0 360.0 84.0 others
15972.0 20160.0 280.0 68.0 were

14068.0 20312.0 116.0 88.0 at
14280.0 20308.0 228.0 92.0 1004
14596.0 20304.0 244.0 96.0 Elm
14944.0 20308.0 344.0 92.0 Street
15384.0 20304.0 216.0 92.0 and
15696.0 20304.0 168.0 92.0 119
15952.0 20304.0 304.0 92.0 West

14068.0 20480.0 340.0 92.0 Ninth
14500.0 20480.0 392.0 96.0 Street.
15048.0 20476.0 480.0 100.0 Jackson
15628.0 20480.0 88.0 84.0 Is
15804.0 20472.0 236.0 92.0 held
16144.0 20476.0 108.0 88.0 in

14068.0 20648.0 496.0 112.0 Chicago,
14624.0 20648.0 192.0 88.0 not
14880.0 20672.0 132.0 64.0 on
15080.0 20672.0 64.0 68.0 a
15200.0 20648.0 400.0 108.0 charge
15664.0 20644.0 584.0 92.0 connected

14072.0 20820.0 256.0 92.0 with
14420.0 20820.0 180.0 88.0 the
14692.0 20820.0 296.0 100.0 fires,
15080.0 20820.0 524.0 104.0 however,
15692.0 20816.0 184.0 92.0 but
15956.0 20840.0 132.0 68.0 on
16188.0 20844.0 64.0 64.0 a

14064.0 20988.0 340.0 108.0 giand
14468.0 20992.0 436.0 108.0 larceny
14964.0 20988.0 396.0 112.0 charge
15424.0 20992.0 256.0 92.0 filed
15748.0 20996.0 120.0 104.0 by
15924.0 20988.0 324.0 92.0 1-ouls

14064.0 21156.0 300.0 104.0 Voss,
14424.0 21160.0 232.0 88.0 who
14704.0 21180.0 356.0 68.0 rooms
15100.0 21164.0 108.0 84.0 at
15268.0 21160.0 236.0 92.0 1119
15568.0 21160.0 232.0 96.0 Elm
15864.0 21160.0 384.0 92.0 Street.

14068.0 21328.0 268.0 88.0 Voss
14448.0 21328.0 464.0 108.0 charges
15032.0 21328.0 236.0 88.0 that
15388.0 21328.0 476.0 92.0 Jackson
15984.0 21324.0 260.0 96.0 took

14068.0 21492.0 232.0 104.0 $120
14368.0 21496.0 272.0 92.0 from
14712.0 21496.0 168.0 88.0 his
14952.0 21496.0 384.0 112.0 pocket
15396.0 21496.0 292.0 92.0 June
15748.0 21496.0 136.0 92.0 23.

14184.0 21664.0 292.0 108.0 Upon
14544.0 21664.0 544.0 112.0 receiving
15148.0 21664.0 288.0 88.0 word
15508.0 21668.0 116.0 88.0 of
15680.0 21664.0 568.0 96.0 Jackson's

14056.0 21836.0 372.0 92.0 arrest,
14516.0 21828.0 560.0 96.0 Detective
15160.0 21828.0 316.0 96.0 Chief
15560.0 21832.0 468.0 96.0 Emmett
16116.0 21836.0 100.0 92.0 D

14056.0 21996.0 408.0 116.0 Kirgan
14584.0 21996.0 512.0 116.0 assigned
15220.0 22000.0 616.0 92.0 Detectives
15948.0 22004.0 292.0 96.0 John

14056.0 22172.0 456.0 88.0 Schmilt
14584.0 22168.0 212.0 96.0 and
14888.0 22172.0 268.0 96.0 Fred
15228.0 22172.0 444.0 120.0 Elfring
15744.0 22176.0 104.0 88.0 to
15920.0 22200.0 132.0 84.0 go
16132.0 22180.0 116.0 84.0 to

14056.0 22336.0 464.0 108.0 Chicago
14600.0 22340.0 336.0 112.0 today
15016.0 22344.0 108.0 88.0 to
15196.0 22344.0 376.0 88.0 return
15660.0 22340.0 212.0 96.0 him
15956.0 22344.0 276.0 92.0 here.

14176.0 22508.0 292.0 116.0 King
14516.0 22532.0 228.0 64.0 was
14808.0 22508.0 240.0 92.0 held
15112.0 22508.0 172.0 92.0 for
15344.0 22512.0 188.0 88.0 the
15596.0 22516.0 328.0 104.0 grand
15988.0 22516.0 252.0 108.0 jury

14048.0 22676.0 568.0 112.0 yesterday
14692.0 22676.0 140.0 112.0 by
14916.0 22676.0 580.0 112.0 Municipal
15572.0 22676.0 344.0 112.0 Judpe
15988.0 22680.0 220.0 92.0 Wit

14056.0 22844.0 248.0 92.0 liam
14384.0 22844.0 120.0 92.0 D.
14592.0 22844.0 612.0 92.0 Alexander
15276.0 22868.0 140.0 68.0 on
15500.0 22872.0 64.0 64.0 a
15648.0 22848.0 388.0 108.0 charge
16120.0 22848.0 124.0 88.0 of

14048.0 23032.0 320.0 72.0 arson
14476.0 23012.0 260.0 92.0 filed
14844.0 23012.0 136.0 116.0 by
15084.0 23012.0 468.0 92.0 Edward
15668.0 23016.0 568.0 112.0 Steinway,

14048.0 23180.0 904.0 116.0 Superintendent
15032.0 23188.0 112.0 88.0 of
15208.0 23184.0 180.0 92.0 the
15468.0 23184.0 244.0 92.0 Fire
15776.0 23184.0 416.0 92.0 Preven-

14048.0 23348.0 220.0 96.0 tion
14352.0 23356.0 456.0 88.0 Bureau.
14952.0 23352.0 376.0 112.0 King's
15404.0 23356.0 284.0 92.0 bond
15768.0 23376.0 216.0 68.0 was
16064.0 23356.0 172.0 88.0 set

14052.0 23528.0 112.0 88.0 at
14232.0 23520.0 344.0 108.0 $5,000.

14188.0 23696.0 304.0 92.0 After
14568.0 23696.0 688.0 112.0 repudiating
15340.0 23696.0 164.0 88.0 his
15588.0 23688.0 640.0 112.0 confession,

14068.0 23860.0 292.0 116.0 King
14460.0 23864.0 216.0 92.0 told
14792.0 23864.0 316.0 88.0 Chief
15212.0 23864.0 420.0 104.0 Kirgan
15744.0 23860.0 232.0 96.0 that
16092.0 23860.0 136.0 92.0 he

14064.0 24028.0 660.0 116.0 "imagined"
14788.0 24036.0 132.0 84.0 he
14984.0 24036.0 160.0 84.0 set
15204.0 24036.0 264.0 88.0 fires
15528.0 24036.0 108.0 84.0 at
15696.0 24024.0 168.0 96.0 119
15924.0 24028.0 288.0 92.0 West

14060.0 24200.0 336.0 92.0 Ninth
14464.0 24200.0 352.0 92.0 Street
14888.0 24204.0 208.0 88.0 and
15164.0 24208.0 104.0 84.0 at
15348.0 24200.0 484.0 88.0 Garfield
15896.0 24196.0 328.0 96.0 Place

14056.0 24376.0 216.0 88.0 and
14372.0 24368.0 292.0 92.0 Race
14772.0 24368.0 380.0 92.0 Street.
15256.0 24364.0 228.0 96.0 The
15588.0 24364.0 312.0 96.0 latter
16008.0 24368.0 212.0 88.0 fire

14056.0 24540.0 256.0 92.0 took
14372.0 24540.0 296.0 112.0 place
14736.0 24536.0 412.0 96.0 several
15204.0 24536.0 364.0 92.0 weeks
15628.0 24560.0 220.0 84.0 ago.

14176.0 24712.0 228.0 88.0 One
14496.0 24728.0 260.0 72.0 man
14856.0 24708.0 204.0 96.0 lost
15212.0 24708.0 164.0 88.0 his
15480.0 24704.0 184.0 92.0 life
15820.0 24700.0 100.0 92.0 in
16024.0 24704.0 188.0 92.0 the

14052.0 24876.0 332.0 92.0 Ninth
14472.0 24872.0 360.0 96.0 Street
14916.0 24880.0 232.0 92.0 fire.
15232.0 24876.0 88.0 88.0 A
15400.0 24876.0 376.0 92.0 month
15852.0 24900.0 204.0 84.0 ago
16144.0 24896.0 68.0 68.0 a

14052.0 25044.0 364.0 96.0 father
14468.0 25044.0 208.0 92.0 and
14752.0 25048.0 168.0 88.0 his
14984.0 25068.0 184.0 68.0 son
15236.0 25044.0 412.0 92.0 burned
15712.0 25048.0 108.0 88.0 to
15876.0 25048.0 324.0 92.0 death

14052.0 25188.0 112.0 88.0 at
14232.0 25176.0 224.0 96.0 1427
14520.0 25184.0 576.0 108.0 Sycamore
15168.0 25184.0 380.0 88.0 Street.

14040.0 25508.0 860.0 284.0 Mercury
14968.0 25504.0 172.0 228.0 Is
15224.0 25508.0 252.0 220.0 To
15544.0 25508.0 408.0 224.0 Rise

14216.0 25844.0 528.0 228.0 From
14816.0 25840.0 592.0 228.0 Below
15468.0 25840.0 744.0 228.0 Normal

14160.0 26380.0 620.0 112.0 Predicting
14852.0 26380.0 180.0 88.0 the
15100.0 26380.0 200.0 88.0 end
15384.0 26380.0 120.0 88.0 of
15576.0 26380.0 176.0 88.0 the
15824.0 26400.0 340.0 72.0 unsea-

14040.0 26552.0 444.0 112.0 sonably
14592.0 26548.0 204.0 92.0 low
14908.0 26556.0 788.0 104.0 temperatures
15800.0 26548.0 108.0 88.0 of
16016.0 26552.0 188.0 84.0 the

14044.0 26720.0 204.0 92.0 last
14312.0 26720.0 104.0 88.0 24
14472.0 26720.0 360.0 104.0 hours,
14900.0 26720.0 152.0 88.0 W.
15108.0 26720.0 108.0 88.0 C.
15280.0 26720.0 648.0 100.0 Devereaux,
15992.0 26740.0 172.0 64.0 me-

14048.0 26884.0 652.0 112.0 teorologist,
14888.0 26888.0 528.0 92.0 forecasts
15608.0 26888.0 204.0 88.0 fair
15992.0 26884.0 216.0 92.0 and

14044.0 27080.0 448.0 68.0 warmer
14596.0 27060.0 176.0 88.0 for
14872.0 27056.0 348.0 104.0 today.
15384.0 27052.0 228.0 92.0 The
15712.0 27076.0 496.0 88.0 mercury

14044.0 27228.0 560.0 112.0 yesterday
14696.0 27236.0 524.0 100.0 averaged
15312.0 27224.0 120.0 100.0 10
15516.0 27228.0 428.0 104.0 degrees
16036.0 27224.0 132.0 92.0 be-

14052.0 27396.0 196.0 92.0 low
14340.0 27396.0 448.0 104.0 normal,
14896.0 27392.0 452.0 108.0 ranging
15456.0 27392.0 276.0 92.0 from
15824.0 27388.0 116.0 96.0 57
16036.0 27396.0 136.0 84.0 de-

14052.0 27588.0 300.0 84.0 grees
14420.0 27564.0 96.0 88.0 In
14592.0 27564.0 184.0 92.0 the
14852.0 27564.0 492.0 112.0 morning
15416.0 27568.0 112.0 88.0 to
15596.0 27560.0 112.0 92.0 72
15772.0 27556.0 104.0 96.0 In
14040.0 27560.0 2168.0 280.0 mid-afternoon.

16400.0 3896.0 1240.0 456.0 ANOTHER
17744.0 3888.0 632.0 464.0 SHIP

16324.0 4764.0 1024.0 272.0 Disabled
17408.0 4772.0 240.0 256.0 In
17704.0 4756.0 756.0 276.0 Battle

16348.0 5484.0 512.0 212.0 While
16976.0 5480.0 496.0 212.0 Third
17588.0 5484.0 148.0 204.0 Is
17860.0 5476.0 604.0 212.0 Forced

16556.0 5828.0 204.0 200.0 To
16836.0 5824.0 460.0 252.0 Flee,
17376.0 5816.0 144.0 208.0 Is
17592.0 5820.0 656.0 264.0 Report.

16348.0 6424.0 456.0 172.0 Soviet
16952.0 6424.0 704.0 204.0 Warships
17816.0 6420.0 304.0 164.0 And
18264.0 6420.0 236.0 168.0 Air

16524.0 6668.0 480.0 160.0 Forces
17176.0 6664.0 264.0 160.0 Are
17588.0 6660.0 724.0 164.0 Mobilized

16620.0 6896.0 192.0 160.0 On
16872.0 6896.0 632.0 164.0 Siberian
17556.0 6892.0 660.0 168.0 Frontier.

16468.0 7400.0 384.0 116.0 Tokyo,
16948.0 7404.0 264.0 112.0 July
17316.0 7400.0 40.0 96.0 1
17496.0 7400.0 656.0 116.0 (Thursday)
18284.0 7396.0 224.0 96.0 Tha

16352.0 7576.0 524.0 116.0 Japanese
17008.0 7572.0 460.0 100.0 Cabinet
17572.0 7564.0 448.0 104.0 decided
18140.0 7568.0 104.0 100.0 In
18360.0 7588.0 148.0 76.0 an

16352.0 7768.0 620.0 88.0 emergency
17036.0 7744.0 412.0 92.0 session
17508.0 7740.0 312.0 116.0 today
17884.0 7740.0 184.0 96.0 the
18128.0 7744.0 344.0 92.0 Russo-

16352.0 7916.0 524.0 108.0 Japanese
17000.0 7912.0 260.0 92.0 rrlsl
17436.0 7912.0 296.0 92.0 could
17868.0 7904.0 136.0 96.0 be
18116.0 7904.0 380.0 100.0 settled

16428.0 8076.0 488.0 116.0 eceably
16988.0 8072.0 260.0 116.0 only
17324.0 8076.0 84.0 96.0 If
17464.0 8076.0 172.0 96.0 the
17708.0 8072.0 364.0 104.0 Soviet
18140.0 8072.0 324.0 96.0 Imme-

16360.0 8240.0 380.0 116.0 diately
16828.0 8236.0 572.0 100.0 withdrew
17472.0 8240.0 128.0 92.0 all
17688.0 8240.0 380.0 96.0 armed
18152.0 8240.0 284.0 96.0 force

16364.0 8400.0 276.0 96.0 from
16780.0 8404.0 524.0 116.0 territory
17444.0 8400.0 448.0 100.0 claimed
18044.0 8400.0 128.0 120.0 by
18312.0 8400.0 192.0 96.0 tha

16356.0 8564.0 1056.0 116.0 Jaiwnese-lnsplred
17536.0 8564.0 300.0 96.0 State
17972.0 8568.0 112.0 96.0 of
18204.0 8564.0 248.0 96.0 Man-

16356.0 8724.0 512.0 100.0 rhoiiktio.
17004.0 8728.0 236.0 104.0 The
17308.0 8728.0 544.0 100.0 combined
17932.0 8732.0 380.0 96.0 armies
18380.0 8728.0 124.0 96.0 of

16360.0 8892.0 344.0 116.0 Japan
16796.0 8896.0 216.0 96.0 and
17116.0 8896.0 788.0 112.0 Munclioiikuo,
18000.0 8896.0 176.0 96.0 the
18260.0 8896.0 208.0 92.0 cab-

16364.0 9052.0 300.0 96.0 inet's
16800.0 9068.0 864.0 88.0 announcement
17812.0 9056.0 272.0 120.0 aald,
18224.0 9084.0 284.0 68.0 were

16368.0 9220.0 504.0 120.0 prepared
17004.0 9220.0 184.0 96.0 for
17316.0 9244.0 196.0 96.0 any
17628.0 9224.0 664.0 116.0 eventuality
18420.0 9220.0 92.0 100.0 If

16376.0 9388.0 304.0 92.0 KiiMi
16812.0 9388.0 520.0 92.0 assumed
17396.0 9412.0 60.0 72.0 a
17516.0 9388.0 448.0 96.0 warlike
18024.0 9388.0 484.0 96.0 altitude.

16496.0 9648.0 372.0 124.0 Tokyo,
16908.0 9652.0 264.0 120.0 July
17212.0 9652.0 48.0 100.0 1
17312.0 9656.0 660.0 120.0 (Thursday)
18112.0 9660.0 272.0 104.0 (API-

16368.0 9820.0 520.0 112.0 Japanese
16956.0 9848.0 672.0 92.0 newspapers
17688.0 9832.0 336.0 116.0 today
18060.0 9828.0 460.0 116.0 charged

16384.0 9988.0 376.0 96.0 Russia
16840.0 9988.0 200.0 96.0 has
17124.0 10020.0 68.0 68.0 a
17272.0 9996.0 244.0 96.0 fleet
17584.0 10000.0 112.0 96.0 of
17776.0 10000.0 128.0 92.0 40
17980.0 10004.0 540.0 112.0 warships,

16384.0 10156.0 324.0 112.0 heavy
16812.0 10164.0 688.0 112.0 contingents
17600.0 10168.0 116.0 100.0 of
17824.0 10164.0 392.0 120.0 troops,
18320.0 10168.0 168.0 92.0 sir-

16384.0 10320.0 380.0 120.0 planes,
16840.0 10332.0 220.0 96.0 and
17140.0 10328.0 320.0 96.0 tanks
17528.0 10332.0 336.0 116.0 ready
17932.0 10332.0 168.0 100.0 for
18168.0 10336.0 360.0 96.0 action

16380.0 10492.0 304.0 120.0 along
16752.0 10496.0 184.0 92.0 the
17004.0 10500.0 348.0 92.0 Amur
17416.0 10500.0 312.0 96.0 River
17792.0 10528.0 148.0 72.0 on
18004.0 10504.0 172.0 92.0 the
18240.0 10504.0 244.0 92.0 Sibe-

16384.0 10660.0 224.0 92.0 rian
16684.0 10660.0 496.0 124.0 frontier,
17260.0 10664.0 336.0 96.0 where
17668.0 10672.0 320.0 92.0 three
18060.0 10672.0 468.0 96.0 Russian

16368.0 10828.0 520.0 108.0 gunhoata
16988.0 10852.0 288.0 76.0 were
17376.0 10832.0 488.0 116.0 reported
17968.0 10836.0 560.0 120.0 yesterday

16368.0 11000.0 112.0 88.0 to
16592.0 10992.0 264.0 96.0 have
16980.0 11000.0 484.0 108.0 engaged
17580.0 11000.0 104.0 96.0 In
17816.0 11000.0 332.0 96.0 battle
18260.0 11004.0 264.0 92.0 with

16376.0 11168.0 528.0 108.0 Japanese
17020.0 11164.0 908.0 100.0 Manchnukuoan
18024.0 11172.0 508.0 116.0 artillery.

16500.0 11336.0 212.0 88.0 One
16796.0 11336.0 484.0 96.0 Russian
17368.0 11336.0 464.0 116.0 gunboat
17920.0 11364.0 220.0 68.0 wss
18212.0 11340.0 320.0 112.0 sunk,

16376.0 11500.0 440.0 96.0 another
16872.0 11500.0 516.0 108.0 disabled,
17440.0 11508.0 196.0 96.0 and
17692.0 11528.0 72.0 68.0 a
17820.0 11504.0 284.0 96.0 third
18164.0 11508.0 364.0 112.0 forced

16380.0 11672.0 112.0 88.0 to
16552.0 11668.0 220.0 132.0 fleei
16836.0 11668.0 552.0 116.0 Japanese
17440.0 11696.0 300.0 92.0 army
17808.0 11676.0 420.0 92.0 advices
18288.0 11676.0 240.0 96.0 said

16388.0 11836.0 96.0 96.0 in
16556.0 11860.0 132.0 68.0 an
16752.0 11840.0 472.0 92.0 account
17296.0 11844.0 108.0 96.0 of
17468.0 11840.0 656.0 120.0 yesterday's
18192.0 11840.0 336.0 100.0 battle

16380.0 12000.0 160.0 96.0 off
16612.0 12004.0 488.0 104.0 Sennufu
17180.0 12008.0 372.0 116.0 Island,
17616.0 12036.0 212.0 68.0 one
17904.0 12016.0 112.0 96.0 of
18084.0 12036.0 60.0 68.0 a
18208.0 12012.0 320.0 96.0 small

16380.0 12192.0 320.0 96.0 group
16752.0 12176.0 468.0 104.0 claimed
17284.0 12176.0 232.0 96.0 both
17576.0 12176.0 132.0 120.0 by
17772.0 12176.0 760.0 100.0 Manchnukuo

16376.0 12336.0 204.0 96.0 and
16632.0 12340.0 128.0 112.0 by
16816.0 12344.0 440.0 92.0 Russia.

16496.0 12504.0 640.0 124.0 Describing
17200.0 12512.0 172.0 92.0 the
17428.0 12512.0 344.0 96.0 Soviet
17848.0 12512.0 372.0 100.0 flotilla
18280.0 12516.0 256.0 100.0 that

16380.0 12672.0 408.0 112.0 figured
16884.0 12680.0 112.0 92.0 In
17096.0 12676.0 188.0 96.0 the
17364.0 12676.0 324.0 100.0 Amur
17776.0 12684.0 336.0 96.0 River
18188.0 12688.0 340.0 112.0 clash,

16384.0 12844.0 172.0 92.0 the
16624.0 12864.0 640.0 96.0 newspaper
17324.0 12844.0 316.0 100.0 Aaahi
17712.0 12852.0 244.0 104.0 said
18024.0 12852.0 168.0 96.0 the
18260.0 12852.0 268.0 100.0 fleet

16380.0 13036.0 212.0 68.0 was
16684.0 13028.0 588.0 104.0 composed
17360.0 13020.0 108.0 96.0 of
17552.0 13016.0 120.0 92.0 40
17768.0 13016.0 428.0 100.0 modern
18300.0 13044.0 228.0 76.0 war

16376.0 13176.0 304.0 96.0 craft.

16592.0 13380.0 276.0 96.0 (Jl'N
16896.0 13380.0 452.0 100.0 BOATS
17424.0 13384.0 276.0 96.0 ARK
17784.0 13384.0 512.0 108.0 HEAVT.

16496.0 13576.0 424.0 100.0 Several
16988.0 13604.0 284.0 72.0 were
17336.0 13584.0 320.0 116.0 heavy
17724.0 13584.0 552.0 116.0 gunboats,
18336.0 13592.0 188.0 96.0 tha

16388.0 13768.0 312.0 88.0 paper
16812.0 13748.0 280.0 116.0 said,
17216.0 13764.0 200.0 96.0 and
17528.0 13752.0 384.0 96.0 others
18020.0 13780.0 264.0 68.0 were
18408.0 13756.0 120.0 100.0 of

16384.0 13908.0 424.0 100.0 shallow
16920.0 13912.0 340.0 100.0 draft.
17412.0 13916.0 132.0 96.0 At
17652.0 13916.0 284.0 96.0 least
18032.0 13920.0 112.0 96.0 10
18244.0 13948.0 284.0 72.0 wera

16384.0 14080.0 220.0 100.0 said
16676.0 14084.0 104.0 92.0 to
16856.0 14080.0 128.0 96.0 he
17064.0 14084.0 760.0 96.0 thousand-ton
17908.0 14084.0 316.0 116.0 boats,
18292.0 14116.0 192.0 68.0 car-

16388.0 14244.0 292.0 120.0 rying
16760.0 14244.0 256.0 100.0 four
17096.0 14252.0 420.0 96.0 4.8-Inch
17596.0 14280.0 316.0 84.0 guns.

16496.0 14416.0 208.0 96.0 The
16804.0 14400.0 680.0 136.0 newspaper'
17524.0 14420.0 324.0 100.0 Nlchi
17948.0 14424.0 296.0 96.0 Nlchl
18348.0 14428.0 132.0 92.0 de-

16380.0 14584.0 340.0 96.0 clared
16820.0 14592.0 488.0 96.0 Russian
17400.0 14596.0 356.0 108.0 troops
17864.0 14592.0 204.0 100.0 had
18156.0 14592.0 324.0 96.0 mobil-

16384.0 14752.0 204.0 100.0 ized
16664.0 14756.0 328.0 116.0 along
17076.0 14760.0 184.0 96.0 the
17336.0 14764.0 260.0 92.0 river
17676.0 14760.0 472.0 100.0 between
18224.0 14768.0 252.0 92.0 Kha-

16372.0 14920.0 472.0 112.0 barovsk,
17008.0 14928.0 436.0 112.0 Siberia,
17588.0 14932.0 220.0 96.0 and
17964.0 14932.0 560.0 116.0 Blagovev

16376.0 15092.0 416.0 112.0 chensk,
16860.0 15100.0 340.0 116.0 ready
17264.0 15100.0 160.0 100.0 for
17480.0 15104.0 400.0 92.0 action.

16492.0 15264.0 328.0 96.0 There
16884.0 15292.0 292.0 72.0 were
17236.0 15268.0 364.0 108.0 300,000
17660.0 15280.0 400.0 112.0 troops,
18124.0 15268.0 348.0 100.0 Includ-

16380.0 15436.0 172.0 112.0 ing
16616.0 15436.0 112.0 96.0 10
16796.0 15440.0 500.0 120.0 Infantry
17360.0 15440.0 516.0 96.0 division!
17940.0 15440.0 200.0 96.0 and
18212.0 15444.0 308.0 96.0 three

16372.0 15608.0 420.0 116.0 cavalry
16864.0 15608.0 544.0 108.0 divisions,
17472.0 15608.0 324.0 100.0 Nlchi
17872.0 15608.0 300.0 104.0 Nlchl
18244.0 15612.0 276.0 116.0 said,

16376.0 15776.0 200.0 92.0 and
16684.0 15776.0 272.0 108.0 1,000
17068.0 15780.0 556.0 116.0 alrplsnes,
17736.0 15784.0 188.0 92.0 600
18024.0 15788.0 492.0 100.0 armored

16376.0 15952.0 328.0 88.0 motor
16772.0 15948.0 420.0 112.0 trucks,
17252.0 15948.0 200.0 96.0 and
17520.0 15948.0 276.0 108.0 1,000
17868.0 15948.0 332.0 100.0 tanks.

16488.0 16116.0 532.0 116.0 Japanese
17132.0 16124.0 336.0 92.0 forces
17568.0 16124.0 240.0 92.0 also
17916.0 16148.0 180.0 72.0 are
18200.0 16120.0 316.0 124.0 being

16376.0 16288.0 636.0 96.0 established
17132.0 16292.0 304.0 120.0 along
17544.0 16296.0 184.0 96.0 the
17848.0 16296.0 272.0 92.0 river
18224.0 16320.0 292.0 92.0 area,

16376.0 16456.0 408.0 96.0 advices
16860.0 16468.0 260.0 92.0 here
17192.0 16464.0 248.0 96.0 said.

16488.0 16628.0 312.0 96.0 Asahl
16888.0 16632.0 492.0 100.0 declared
17456.0 16636.0 172.0 92.0 the
17708.0 16636.0 508.0 96.0 situation
18292.0 16660.0 224.0 68.0 was

16372.0 16796.0 424.0 116.0 fraught
16868.0 16804.0 260.0 92.0 with
17196.0 16828.0 308.0 88.0 grave
17564.0 16808.0 712.0 116.0 possibilities,
18344.0 16812.0 124.0 96.0 be-

16372.0 16996.0 300.0 68.0 cause
16780.0 16972.0 288.0 112.0 huge
17180.0 16980.0 328.0 88.0 forces
17612.0 16984.0 120.0 88.0 of
17844.0 16980.0 344.0 92.0 Soviet
18292.0 16984.0 216.0 92.0 and

16364.0 17136.0 1476.0 116.0 Japanese-Manchoukuoan
18056.0 17148.0 460.0 112.0 fighters

16376.0 17312.0 288.0 96.0 faced
16764.0 17320.0 280.0 92.0 each
17144.0 17320.0 300.0 96.0 other
17528.0 17320.0 336.0 108.0 along
17952.0 17316.0 176.0 96.0 the
18224.0 17324.0 292.0 92.0 river

16360.0 17476.0 352.0 112.0 banks,
16844.0 17480.0 324.0 96.0 while
17292.0 17484.0 164.0 92.0 the
17584.0 17484.0 472.0 96.0 Russian
18188.0 17496.0 320.0 88.0 naval

16372.0 17648.0 276.0 92.0 force
16748.0 17652.0 540.0 120.0 allegedly
17376.0 17652.0 448.0 104.0 loitered
17920.0 17656.0 304.0 112.0 along
18324.0 17664.0 188.0 92.0 the

16368.0 17820.0 320.0 92.0 Amur
16752.0 17824.0 532.0 92.0 Channel.

16604.0 18024.0 244.0 92.0 BIG
16936.0 18024.0 540.0 96.0 BATTLE
17548.0 18032.0 700.0 100.0 POSSIBLE,

16472.0 18220.0 268.0 108.0 This,
16824.0 18224.0 188.0 92.0 the
17100.0 18252.0 608.0 92.0 newspaper
17788.0 18232.0 416.0 116.0 pointed
18288.0 18236.0 220.0 112.0 out,

16372.0 18392.0 320.0 92.0 would
16760.0 18400.0 332.0 88.0 make
17164.0 18396.0 436.0 116.0 possible
17668.0 18428.0 68.0 68.0 a
17808.0 18400.0 284.0 96.0 clash
18156.0 18424.0 132.0 72.0 on
18360.0 18424.0 144.0 72.0 an

16368.0 18568.0 532.0 92.0 extensive
16964.0 18568.0 316.0 100.0 scale.

16472.0 18728.0 652.0 112.0 Dispatches
17216.0 18740.0 256.0 88.0 from
17568.0 18736.0 192.0 92.0 the
17856.0 18760.0 240.0 72.0 area
18184.0 18740.0 328.0 116.0 today

16356.0 18900.0 216.0 96.0 said
16636.0 18900.0 180.0 92.0 the
16884.0 18904.0 468.0 92.0 Russian
17412.0 18908.0 328.0 108.0 Aimy
17808.0 18932.0 208.0 64.0 was
18072.0 18932.0 396.0 68.0 concen-

16360.0 19068.0 392.0 112.0 trating
16848.0 19072.0 288.0 108.0 land,
17228.0 19076.0 296.0 88.0 naval
17608.0 19076.0 220.0 92.0 and
17916.0 19080.0 156.0 88.0 air
18160.0 19080.0 352.0 92.0 forces

16356.0 19244.0 104.0 88.0 at
16540.0 19240.0 608.0 112.0 Boyaikov,
17224.0 19244.0 612.0 96.0 southward
17924.0 19248.0 264.0 96.0 from
18272.0 19248.0 244.0 92.0 Bla-

16356.0 19412.0 760.0 108.0 goveschensk,
17224.0 19412.0 188.0 92.0 and
17524.0 19416.0 256.0 88.0 that
17884.0 19416.0 168.0 88.0 the
18152.0 19412.0 360.0 100.0 forces

16352.0 19588.0 520.0 104.0 appeared
16976.0 19580.0 324.0 116.0 ready
17380.0 19584.0 164.0 92.0 for
17640.0 19584.0 620.0 116.0 retaliatory
18352.0 19592.0 116.0 88.0 at-

16360.0 19748.0 316.0 92.0 tacks.
16464.0 19916.0 208.0 92.0 The
16840.0 19916.0 536.0 116.0 Japanese
17608.0 19920.0 896.0 96.0 Manchoukuoan

16356.0 20084.0 344.0 116.0 troops
16776.0 20088.0 560.0 96.0 mobilized
17408.0 20096.0 104.0 88.0 to
17580.0 20092.0 432.0 96.0 combat
18076.0 20116.0 208.0 92.0 any
18356.0 20096.0 108.0 88.0 in-

16352.0 20260.0 400.0 92.0 cidents
16816.0 20260.0 252.0 92.0 that
17136.0 20260.0 320.0 112.0 might
17516.0 20288.0 360.0 68.0 occur.

16464.0 20424.0 456.0 112.0 Foreign
17000.0 20432.0 320.0 92.0 office
17400.0 20432.0 476.0 92.0 officials
17956.0 20432.0 548.0 112.0 professed

16356.0 20592.0 248.0 116.0 hope
16712.0 20600.0 252.0 96.0 that
17076.0 20600.0 176.0 88.0 the
17352.0 20592.0 480.0 100.0 incident
17932.0 20600.0 332.0 96.0 would
18376.0 20600.0 128.0 92.0 be

16348.0 20764.0 364.0 96.0 setlled
16796.0 20764.0 140.0 120.0 by
17016.0 20768.0 604.0 116.0 diplomatic
17700.0 20788.0 388.0 72.0 means.
18228.0 20768.0 272.0 96.0 (The

16344.0 20928.0 528.0 116.0 Japanese
16992.0 20936.0 724.0 92.0 Amban.oador
17828.0 20940.0 108.0 84.0 to
18044.0 20940.0 456.0 92.0 Moscow

16348.0 21124.0 204.0 72.0 was
16660.0 21104.0 104.0 88.0 In
16876.0 21108.0 528.0 112.0 midnight
17500.0 21104.0 632.0 96.0 conference
18236.0 21108.0 260.0 88.0 with
18624.0 21184.0 16.0 16.0 .

16348.0 21272.0 168.0 92.0 the
16576.0 21276.0 476.0 88.0 Russian
17120.0 21280.0 392.0 108.0 foreign
17580.0 21276.0 412.0 100.0 office.)

16456.0 21444.0 356.0 112.0 Army,
16896.0 21468.0 284.0 88.0 navy
17256.0 21452.0 192.0 88.0 and
17524.0 21444.0 436.0 92.0 cabinet
18028.0 21444.0 468.0 104.0 officers,

16352.0 21608.0 504.0 108.0 however,
16928.0 21640.0 280.0 64.0 were
17272.0 21616.0 92.0 92.0 In
17432.0 21612.0 396.0 108.0 urgent
17896.0 21612.0 288.0 112.0 night
18252.0 21612.0 240.0 104.0 Inns

16340.0 21780.0 664.0 104.0 conference,
17096.0 21780.0 676.0 116.0 presumably
17856.0 21780.0 496.0 120.0 mapping
18436.0 21808.0 56.0 68.0 a

16344.0 21940.0 360.0 68.0 course
16768.0 21920.0 120.0 88.0 of
16952.0 21928.0 380.0 84.0 action.

16464.0 22060.0 720.0 108.0 Newspapers
17280.0 22056.0 504.0 88.0 blazoned
17888.0 22056.0 204.0 100.0 the
18160.0 22056.0 332.0 96.0 Amur

16352.0 22192.0 308.0 88.0 River
16792.0 22192.0 344.0 88.0 battle
17256.0 22192.0 96.0 88.0 in
17472.0 22204.0 320.0 96.0 great
17920.0 22188.0 568.0 108.0 headlines,

16352.0 22328.0 408.0 108.0 placing
16928.0 22320.0 792.0 116.0 responsibility
17880.0 22348.0 268.0 88.0 upon
18304.0 22324.0 184.0 92.0 the

16348.0 22460.0 344.0 88.0 Soviet
16784.0 22456.0 336.0 92.0 force.

16456.0 22588.0 212.0 96.0 The
16828.0 22592.0 536.0 108.0 Japanese
17528.0 22592.0 476.0 96.0 (Domel)
18160.0 22584.0 328.0 96.0 News

16340.0 22720.0 420.0 112.0 Agency
16828.0 22724.0 216.0 92.0 and
17112.0 22744.0 684.0 92.0 newspapers
17860.0 22752.0 260.0 68.0 were
18184.0 22728.0 256.0 92.0 with-

16340.0 22860.0 176.0 84.0 out
16600.0 22856.0 396.0 92.0 details
17092.0 22864.0 120.0 88.0 of
17292.0 22860.0 172.0 92.0 the
17556.0 22860.0 496.0 112.0 reported
18144.0 22860.0 320.0 92.0 Amui

16344.0 22988.0 344.0 108.0 battle,
16764.0 22992.0 200.0 96.0 but
17036.0 22992.0 184.0 92.0 the
17284.0 23016.0 636.0 88.0 newspaper
17980.0 22992.0 324.0 92.0 Asahi
18380.0 22992.0 100.0 92.0 in

16400.0 23216.0 600.0 96.0 Continued
17080.0 23220.0 164.0 92.0 On
17316.0 23220.0 288.0 112.0 Page
17684.0 23228.0 92.0 104.0 S,
17844.0 23220.0 432.0 96.0 Column
18360.0 23224.0 80.0 92.0 7.

16672.0 23684.0 464.0 48.0 IIMMMHIMM
17284.0 23668.0 1196.0 100.0 l(lllMHIIMIIIIIHHI,lll)Q

16872.0 23952.0 340.0 140.0 This
17268.0 23952.0 672.0 176.0 Morning

17320.0 24276.0 136.0 80.0 in

16612.0 24492.0 428.0 160.0 TIIK
17128.0 24496.0 1016.0 204.0 ENyt.'IRKR

18004.0 24944.0 296.0 116.0 Page

16496.0 25112.0 444.0 88.0 Review
17008.0 25112.0 116.0 92.0 of
17184.0 25116.0 300.0 88.0 News
18016.0 25176.0 28.0 36.0 ,
18236.0 25116.0 60.0 92.0 t

16488.0 25280.0 608.0 96.0 Editorials
17524.0 25336.0 36.0 44.0 ,
18236.0 25288.0 60.0 92.0 4

16492.0 25448.0 372.0 96.0 Frank
16924.0 25452.0 136.0 92.0 R.
17124.0 25452.0 260.0 92.0 Kent
18232.0 25456.0 60.0 88.0 4

16488.0 25616.0 416.0 96.0 Walter
16980.0 25616.0 588.0 120.0 I.lppmann
17656.0 25684.0 380.0 40.0 .......
18232.0 25624.0 60.0 92.0 4

16488.0 25784.0 328.0 96.0 Serial
16896.0 25792.0 400.0 92.0 Stories
18112.0 25796.0 172.0 96.0 5-J

16484.0 25956.0 560.0 96.0 Woman's
17112.0 25956.0 272.0 116.0 Tage
18004.0 26024.0 28.0 36.0 ,
18232.0 25964.0 60.0 92.0 7

16484.0 26128.0 432.0 116.0 Society
16976.0 26132.0 308.0 88.0 News
18228.0 26140.0 60.0 88.0 8

16480.0 26304.0 380.0 104.0 Sports
17000.0 26300.0 364.0 112.0 Danny
17436.0 26304.0 404.0 92.0 Diimm
17908.0 26364.0 120.0 32.0 ...
18168.0 26304.0 120.0 96.0 12

16492.0 26464.0 688.0 96.0 Amusement
18168.0 26476.0 116.0 92.0 17

16484.0 26636.0 428.0 92.0 Market
17120.0 26640.0 452.0 92.0 Finance
18160.0 26648.0 116.0 88.0 19

16488.0 26808.0 340.0 88.0 Radio
16900.0 26808.0 568.0 112.0 Programs
18164.0 26820.0 104.0 92.0 21

16480.0 26976.0 344.0 92.0 Death
16908.0 26972.0 428.0 100.0 Notices
18160.0 26992.0 120.0 92.0 5!

16484.0 27140.0 256.0 96.0 Real
16824.0 27148.0 384.0 92.0 F.state
17272.0 27152.0 316.0 92.0 News

16480.0 27316.0 420.0 96.0 Conilra
18164.0 27332.0 120.0 88.0 ?S

16484.0 27492.0 304.0 92.0 News
16864.0 27492.0 120.0 96.0 of
17060.0 27492.0 168.0 96.0 the
17292.0 27496.0 396.0 92.0 Courts
18156.0 27496.0 124.0 92.0 !4

16324.0 27752.0 1784.0 108.0 QtllMMIIMIMtMHIMMMMMMMMtNWHm.
18148.0 27768.0 312.0 100.0 IHW.Q
